3112 4984
346 249 481 302 PANlel
500 249 563 302 balli.
577 252 597 302 Ι.
613 251 695 302 ΤΟΜ.
707 251 738 302 ll.
756 251 855 302 HAER.
870 251 966 304 XXVl.
1170 243 1230 304 199
1301 269 1307 286 ·

155 368 234 454 Quid
254 370 310 434 iam
327 369 403 432 aliud
419 367 558 455 deinceps
572 369 713 454 eloquar?
739 381 790 434 aut
806 371 951 454 manando
969 391 1126 436 coenosam
1148 373 1223 438 banc
1236 387 1377 456 cavatt.

75 471 301 558 disputationem
317 470 472 534 abiiciaml
501 493 566 534 cum
583 483 614 534 et
629 473 717 536 velim
734 483 765 535 et
784 473 873 536 nolim
889 494 946 536 nna
963 473 1078 551 dicere,
1103 496 1138 538 ac
1155 497 1226 559 qua·

71 577 136 638 dam
153 574 270 638 dicendi
288 573 465 638 necessitate
481 573 686 656 constringar,
709 594 746 637 ne
767 574 835 657 quid
852 595 953 638 eorum
971 595 1045 658 quae
1061 577 1162 640 insunt
1178 597 1225 642 re-

71 699 142 740 vera
164 675 367 740 dissimulasse
385 674 505 754 videar,
529 686 560 738 et
583 676 652 738 illud
678 695 784 740 verear
800 688 915 755 mmeu,
946 697 984 740 ne
1006 677 1121 742 illorum
1144 681 1225 744 dete-

70 780 182 842 standis
204 777 322 862 flagitiis
343 776 494 862 patefactis
512 797 684 862 quemquam
705 791 755 842 aut
772 779 899 842 inliciam
915 788 965 842 aut
982 778 1171 860 extimulem,
1195 793 1226 846 et

70 883 105 944 ad
123 882 171 944 illa
190 879 337 943 curiosius
355 877 518 962 indaganda
535 879 615 942 laces
632 879 668 942 iis
683 879 835 943 subiiciam
852 881 901 964 qui
920 881 1098 966 voluptatum
1122 904 1156 946 ac
1174 905 1224 947 cu-

72 983 223 1068 piditatum
241 980 388 1044 illecebris
407 979 599 1043 abducuntur.
647 978 707 1044 Sed
726 982 911 1045 nibilominus
933 982 969 1044 ab
989 981 1131 1047 eiusmodi
1155 985 1223 1049 dae-

70 1085 163 1148 monis
180 1094 248 1146 sata
265 1094 296 1146 et
310 1080 494 1166 improbitate
511 1093 567 1144 tam
581 1102 638 1164 ego
654 1103 738 1166 qnam
755 1096 875 1146 sanotae
891 1095 978 1168 atque
995 1083 1157 1148 catbulioac
1174 1107 1222 1149 ec·

70 1187 177 1250 etesiae
201 1205 270 1268 spes
296 1183 408 1262 omnis,
433 1205 467 1247 ae
485 1183 615 1268 quisquis
638 1183 668 1246 in
687 1185 742 1248 boc
764 1196 895 1248 nostrum
914 1207 986 1270 opus
1002 1186 1153 1265 inciderit,
1177 1187 1221 1250 iu-

70 1301 152 1372 teger
164 1288 384 1370 inviolatusque
402 1295 549 1350 servetur.
586 1282 713 1368 Quodsi
731 1299 849 1350 caetera
866 1307 941 1370 quae
959 1287 996 1352 ab
1014 1287 1071 1352 illis
1087 1287 1222 1352 dicuntur

71 1403 117 1454 aut
134 1391 208 1454 bunt
222 1399 331 1472 quanta
349 1399 436 1465 sunt,
461 1397 548 1470 atque
563 1387 705 1451 eiusmodi
726 1390 822 1472 qualia
840 1390 898 1452 iam
916 1389 1218 1470 commemoravimus,

70 1503 118 1555 aut
134 1493 171 1556 iis
194 1491 283 1554 etiarn
306 1490 417 1554 maiora
432 1490 481 1554 vel
498 1489 612 1554 minora
636 1491 788 1574 complecti
813 1489 951 1567 voluero,
980 1503 1010 1552 et
1031 1491 1066 1553 ad
1089 1492 1219 1576 singulas

72 1615 159 1658 voees
178 1592 299 1657 salubre
323 1592 464 1675 quoddam
482 1592 723 1655 medicamentum
742 1591 822 1656 velut
842 1592 1003 1676 depellendi
1027 1593 1093 1656 mali
1116 1614 1221 1658 caussa

72 1707 269 1782 comparatum
293 1695 452 1758 remedium
475 1693 652 1772 adhibuero,
682 1694 713 1756 in
735 1694 905 1756 immensam
928 1693 1031 1757 molem
1054 1706 1220 1779 susceptum

72 1819 142 1882 opas
164 1805 319 1860 excurret.
364 1792 442 1858 Nam
463 1805 492 1858 et
510 1815 580 1874 nos,
604 1795 765 1874 carissimi,
789 1795 918 1866 inillam
940 1795 1074 1860 haeresin
1094 1797 1220 1860 iucurri-

72 1920 143 1976 mus,
168 1910 200 1961 et
215 1918 256 1960 ex
269 1896 396 1982 ipsomet
408 1917 522 1972 eorum,
547 1897 594 1982 qni
612 1897 686 1960 banc
700 1897 814 1982 proprie
831 1908 861 1960 et
875 1918 914 1960 es
931 1898 1062 1961 instituto
1079 1910 1219 1978 tractant,

72 2021 120 2063 ore
139 2021 174 2064 ac
193 2000 365 2084 magisterio
385 1997 549 2062 didicimus.
593 1999 641 2064 Aa
665 2000 693 2062 id
718 2019 790 2063 vero
812 2009 999 2084 comparatae
1022 1999 1219 2086 dereptaeque

71 2101 281 2166 mulionesnon
302 2101 396 2164 solum
414 2099 578 2164 istiusmodi
595 2101 680 2164 nobis
696 2119 848 2165 sermones
865 2085 1046 2180 iniecerunt,
1070 2103 1122 2166 sed
1137 2104 1219 2166 insu·

72 2223 119 2286 per
133 2203 304 2288 Aegyptiae
320 2201 399 2266 illius
423 2201 552 2287 perditae
575 2223 609 2266 ac
630 2203 826 2288 nequissimae
849 2202 980 2266 mulieris
1000 2203 1111 2281 instar,
1143 2223 1217 2288 qnae
1231 2219 1333 2264 umas.

73 2325 228 2388 eoquorum
248 2303 387 2389 principis
403 2325 482 2368 uxor
500 2314 583 2382 erat,
608 2305 745 2390 petulanti
763 2323 818 2368 uos
838 2315 945 2368 conatu
968 2303 1122 2368 detrahere
1144 2316 1215 2382 tum,

74 2405 268 2470 comburenti
287 2406 380 2470 adbuc
402 2416 498 2472 aetate
515 2426 664 2485 essemus,
690 2426 850 2490 aggressae
864 2417 943 2470 sunt.
989 2401 1099 2470 Verum
1122 2405 1148 2470 is
1170 2406 1218 2489 qui

72 2507 255 2572 sanctissimo
268 2506 395 2592 losepbo
409 2518 469 2571 tum
483 2507 606 2586 adstitit,
626 2508 710 2572 nobis
726 2527 840 2592 quoque
855 2508 957 2585 adluit,
977 2518 1007 2570 et
1020 2506 1096 2570 buno
1109 2508 1215 2593 ipsum,

72 2611 115 2692 qni
133 2611 216 2674 illurn
233 2630 272 2673 eo
287 2609 418 2694 periculo
435 2609 572 2674 liberavit
587 2609 787 2694 implorantes,
812 2609 880 2674 linet
895 2610 1003 2693 indigni
1018 2629 1053 2672 ac
1070 2620 1150 2674 tanto
1166 2611 1215 2674 be·

73 2713 172 2776 nebeio
191 2711 320 2797 impares
337 2731 487 2790 essemus,
511 2712 640 2776 eiusdem
655 2711 835 2796 benignitate
852 2732 886 2775 ac
903 2711 1103 2776 misericordia
1120 2711 1217 2796 perui-

72 2815 165 2878 ciosas
187 2814 302 2878 illarum
329 2835 432 2877 manus
456 2813 630 2898 ellugimus,
654 2833 689 2876 ae
709 2811 895 2878 sanctissimo
918 2814 972 2878 deo
994 2813 1216 2898 gratulatorium

72 2935 188 2978 carnem
210 2915 388 2994 cecinimus,
413 2926 445 2979 ut
460 2915 488 2978 id
509 2933 648 3000 usurpare
671 2917 777 2980 merito
797 2936 966 3000 possemnss
999 2920 1146 2979 Cantemus
1167 2919 1217 2978 do-
1228 2933 1368 2986 sanarat.

71 3022 159 3092 niaco,-
180 3020 309 3097 gloriose
327 3022 400 3078 enain
417 3019 616 3098 magnificatus
631 3029 690 3080 est:
713 3039 812 3099 equum
829 3029 860 3079 et
871 3001 1045 3080 ascensorem
1068 3019 1168 3080 demat
1187 3021 1216 3078 r’n

70 3141 154 3180 aare.
202 3116 310 3203 Neque
327 3119 403 3184 enim
419 3120 554 3184 similiter
569 3131 601 3184 ut
618 3119 666 3184 ille
686 3119 849 3203 patriarcba
868 3120 896 3184 vi
913 3121 1035 3203 quadarn
1052 3119 1218 3182 virtutisne

71 3219 199 3284 institiae
216 3231 354 3300 nostrue,
377 3223 428 3284 sed
448 3223 514 3284 luso
535 3221 571 3284 ad
593 3223 677 3286 deum
701 3221 811 3306 gemitu
829 3222 894 3286 eius
910 3243 1011 3286 sumus
1029 3219 1217 3284 miseratione

70 3322 192 3386 senati.
239 3317 315 3386 Cum
340 3322 426 3386 edam
449 3321 518 3386 mibi
543 3321 728 3407 pestesillae
744 3345 796 3409 per
813 3322 966 3388 ludibrium
988 3319 1214 3405 exprobrarent,

70 3443 101 3486 ae
119 3445 221 3488 seeum
238 3423 363 3487 invicem
379 3424 534 3488 illudentes
551 3424 591 3487 ita
608 3425 815 3508 loquereutnra
840 3422 927 3488 lduuc
942 3425 1077 3487 invenem
1095 3440 1216 3484 servare

70 3545 125 3588 non
143 3525 304 3610 potuimus,
327 3527 379 3590 sed
397 3527 426 3589 iu
443 3525 575 3590 manibus
588 3522 733 3612 Principis
749 3525 844 3611 perire
863 3524 996 3590 sivimus.
1040 3521 1119 3587 Nam
1142 3543 1216 3607 quae

70 3629 160 3690 torma
174 3628 256 3690 iuter
271 3627 337 3691 illas
357 3627 524 3691 liberaliore
541 3639 604 3704 est,
628 3629 813 3713 semetipsam
831 3628 912 3690 volut
927 3645 1023 3689 escam
1042 3637 1129 3708 atque
1154 3623 1217 3688 illa-

71 3730 185 3792 cebram
206 3728 325 3806 obiicit,
350 3739 382 3791 ut
398 3749 471 3813 quos
492 3730 520 3792 in
538 3731 666 3793 lraudem
687 3730 750 3813 ipsa
769 3727 940 3813 pellexerit,
964 3747 1023 3789 non
1046 3744 1097 3789 eos
1121 3725 1216 3810 proili-

70 3850 139 3911 gare
162 3851 198 3893 ae
220 3831 363 3916 perdere,
386 3831 438 3893 sed
457 3830 572 3916 eripere
588 3831 711 3894 dicatur.
756 3829 842 3895 Unde
857 3839 887 3893 et
903 3827 1080 3892 deformibus
1098 3829 1215 3912 elegan-

70 3930 159 3994 b'ores
175 3930 332 3994 identidem
348 3933 529 4017 exprobrare
542 3933 655 3997 solent:
679 3931 744 4016 Ego
758 3953 834 4011 sum,
853 3930 997 4014 inquiunt,
1014 3951 1067 3994 vas
1078 3931 1213 4008 electum,

54 4053 142 4115 equae
158 4054 263 4096 errore
281 4033 498 4098 circumventos
517 4034 674 4098 extradere
691 4055 825 4118 possum,
850 4032 925 4116 quod
946 4041 976 4094 tu
997 4034 1092 4096 lacere
1115 4032 1217 4117 traqui-

71 4135 147 4198 aisti.
195 4132 235 4198 Et
252 4145 336 4198 erant
351 4155 423 4198 sane
438 4157 513 4220 quae
530 4147 589 4200 tum
607 4137 651 4198 bis
667 4136 822 4200 verborum
838 4135 1040 4199 blandimentis
1055 4157 1090 4198 ac
1107 4133 1215 4198 lenoci-

71 4238 124 4300 niis
138 4236 298 4302 utebantur
311 4237 444 4322 eorporis
465 4239 572 4322 quoad
592 4238 768 4322 peccandum
788 4237 981 4301 abutebantur
996 4248 1119 4302 venusta
1138 4255 1217 4297 cum·

71 4339 171 4421 primis
191 4337 310 4423 specie,
334 4340 385 4402 sed
409 4340 507 4402 animo
525 4359 610 4424 quem
634 4339 863 4403 consceleratum
885 4339 1027 4424 gerebant
1049 4336 1125 4401 omni
1148 4336 1216 4398 dae-

69 4441 164 4506 monis
186 4440 364 4526 turpitudine
381 4441 571 4506 deiormatae.
616 4437 677 4506 Sed
697 4439 864 4508 misericors
880 4443 952 4506 deus
973 4441 1007 4504 ab
1028 4439 1140 4502 illarum
1163 4437 1216 4502 im-
