3096 4988
262 220 274 261 Ι

360 317 496 368 rsusau
514 315 577 368 nro.
592 319 612 368 ι.
629 319 709 372 sou.
724 319 756 368 ιι.
775 319 872 370 asoa.
888 297 979 372 xxx.
1181 313 1242 376 289

90 457 144 520 quo
169 435 401 502 oiroumoisionis
428 459 517 501 eruor
539 437 711 503 inhibendus
736 439 855 503 eratin
880 440 1049 504 memoriam
1073 456 1238 510 resonaret.

90 535 189 620 Quare
208 561 280 604 mox
305 550 338 605 nt
355 539 424 604 illud
440 539 550 604 audivit
568 561 603 606 ae
619 541 779 626 praestitit,
810 542 938 608 emedio
956 564 989 608 se
1004 544 1153 610 subduxit.
1197 547 1239 611 hu

90 643 222 727 quisnam
243 642 292 706 ille
315 645 428 708 tuturus
450 652 530 708 esset
548 642 644 708 iulans
663 645 773 730 arripe.
819 643 850 708 ls
867 645 943 712 enim
963 656 1029 710 erat
1046 647 1081 710 de
1098 671 1155 732 quo
1172 671 1238 734 pro-

93 746 177 828 pheta
198 746 312 810 loeutus
328 755 389 809 est:
418 749 461 808 ur
481 749 574 810 uolent
594 769 654 810 esse
676 753 744 828 a'grre
768 750 918 830 rombusn':
950 754 1079 830 punnr'mrr
1096 755 1234 830 paruulus
1246 763 1308 810 ειιι.
1320 765 1372 820 aa

88 861 171 910 aatuo
186 850 338 924 attrahas,
370 851 494 929 etfila'us
508 853 591 912 datus
608 853 752 914 estaoda'a.
789 849 911 935 .Quihus
928 852 1028 916 verbis
1045 851 1166 936 primum
1183 875 1235 917 na-

90 961 145 1014 tum
169 971 275 1015 resera
294 952 446 1036 parvulum
466 951 692 1033 demonstrarit,
722 963 755 1016 nt
771 973 841 1018 vere
861 964 1024 1042 susceptam
1044 953 1079 1018 ah
1096 975 1132 1018 eo
1152 967 1235 1020 natu-

89 1075 148 1118 ram
174 1053 299 1119 hominis
322 1054 511 1139 signiticaret.
557 1052 670 1119 Deinde
693 1056 834 1136 suhieeit,
864 1061 955 1120 Frlrhr
976 1062 1058 1120 datus
1079 1069 1122 1120 est
1142 1059 1231 1134 nodas,

90 1167 121 1220 ut
136 1158 261 1222 enodem
276 1156 322 1221 dei
338 1177 405 1222 esse
424 1156 543 1230 verbum
560 1178 576 1222 e
592 1159 675 1222 coelo
691 1159 857 1244 delapsum,
880 1160 983 1246 deique
999 1160 1087 1224 lilium
1104 1160 1233 1224 deelara-

89 1271 146 1324 tnm
172 1260 357 1340 ostenderet,
389 1271 419 1324 et
440 1260 469 1324 in
487 1269 571 1323 utero
590 1261 736 1344 garritum,
769 1262 970 1348 hominemque
989 1263 1111 1342 laetum,
1142 1263 1181 1326 ita
1201 1274 1233 1328 ut

88 1362 231 1448 duplioem
253 1363 283 1425 in
307 1381 339 1426 se
359 1372 509 1442 naturam,
540 1361 587 1426 dei
603 1362 740 1428 videlieet
756 1363 936 1450 hominisque
954 1366 1134 1444 contineret,
1166 1387 1232 1450 pro-

88 1465 213 1550 indeque
229 1466 314 1528 deum
335 1465 444 1550 pariter
461 1475 547 1548 atque
567 1465 728 1547 hominem,
760 1479 790 1532 et
809 1469 929 1532 enodem
952 1468 1089 1532 divinitus
1107 1467 1231 1532 oblatum

89 1568 178 1632 lilium
193 1589 228 1631 ae
243 1568 393 1653 puerulum
409 1578 519 1632 natum.
551 1565 586 1632 lu
602 1589 659 1652 quo
674 1569 903 1635 eireumoisionis
918 1571 1054 1656 deiueeps
1071 1591 1158 1636 eruor
1173 1582 1232 1636 ste-

88 1671 140 1750 tit,
172 1681 203 1734 ut
223 1671 253 1734 in
272 1671 425 1754 evangelio
444 1671 507 1755 ipse
527 1679 660 1735 testatur.
708 1669 782 1737 Cum
800 1673 876 1737 enim
894 1673 1018 1758 gentiles
1033 1672 1149 1738 videndi
1168 1675 1232 1738 eius

88 1772 235 1838 desiderio
255 1771 466 1851 secessissent,
490 1783 520 1836 et
537 1773 572 1836 ad
589 1770 750 1860 Philippum
768 1776 908 1840 adeuntes
930 1775 1090 1856 dixissent,
1115 1780 1233 1840 Ostende

87 1878 167 1938 modu
185 1881 292 1950 larun,
324 1895 359 1939 ae
377 1872 526 1960 Philippus
548 1877 575 1938 id
597 1875 754 1957 Androne,
784 1877 920 1944 Andreas
942 1875 1060 1943 Christo
1083 1879 1232 1969 retulisset
1330 1922 1333 1932 ι

88 1979 132 2042 his
150 1977 266 2042 verbis:
298 1981 419 2040 Genn‘les
434 1982 545 2060 paritum
560 1983 654 2041 uidere
671 1992 698 2041 te
715 1986 845 2061 eupiunt,
869 1981 1001 2046 dominus
1014 1981 1092 2045 illino
1108 1991 1382 2067 respon-loommi-

87 2081 146 2160 dit,
168 2084 254 2143 Narro
267 2085 396 2162 panonia
410 2083 507 2160 gloriis
524 2083 585 2157 dea}
611 2092 642 2144 nt
659 2083 908 2148 eiroumeisionem
929 2083 1026 2148 earnis
1044 2085 1231 2167 praeteriisse

86 2183 144 2247 iam
171 2183 307 2262 doceret,
337 2191 366 2246 et
393 2183 429 2246 ad
451 2193 561 2247 eertum
585 2194 697 2269 tempus
720 2185 830 2268 figurae
851 2185 1008 2267 serviisse,
1039 2187 1135 2250 earnis
1157 2207 1229 2252 vero

87 2286 267 2372 praeputium
288 2284 431 2372 spirituali
452 2306 486 2349 ae
510 2287 713 2371 praestantiori
739 2288 959 2354 eironmeisione
980 2288 1138 2373 praeditum
1160 2311 1229 2354 enn-

87 2389 221 2476 ternplari
243 2383 393 2453 Christum
415 2388 536 2472 eiusque
558 2389 654 2474 reipsa
676 2401 837 2476 eompotem
861 2391 934 2455 lieri.

172 2491 300 2576 Quodsi
318 2491 393 2556 istud
409 2490 493 2556 nohis
511 2490 664 2556 obiioiaota
697 2489 759 2557 Cur
772 2493 861 2577 igitur
875 2493 1062 2558 eireumeisus
1079 2504 1126 2558 est
1141 2490 1228 2560 Chri·
1277 2509 1335 2578 cap.

85 2595 170 2660 stus?
196 2593 238 2658 ita
255 2615 271 2658 a
290 2593 374 2657 nohis
392 2592 527 2658 audient:
557 2591 725 2658 Iamdudum
742 2596 872 2679 quidem,
904 2617 921 2659 o
941 2595 1072 2662 homines
1090 2597 1226 2683 opinione
1243 2577 1361 2634 mm·

85 2699 160 2763 lalaa
176 2698 271 2776 duoti,
295 2717 428 2761 eaussam
446 2696 529 2761 vohis
547 2717 600 2760 our
615 2708 696 2762 esset
712 2699 899 2763 oireumoisus
916 2700 1105 2764 ostendimus.
1149 2697 1228 2766 Mul-

86 2801 124 2865 tis
142 2801 220 2864 eoim
235 2800 265 2863 id
281 2800 317 2864 de
334 2799 445 2863 eaussis
459 2798 607 2863 sustinuit.
652 2797 800 2880 Primum,
823 2811 854 2864 ut
867 2821 900 2866 se
915 2821 1032 2866 earnem
1047 2823 1081 2866 re
1096 2823 1169 2868 vera
1184 2805 1228 2870 in·

86 2904 185 2968 aluisse
202 2911 396 2982 monstraret,
427 2911 545 2987 proptor
560 2899 764 2967 Manichaeum
784 2913 955 2990 ueteresque
978 2905 1027 2988 qui
1042 2904 1227 2972 similitudine

86 3006 208 3090 quadam
228 3025 263 3068 ao
279 3003 377 3088 speeie
395 3003 535 3068 duntaxat
548 3005 715 3090 apparuisse
729 3006 900 3070 duruerunt.
944 3003 1058 3071 Deinde
1075 3019 1107 3072 ut
1122 3030 1227 3094 eorpus

87 3106 231 3172 divinitati
247 3105 492 3171 consubstantiale
508 3128 565 3171 nou
584 3128 650 3172 esse
668 3108 897 3190 demonstraret,
921 3120 953 3173 ut
968 3109 1146 3196 Apollinaris
1163 3109 1228 3174 exi·

86 3211 195 3290 stimat,
220 3231 274 3274 neo
289 3229 306 3273 e
320 3209 402 3273 eoelo
417 3209 540 3273 delatum
554 3210 582 3274 iu
600 3222 704 3290 terras,
728 3211 775 3295 qui
788 3209 936 3276 Valentini
951 3232 1034 3276 error
1049 3211 1113 3275 luit.
1149 3211 1225 3276 'l'um

86 3323 117 3377 ut
133 3313 218 3378 euius
237 3311 303 3376 olim
322 3311 551 3378 eireumeisionis
569 3324 671 3378 auetor
689 3315 800 3392 luerat,
834 3334 896 3378 eam
914 3315 948 3378 ad
966 3313 1120 3378 adventum
1135 3333 1226 3396 usque

85 3437 167 3480 suum
190 3415 377 3479 observatam
398 3415 489 3483 luisse
510 3416 614 3481 merito
636 3415 854 3501 comprobaret,
885 3427 971 3500 atque
993 3427 1025 3480 ut
1045 3435 1158 3479 omnem
1178 3413 1226 3478 lu·

85 3519 164 3583 daeis
184 3515 406 3582 exeusationem
425 3518 562 3602 eriperet.
607 3517 675 3584 Nisi
692 3519 769 3584 enirn
787 3518 976 3582 oireumeisus
994 3519 1085 3595 leret,
1118 3517 1173 3581 hoe
1190 3519 1225 3581 ad

87 3622 129 3685 sui
146 3619 348 3706 purgationem
363 3619 469 3684 afferre
483 3620 657 3706 potuissent.
700 3619 767 3686 Nos
783 3616 933 3686 Christum
951 3619 1100 3706 praeputio
1114 3619 1226 3704 praedi·

86 3733 143 3786 tum
160 3721 287 3809 probare
302 3721 494 3806 nequivimus.
538 3720 697 3789 Praeterea
714 3744 787 3789 vero
804 3744 868 3788 eum
886 3723 1048 3810 oportebat,
1069 3723 1115 3807 qui
1129 3723 1226 3787 Abra·

88 3823 170 3890 hamo
188 3824 411 3890 circumcidendi
431 3825 475 3889 sui
494 3827 657 3892 mandatum
676 3825 821 3907 ediderat,
851 3837 883 3890 ut
899 3827 935 3890 ad
952 3825 1014 3889 veri
1033 3835 1063 3890 et
1078 3837 1226 3912 aspertum

88 3928 226 4012 lugientis
242 3926 466 3992 adumbrandam
487 3928 642 4013 imaginem
664 3949 805 4014 apparens
827 3928 896 3992 illud
913 3928 1026 4012 signum
1050 3938 1079 3992 et
1096 3939 1227 4016 aspecta-

87 4029 229 4115 hileprae
246 4031 397 4108 aeternat,
420 4041 514 4094 ratum
533 4029 602 4096 illud
619 4052 672 4096 sua
687 4029 906 4096 oireumoisione
924 4031 1031 4094 lauare.
1076 4029 1153 4096 Nam
1172 4053 1226 4096 ex·

88 4143 171 4196 terrm
189 4131 240 4196 illa
257 4131 438 4197 eironmoisio
454 4133 604 4198 Ahraamo
625 4134 663 4198 oh
684 4133 746 4198 eins
764 4133 983 4198 haesitationem
1003 4133 1136 4219 imposita
1158 4133 1222 4212 luit,

87 4255 149 4297 eom
171 4233 219 4298 vir
239 4245 358 4300 sanetus
380 4255 415 4300 ae
435 4235 530 4300 iustus
550 4235 631 4301 velut
653 4235 807 4300 dubitando
830 4234 969 4314 dixisset,
1000 4241 1049 4298 Aa
1067 4240 1225 4298 conuenerat)
1238 4245 1374 4308 tamtam.

86 4339 331 4417 aaseetamfilr'us?
351 4349 381 4399 et
395 4341 486 4400 Sarra
500 4342 554 4399 rum
569 4341 744 4419 onusfilr'um
758 4343 874 4422 parret?
900 4334 1062 4422 Statimque
1078 4337 1220 4416 domiuus,

86 4443 182 4514 Surae,
201 4438 306 4524 inquit,
323 4443 393 4513 mr'dr'
407 4445 670 4508 orrhtemnnrrorum
687 4446 780 4516 mum,
801 4455 830 4504 et
843 4464 967 4535 rpprom,
987 4454 1017 4503 et
1027 4461 1148 4515 verrom,
1168 4451 1220 4502 etr.

86 4545 208 4624 Cumque
226 4545 272 4604 rol
288 4543 469 4620 moratores,
493 4565 555 4608 eum
574 4547 712 4627 lampades
729 4549 804 4625 ι’ςηίε
822 4558 852 4607 et
867 4547 1005 4607 culmum
1023 4545 1139 4606 suasa
1153 4553 1221 4619 etr„

99 4653 101 4658 ’
136 4637 225 4698 carpus
238 4637 411 4688 mahil.
984 4647 1024 4713 19
