3100 4984
332 340 394 404 404
756 341 877 396 οκκοτι
896 315 1064 394 mmmm

336 465 479 547 μοθεσίαν
502 465 694 548 2διαιρεῖται·
724 463 879 542 διαιρεῖται
900 461 932 526 δέ
953 463 1004 526 καί
1026 463 1067 538 είς
1087 458 1139 527 τόν
1156 461 1287 542 Μωσέα,
1318 459 1355 528 οῦ
1381 457 1481 527 ’καθά

335 563 425 641 αδτός
443 561 480 630 δι’
497 560 589 630 αι’·τοῦ
608 573 765 646 νομοθετεῖ
782 560 800 628 ό
817 562 905 644 θεός,
935 561 1005 630 α’λλά
1023 561 1107 630 καθά
1129 560 1188 629 άπό
1209 571 1263 647 τῆς
1281 567 1358 642 ἰδίας
1374 565 1481 639 ἐννοίας

335 665 508 752 δρμοόμενος
522 668 572 734 καί
589 663 607 734 ό
621 673 739 750 Μωσῆς
756 667 951 750 ἐνομοθέτησέ
965 694 1044 734 τινα·
1066 669 1118 732 καλ
1134 669 1176 743 είς
1189 665 1259 744 τοῦς
1270 669 1480 754 πρεσβυτέρους

334 778 387 836 τοῦ
408 775 480 836 λαοῦ
501 774 671 855 διαιρεῖται,
703 774 762 837 ⁴0⁰?
782 777 893 856 πρῶτοι
913 767 1099 856 εόρλσκονται
1118 769 1237 846 ἐντολάς
1254 796 1336 847 τινας
1353 772 1479 843 ἐνθέντες

334 875 418 950 ἰδίας.
464 880 538 950 Παῖς
556 866 611 940 οῦν
626 881 715 940 τοῦτο
732 871 828 948 οῦτως
844 874 910 956 ἔχον
927 875 959 940 ἐκ
976 879 1035 939 τῶν
1053 877 1106 939 τοῦ
1124 879 1258 957 σωτῆρος
1273 876 1421 938 δείκνυται
1436 869 1478 937 λό·

332 1002 393 1062 γων
407 974 518 1060 μάθοις
534 974 560 1040 δ’
574 975 610 1043 άν
623 975 691 1060 ἤδη.
729 974 943 1060 Διαλεγόμενός
957 1003 1017 1042 που
1031 972 1050 1042 ό
1063 973 1158 1060 σωτὴρ
1176 973 1251 1060 πρός
1265 973 1336 1052 τοάς
1350 976 1479 1059 περὶτοῦ

333 1076 513 1145 ἀποστασίου
530 1085 726 1162 συζητοῦντας
743 1076 839 1167 αὐτῷ,
869 1077 886 1144 δ
905 1078 943 1162 δὴ
962 1075 1142 1145 άποστάσιον
1160 1081 1266 1156 ἐξεῖναι
1288 1077 1479 1161 θένενομοθέ-

332 1209 419 1266 τητο,
449 1184 507 1266 ἔφη
530 1180 630 1259 αὐτοῖς
651 1181 712 1262 ότι,
742 1188 881 1265 Μωϋσῆς
903 1179 979 1263 πρός
997 1180 1051 1265 τήν
1068 1185 1302 1267 σκληροκαρδίαν
1319 1177 1403 1264 άμῦν
1421 1179 1478 1246 ἐκί-

333 1303 423 1370 τρεψε
451 1283 483 1350 τό
511 1282 649 1351 άπολάειν
675 1282 730 1368 τήν
756 1293 882 1370 γυναῖκα
909 1281 1015 1351 αάτοῦ·
1049 1280 1100 1350 ἄπ’
1122 1281 1213 1370 ιίρχῇς
1234 1283 1290 1371 γάρ
1312 1281 1350 1351 οῦ
1371 1285 1479 1369 γέγονεν

213 1409 265 1459 1⁹¹¹·
277 1397 322 1444 ²¹2
337 1387 440 1466 οῦτως.
487 1386 562 1464 Θεός
576 1385 648 1475 γάρ,
670 1389 760 1472 φησί,
782 1389 931 1466 σννέζευξε
948 1385 1058 1470 ταύτην
1074 1384 1128 1470 τήν
1144 1391 1297 1474 συζυγίαν,
1317 1388 1368 1452 καί
1385 1385 1404 1454 δ
1419 1406 1477 1450 σνν·

335 1494 446 1572 ἔζευξεν
468 1487 486 1558 ό
507 1489 626 1576 κάριος,
658 1487 818 1578 ἅνθρωπος
843 1488 906 1574 6μή
925 1491 1081 1576 χωριζέτω,
1112 1492 1178 1574 ἐφη.
1221 1487 1372 1556 Ἐνταῦθα
1389 1491 1479 1573 έτερον

335 1594 388 1678 μέν
415 1600 469 1659 τοῦ
496 1600 572 1659 θεοῦ
602 1595 755 1659 7δείκνυσι
778 1590 886 1674 νόμον,
918 1591 970 1658 τόν
993 1590 1144 1659 κωλῦοντα
1165 1597 1338 1678 χωρίζεσθαι
1361 1600 1478 1678 γυναῖκα

338 1693 419 1762 ιὀίπό
436 1694 544 1779 άνδρός
560 1693 667 1779 αάτῆς,
689 1697 787 1780 ἕτερον
801 1695 833 1760 δέ
847 1693 898 1761 τόν
911 1701 964 1761 τοῦ
978 1696 1144 1776 Μωυσέως,
1166 1694 1218 1761 τόν
1232 1692 1283 1760 διά
1298 1694 1351 1778 τὴν
1365 1703 1477 1778 σκληρο-

334 1803 459 1886 καρδίαν
475 1800 668 1885 ἐπιτρέποντα
683 1802 855 1884 χωρίζεσθαι
872 1805 959 1864 τοῦτο
976 1795 1009 1864 τό
1025 1805 1132 1885 ζεῦγος.
1178 1800 1238 1864 Καί
1255 1796 1293 1881 δὴ
1309 1795 1385 1863 κατά
1400 1801 1477 1863 τοῦτο

336 1905 452 1968 ἐναυτία
474 1908 514 1991 τῷ
535 1909 598 1989 θεῷ
615 1910 773 1986 νομοθετεῖ
792 1898 810 1967 ό
828 1907 954 1984 Μωσῆς.
995 1898 1146 1966 Ἐυαντίον
1163 1899 1219 1988 γάρ
1237 1903 1351 1989 ἐστιτῷ
1368 1897 1409 1982 μὴ
1423 1901 1477 1964 δισ-

334 2004 494 2092 ζευγνόναι.
535 2001 604 2069 Ἐάν
619 2006 718 2087 μέντοι
731 2006 782 2069 καί
794 2001 849 2087 τὴν
864 2011 918 2070 τοῦ
932 2003 1089 2080 Μωῦσέως
1102 2001 1238 2090 γνάμην,
1260 1999 1332 2068 καθ’
1347 2001 1385 2086 ἣν
1399 2007 1477 2068 τοῦτο

335 2109 567 2192 ἐνομοθέτησεν,
601 2105 793 2189 ἐξετάσωμεν,
825 2103 1018 2192 εὑρεθήσεται
1039 2112 1128 2172 τοῦτο
1153 2102 1190 2171 οῦ
1215 2103 1290 2172 κατά
1314 2110 1477 2192 προαίρεσιν

338 2209 488 2294 οποιήσας
504 2207 558 2294 τὴν
574 2211 697 2288 ἐαυτοῦ,
720 2205 790 2274 άλλά
806 2206 880 2274 κατά
896 2204 1028 2294 άνάγκην
1045 2206 1096 2274 διά
1111 2206 1165 2291 τιὶν
1178 2215 1239 2273 τοῖν
1252 2205 1475 2290 νενομοθετημέ·

334 2340 395 2380 νων
413 2311 577 2379 άσθένειαν.
617 2309 700 2378 Ἐπελ
714 2308 772 2397 γάρ
791 2309 845 2394 τὴν
862 2317 916 2377 τοῦ
932 2316 1009 2376 θεοῦ
1027 2309 1147 2397 γνάμην
1164 2307 1320 2393 φυλάττειν
1338 2307 1395 2376 οῦκ
1412 2305 1474 2391 οἶδά·
1533 2337 1534 2340 ’

336 2442 424 2483 ναντα
442 2408 542 2496 οῦτοι,
573 2417 606 2481 ἐν
625 2421 668 2503 τῷ
685 2412 726 2497 μὴ
744 2415 850 2492 ἐξεῖναι
868 2411 970 2490 αὐτοῖς
987 2412 1136 2496 ἐκβάλλειν
1152 2411 1204 2490 τάς
1218 2420 1362 2499 γυναῖκας
1376 2409 1476 2486 αὐτῶν,

340 2515 432 2594 ιοαίς
444 2543 519 2596 τινες
535 2514 632 2583 αῦτοῦν
646 2514 745 2600 άηδοῦς
757 2515 929 2604 συνῴκουν,
951 2518 1002 2582 καλ
1017 2515 1204 2582 ἐκινδύνευον
1221 2518 1254 2582 ἐκ
1269 2513 1376 2582 τοῦτον
1390 2513 1476 2596 ἐκτρέ-

336 2629 446 2686 πεσθαι
458 2621 547 2686 πλέον
563 2622 605 2696 είς
621 2617 748 2696 άδικίαν,
769 2620 820 2686 καλ
835 2620 868 2684 ἐκ
884 2617 994 2701 ταύτης
1011 2621 1053 2694 είς
1068 2615 1225 2698 άποόλειαν,
1247 2616 1280 2684 τό
1297 2616 1385 2701 αἠδές
1398 2621 1476 2682 τοῦτο
1532 2681 1533 2693 ,

294 2739 298 2760 ·
335 2721 514 2806 βουλόμενος
529 2720 658 2804 ἐκκόψαι
675 2719 771 2786 αδτοῖν
789 2718 807 2787 ό
826 2727 1017 2805 ΗΜωῦσῆς,
1038 2718 1076 2788 δι’
1091 2713 1128 2787 οῦ
1142 2723 1194 2786 καλ
1210 2717 1395 2787 άπόλλνσθαι
1411 2721 1476 2784 έκιν-
1532 2695 1533 2777 ί

335 2823 476 2905 δόνενον,
499 2822 635 2908 δεύτερόν
651 2850 715 2889 τινα
733 2821 773 2900 οός
789 2820 864 2888 κατά
879 2828 1048 2910 περίστασιν
1062 2815 1150 2906 ἧττον
1163 2821 1258 2890 κακόν
1273 2820 1338 2890 άντλ
1358 2826 1477 2906 μείζονος

336 2924 681 3010 ἀντικαταλλασσόμενος,
702 2923 754 2991 τόν
771 2933 824 2992 τοῦ
841 2923 1023 2992 άποστασίου
1040 2923 1134 3009 νόμον
1152 2923 1204 3008 α’φ’
1221 2928 1329 2992 ἑαυτοῦ
1345 2923 1475 3008 ἐνομοθέ·
1531 3001 1532 3014 ἦ

334 3052 420 3115 τησεν
438 3026 554 3110 αὐτοῖς,
580 3032 630 3095 ίνα
646 3025 697 3094 ἐάν
712 3030 825 3095 ἐκεῖνον
840 3027 881 3113 μὴ
899 3026 1047 3095 δύνωνται
1068 3027 1282 3110 ιδφνλοίττειν,
1310 3025 1369 3094 κάν
1382 3023 1477 3093 τοῦτόν
1531 3017 1532 3083 λ

334 3157 367 3220 γε
383 3131 551 3215 φυλάξωσι,
580 3133 631 3198 καί
648 3129 688 3215 μὴ
704 3133 746 3208 είς
760 3129 878 3210 άδιιιίας
893 3133 944 3196 καὶ
959 3135 1067 3210 κακίας
1085 3135 1263 3220 έκτραπιῦσι,
1292 3127 1331 3198 δι’
1347 3121 1390 3196 οῦν
1404 3124 1476 3194 άπά-

334 3243 396 3301 λεια
420 3233 520 3312 αὐτοῖς
544 3237 639 3318 έμελλε
657 3236 820 3318 τελειοτάτη
842 3233 1105 3318 ἐπακολουθήσειν.
1153 3233 1239 3318 Αῦτη
1263 3234 1316 3318 μέν
1337 3229 1359 3316 ἦ
1378 3228 1477 3298 τοότου

335 3335 447 3424 γνάμη,
468 3335 539 3404 καθ’
554 3337 592 3421 ἣν
607 3335 846 3420 άντινομοθετῶν
863 3335 1078 3426 εῦρλσκεταιτρῖ
1094 3342 1164 3426 θεῷ.
1202 3333 1290 3420 Πλην
1306 3335 1352 3402 ότι
1365 3339 1476 3422 γεΜα·
1530 3349 1531 3389 ι

335 3442 409 3518 σέως
430 3439 523 3507 αόιοῦ
545 3443 693 3506 δείκνυται
714 3441 847 3505 ἐνταῦθα
868 3441 965 3526 ἐτερος
987 3437 1029 3506 σίν
1050 3436 1132 3526 παρά
1152 3436 1204 3504 τόν
1221 3445 1276 3504 τοῦ
1293 3444 1370 3504 θεοῦ
1384 3435 1476 3519 νόμον,

335 3540 597 3628 άναμφισβήτητόν
619 3546 694 3622 ἐστι,
723 3539 780 3608 κάν
801 3540 838 3608 δι’
859 3539 927 3618 ἑνός
944 3541 980 3608 τά
998 3551 1052 3609 νῦν
1071 3534 1149 3625 νόμον
1167 3539 1333 3624 δεδειχότες.
1367 3539 1433 3606 ’Ότι
1449 3535 1477 3602 δέ

336 3648 387 3710 καί
403 3653 462 3710 τῶν
477 3646 683 3734 πρεσβυτέρων
701 3647 756 3710 είσί
771 3670 848 3721 τινες
863 3647 1114 3732 συμπεπλεγμέναι
1132 3641 1313 3728 παραδόσεις
1331 3645 1363 3710 ἐν
1378 3649 1417 3732 τῷ
1434 3638 1476 3706 νό·
1529 3674 1530 3693 ι

337 3771 400 3834 μιμ,
429 3749 515 3830 δηλοῖ
523 3749 574 3813 καί
590 3753 677 3813 τοῦτο
693 3743 712 3812 ό
726 3745 831 3832 σωτήρ.
874 3744 908 3812 ‘0
922 3745 978 3834 γάρ
993 3745 1081 3827 θεός,
1107 3747 1216 3829 φησίν,
1245 3741 1323 3826 είπε,
1352 3751 1419 3830 τίμα
1434 3743 1477 3810 τόν

337 3847 448 3929 πατέρα
462 3869 516 3914 σου
530 3851 581 3916 καί
594 3848 649 3934 τήν
664 3849 774 3935 μητέρα
788 3869 853 3929 σου,
874 3853 924 3914 ’ίνα
938 3842 971 3916 εὖ
985 3871 1031 3916 σοι
1045 3853 1169 3937 γένηται.
1207 3845 1305 3932 ’Τμεῑς
1319 3849 1363 3928 δέ,
1384 3849 1477 3932 φησίν,

340 3947 533 4032 1θείρήκατε,
561 3961 623 4028 τοῖς
644 3953 850 4039 πρεσβυτέροις
871 3952 978 4039 λέγων,
1007 3957 1105 4038 δῶρον
1124 3959 1165 4041 τῷ
1186 3957 1250 4041 θεῷ
1272 3949 1290 4016 δ
1307 3948 1360 4018 ἐάν
1376 3949 1478 4032 ω’φελη-

336 4055 396 4142 θῇς
411 4053 440 4130 ἐξ
456 4053 544 4135 ἐμοῦ,
566 4055 617 4118 καί
632 4051 804 4140 ιξκνράσατε
818 4051 872 4120 τόν
886 4053 978 4138 νόμον
992 4062 1047 4121 τοῦ
1062 4062 1155 4134 θεοῦ,
1178 4053 1229 4119 διά
1242 4051 1297 4138 τήν
1316 4051 1478 4139 Ηπαρόδο-

369 4191 394 4245 2.
411 4193 459 4242 Ηοα
475 4194 542 4254 prius
559 4194 705 4258 διαιρεῖται,
722 4197 785 4258 quod
800 4197 892 4247 ιεσλδε-
960 4189 985 4246 4.
1002 4193 1026 4248 οἳ
1041 4198 1126 4258 scripsi
1140 4209 1185 4258 μτο
1200 4197 1295 4258 υιιλςσλσ
1312 4191 1372 4254 καλ,
1400 4196 1479 4245 σκετο·

336 4265 374 4310 ται
381 4296 389 4322 ,
405 4262 494 4312 mmm
509 4272 539 4310 επ
553 4263 634 4311 altero.
925 4266 989 4313 τίνοι
1002 4269 1107 4326 ιιααλαε,
1124 4265 1164 4326 ραι
1178 4267 1261 4314 vertit:
1277 4258 1319 4328 qui
1333 4261 1405 4328 primi
1418 4275 1479 4312 eon·

369 4327 394 4379 3.
411 4325 479 4380 καθὰ
494 4322 572 4387 αῦτός
592 4333 700 4392 rescripsi
721 4346 774 4381 ενοι
789 4335 894 4383 Petam.
927 4330 1057 4398 pen‘untur
1069 4337 1118 4382 ωλι.
1146 4333 1194 4382 Pro
1206 4328 1300 4397 πρῶτον
1312 4333 1365 4382 ωδ.
1378 4333 1431 4395 Rea.
1442 4331 1479 4380 λσ·

338 4391 406 4449 καθά
422 4389 456 4449 δι’
470 4390 547 4448 αόταῦ
565 4398 616 4447 ωδ.
632 4398 707 4447 λικελ.
743 4401 815 4463 Vulgo
830 4405 895 4450 extat
927 4401 963 4449 λκλ
979 4398 1083 4464 πρῶτον.

337 4457 395 4515 καθ’
412 4459 474 4516 αότῦ
492 4463 556 4526 (ωτλ
571 4465 668 4528 λλλτιλίρ.
684 4458 769 4532 αῦεδ).
805 4469 895 4518 σοικα-
962 4467 987 4517 ό.
1002 4470 1039 4518 lta
1052 4469 1134 4518 Ρτλαν.
1149 4468 1179 4516 δι
1192 4467 1330 4517 enuntio.
1363 4469 1480 4520 Ουτκσλυ

337 4535 401 4581 rius:
419 4547 467 4580 nou
482 4531 688 4598 quemadmodum
704 4533 842 4602 peripsum
855 4533 895 4586 λε-
928 4537 1034 4586 widem!
1051 4533 1237 4600 νενομοθέτηκε.
1526 4581 1527 4586 ,

337 4613 394 4664 gem
414 4597 459 4648 dat
474 4597 543 4650 deun.
962 4601 987 4655 6.
1005 4599 1072 4670 ἐφη,
1090 4599 1126 4670 μή
1144 4599 1273 4671 χωριζέτω
1290 4605 1343 4656 ωδ.
1360 4607 1433 4658 Vm&
