<?xml version="1.0" encoding="UTF-8"?>
<!DOCTYPE html PUBLIC "-//W3C//DTD XHTML 1.0 Transitional//EN"
    "http://www.w3.org/TR/xhtml1/DTD/xhtml1-transitional.dtd">
<html xmlns="http://www.w3.org/1999/xhtml" xml:lang="en" lang="en">
 <head>
  <title>
</title>
<meta http-equiv="Content-Type" content="text/html;charset=utf-8" />
  <meta name='ocr-system' content='tesseract 3.04.00' />
  <meta name='ocr-capabilities' content='ocr_page ocr_carea ocr_par ocr_line ocrx_word'/>
</head>
<body>
  <div class='ocr_page' id='page_1' title='image "./corporishaerese01oehlgoog_0428.png"; bbox 0 0 3100 4984; ppageno 0'>
   <div class='ocr_carea' id='block_1_1' title="bbox 346 265 1250 328">
    <p class='ocr_par' dir='ltr' id='par_1_1' title="bbox 346 265 1250 328">
     <span class='ocr_line' id='line_1_1' title="bbox 346 265 1250 328; baseline 0.004 -6"><span class='ocrx_word' id='word_1_1' title='bbox 346 271 482 324; x_wconf 75' lang='lat' dir='ltr'><strong>causan</strong></span> <span class='ocrx_word' id='word_1_2' title='bbox 498 273 560 324; x_wconf 82' lang='lat' dir='ltr'><strong>crs.</strong></span> <span class='ocrx_word' id='word_1_3' title='bbox 574 274 592 324; x_wconf 93' lang='grc' dir='ltr'><strong>ι.</strong></span> <span class='ocrx_word' id='word_1_4' title='bbox 609 273 690 326; x_wconf 83' lang='lat' dir='ltr'><strong>rou.</strong></span> <span class='ocrx_word' id='word_1_5' title='bbox 707 275 736 324; x_wconf 93' lang='grc' dir='ltr'><strong>ιι.</strong></span> <span class='ocrx_word' id='word_1_6' title='bbox 756 273 853 326; x_wconf 82' lang='lat' dir='ltr'><strong>usna.</strong></span> <span class='ocrx_word' id='word_1_7' title='bbox 870 275 997 327; x_wconf 86' lang='lat' dir='ltr'><strong>xxxnr.</strong></span> <span class='ocrx_word' id='word_1_8' title='bbox 1189 265 1250 328; x_wconf 81' lang='lat'><strong>415</strong></span> 
     </span>
    </p>
   </div>
   <div class='ocr_carea' id='block_1_2' title="bbox 76 391 1398 4284">
    <p class='ocr_par' dir='ltr' id='par_1_2' title="bbox 76 391 1398 4284">
     <span class='ocr_line' id='line_1_2' title="bbox 98 391 1255 482; baseline 0.003 -25"><span class='ocrx_word' id='word_1_9' title='bbox 98 413 194 478; x_wconf 90' lang='lat' dir='ltr'><strong>nugas</strong></span> <span class='ocrx_word' id='word_1_10' title='bbox 216 391 282 456; x_wconf 83' lang='lat' dir='ltr'><strong>illas</strong></span> <span class='ocrx_word' id='word_1_11' title='bbox 306 391 479 457; x_wconf 84' lang='lat' dir='ltr'><strong>decidendas</strong></span> <span class='ocrx_word' id='word_1_12' title='bbox 503 393 630 480; x_wconf 84' lang='lat' dir='ltr'><strong>putabit,</strong></span> <span class='ocrx_word' id='word_1_13' title='bbox 665 404 751 478; x_wconf 89' lang='lat' dir='ltr'><strong>atque</strong></span> <span class='ocrx_word' id='word_1_14' title='bbox 773 415 813 458; x_wconf 82' lang='lat' dir='ltr'><strong>cs</strong></span> <span class='ocrx_word' id='word_1_15' title='bbox 837 393 894 460; x_wconf 91' lang='lat' dir='ltr'><strong>illis</strong></span> <span class='ocrx_word' id='word_1_16' title='bbox 916 395 988 482; x_wconf 90' lang='lat' dir='ltr'><strong>ipsis</strong></span> <span class='ocrx_word' id='word_1_17' title='bbox 1011 415 1085 480; x_wconf 85' lang='lat' dir='ltr'><strong>quae</strong></span> <span class='ocrx_word' id='word_1_18' title='bbox 1107 395 1255 480; x_wconf 86' lang='lat' dir='ltr'><strong>disputant</strong></span> 
     </span>
     <span class='ocr_line' id='line_1_3' title="bbox 97 493 1254 582; baseline 0.003 -23"><span class='ocrx_word' id='word_1_19' title='bbox 97 495 339 580; x_wconf 87' lang='lat' dir='ltr'><strong>quemadmodum</strong></span> <span class='ocrx_word' id='word_1_20' title='bbox 360 496 480 559; x_wconf 89' lang='lat' dir='ltr'><strong>refutari</strong></span> <span class='ocrx_word' id='word_1_21' title='bbox 499 497 611 582; x_wconf 82' lang='lat' dir='ltr'><strong>possint</strong></span> <span class='ocrx_word' id='word_1_22' title='bbox 627 495 775 582; x_wconf 75' lang='lat' dir='ltr'><strong>perspicit.</strong></span> <span class='ocrx_word' id='word_1_23' title='bbox 823 493 857 560; x_wconf 91' lang='lat' dir='ltr'><strong>Si</strong></span> <span class='ocrx_word' id='word_1_24' title='bbox 874 496 988 582; x_wconf 90' lang='lat' dir='ltr'><strong>quidem</strong></span> <span class='ocrx_word' id='word_1_25' title='bbox 1005 499 1066 562; x_wconf 90' lang='lat' dir='ltr'><strong>suis</strong></span> <span class='ocrx_word' id='word_1_26' title='bbox 1083 500 1137 582; x_wconf 91' lang='lat' dir='ltr'><strong>ipsi</strong></span> <span class='ocrx_word' id='word_1_27' title='bbox 1155 499 1254 563; x_wconf 85' lang='lat' dir='ltr'><strong>vanis-</strong></span> 
     </span>
     <span class='ocr_line' id='line_1_4' title="bbox 96 597 1252 684; baseline 0.005 -24"><span class='ocrx_word' id='word_1_28' title='bbox 96 598 180 661; x_wconf 81' lang='lat' dir='ltr'>simis</span> <span class='ocrx_word' id='word_1_29' title='bbox 196 597 356 661; x_wconf 73' lang='lat' dir='ltr'><strong>mendaciis</strong></span> <span class='ocrx_word' id='word_1_30' title='bbox 373 609 474 662; x_wconf 91' lang='lat' dir='ltr'><strong>contra</strong></span> <span class='ocrx_word' id='word_1_31' title='bbox 490 619 522 662; x_wconf 89' lang='lat' dir='ltr'><strong>sc</strong></span> <span class='ocrx_word' id='word_1_32' title='bbox 540 600 642 663; x_wconf 85' lang='lat' dir='ltr'><strong>armati</strong></span> <span class='ocrx_word' id='word_1_33' title='bbox 659 619 726 662; x_wconf 88' lang='lat' dir='ltr'><strong>esse</strong></span> <span class='ocrx_word' id='word_1_34' title='bbox 743 599 858 684; x_wconf 90' lang='lat' dir='ltr'><strong>penitus</strong></span> <span class='ocrx_word' id='word_1_35' title='bbox 874 611 1046 684; x_wconf 89' lang='lat' dir='ltr'><strong>arguuntur.</strong></span> <span class='ocrx_word' id='word_1_36' title='bbox 1082 599 1159 665; x_wconf 93' lang='lat' dir='ltr'><strong>Volo</strong></span> <span class='ocrx_word' id='word_1_37' title='bbox 1175 601 1252 666; x_wconf 88' lang='lat' dir='ltr'><strong>enim</strong></span> 
     </span>
     <span class='ocr_line' id='line_1_5' title="bbox 95 699 1254 785; baseline 0.004 -22"><span class='ocrx_word' id='word_1_38' title='bbox 95 699 168 763; x_wconf 90' lang='lat' dir='ltr'><strong>mihi</strong></span> <span class='ocrx_word' id='word_1_39' title='bbox 191 700 410 785; x_wconf 75' lang='lat' dir='ltr'><strong>respondeatis,</strong></span> <span class='ocrx_word' id='word_1_40' title='bbox 443 723 461 766; x_wconf 94' lang='lat' dir='ltr'><strong>o</strong></span> <span class='ocrx_word' id='word_1_41' title='bbox 481 699 644 766; x_wconf 89' lang='lat' dir='ltr'><strong>Ptolemaei</strong></span> <span class='ocrx_word' id='word_1_42' title='bbox 667 723 769 766; x_wconf 85' lang='lat' dir='ltr'><strong>omnes</strong></span> <span class='ocrx_word' id='word_1_43' title='bbox 793 723 827 766; x_wconf 88' lang='lat' dir='ltr'><strong>ac</strong></span> <span class='ocrx_word' id='word_1_44' title='bbox 849 700 1055 783; x_wconf 79' lang='lat' dir='ltr'><strong>Ptolemaeos,</strong></span> <span class='ocrx_word' id='word_1_45' title='bbox 1089 704 1164 767; x_wconf 87' lang='lat' dir='ltr'><strong>unde</strong></span> <span class='ocrx_word' id='word_1_46' title='bbox 1185 704 1254 769; x_wconf 87' lang='lat' dir='ltr'><strong>illac</strong></span> 
     </span>
     <span class='ocr_line' id='line_1_6' title="bbox 93 801 1254 892; baseline 0.003 -25"><span class='ocrx_word' id='word_1_47' title='bbox 93 802 182 867; x_wconf 89' lang='lat' dir='ltr'><strong>vohis</strong></span> <span class='ocrx_word' id='word_1_48' title='bbox 199 801 288 888; x_wconf 85' lang='lat' dir='ltr'><strong>Bythi</strong></span> <span class='ocrx_word' id='word_1_49' title='bbox 304 825 475 884; x_wconf 89' lang='lat' dir='ltr'><strong>mensurae,</strong></span> <span class='ocrx_word' id='word_1_50' title='bbox 499 825 534 868; x_wconf 92' lang='lat' dir='ltr'><strong>ac</strong></span> <span class='ocrx_word' id='word_1_51' title='bbox 549 815 684 890; x_wconf 90' lang='lat' dir='ltr'><strong>partuum</strong></span> <span class='ocrx_word' id='word_1_52' title='bbox 701 803 973 886; x_wconf 89' lang='lat' dir='ltr'><strong>obstetricatioues,</strong></span> <span class='ocrx_word' id='word_1_53' title='bbox 997 817 1026 870; x_wconf 89' lang='lat' dir='ltr'><strong>et</strong></span> <span class='ocrx_word' id='word_1_54' title='bbox 1041 807 1188 870; x_wconf 85' lang='lat' dir='ltr'><strong>variarum</strong></span> <span class='ocrx_word' id='word_1_55' title='bbox 1203 827 1254 892; x_wconf 84' lang='lat' dir='ltr'><strong>ge-</strong></span> 
     </span>
     <span class='ocr_line' id='line_1_7' title="bbox 94 903 1253 993; baseline 0.003 -24"><span class='ocrx_word' id='word_1_56' title='bbox 94 907 283 972; x_wconf 90' lang='lat' dir='ltr'><strong>nerationum</strong></span> <span class='ocrx_word' id='word_1_57' title='bbox 301 909 440 993; x_wconf 76' lang='lat' dir='ltr'><strong>cognitio.</strong></span> <span class='ocrx_word' id='word_1_58' title='bbox 487 903 538 970; x_wconf 91' lang='lat' dir='ltr'><strong>Sic</strong></span> <span class='ocrx_word' id='word_1_59' title='bbox 555 907 632 971; x_wconf 86' lang='lat' dir='ltr'><strong>enirn</strong></span> <span class='ocrx_word' id='word_1_60' title='bbox 651 918 785 992; x_wconf 88' lang='lat' dir='ltr'><strong>tanquam</strong></span> <span class='ocrx_word' id='word_1_61' title='bbox 803 921 973 993; x_wconf 81' lang='lat' dir='ltr'><strong>praesentes</strong></span> <span class='ocrx_word' id='word_1_62' title='bbox 991 909 1194 988; x_wconf 80' lang='lat' dir='ltr'><strong>interfueritis,</strong></span> <span class='ocrx_word' id='word_1_63' title='bbox 1218 931 1253 973; x_wconf 88' lang='lat' dir='ltr'><strong>ac</strong></span> 
     </span>
     <span class='ocr_line' id='line_1_8' title="bbox 94 1009 1253 1097; baseline 0.003 -25"><span class='ocrx_word' id='word_1_64' title='bbox 94 1009 268 1074; x_wconf 88' lang='lat' dir='ltr'><strong>coelestium</strong></span> <span class='ocrx_word' id='word_1_65' title='bbox 298 1021 431 1074; x_wconf 78' lang='lat' dir='ltr'><strong>staturam</strong></span> <span class='ocrx_word' id='word_1_66' title='bbox 457 1010 642 1095; x_wconf 87' lang='lat' dir='ltr'><strong>contemplati</strong></span> <span class='ocrx_word' id='word_1_67' title='bbox 668 1011 747 1088; x_wconf 89' lang='lat' dir='ltr'><strong>sitis,</strong></span> <span class='ocrx_word' id='word_1_68' title='bbox 781 1011 840 1075; x_wconf 90' lang='lat' dir='ltr'><strong>imo</strong></span> <span class='ocrx_word' id='word_1_69' title='bbox 867 1009 992 1097; x_wconf 80' lang='lat' dir='ltr'><strong>Bython</strong></span> <span class='ocrx_word' id='word_1_70' title='bbox 1020 1012 1097 1077; x_wconf 88' lang='lat' dir='ltr'><strong>illum</strong></span> <span class='ocrx_word' id='word_1_71' title='bbox 1121 1023 1253 1076; x_wconf 87' lang='lat' dir='ltr'><strong>vestrum</strong></span> 
     </span>
     <span class='ocr_line' id='line_1_9' title="bbox 93 1113 1252 1199; baseline 0.002 -23"><span class='ocrx_word' id='word_1_72' title='bbox 93 1113 337 1192; x_wconf 85' lang='lat' dir='ltr'><strong>antecesseritis,</strong></span> <span class='ocrx_word' id='word_1_73' title='bbox 361 1134 462 1178; x_wconf 86' lang='lat' dir='ltr'><strong>carum</strong></span> <span class='ocrx_word' id='word_1_74' title='bbox 482 1113 566 1176; x_wconf 91' lang='lat' dir='ltr'><strong>nohis</strong></span> <span class='ocrx_word' id='word_1_75' title='bbox 584 1133 681 1176; x_wconf 89' lang='lat' dir='ltr'><strong>rerum</strong></span> <span class='ocrx_word' id='word_1_76' title='bbox 701 1113 851 1177; x_wconf 89' lang='lat' dir='ltr'><strong>scientiam</strong></span> <span class='ocrx_word' id='word_1_77' title='bbox 871 1115 1036 1178; x_wconf 86' lang='lat' dir='ltr'><strong>ostenditis.</strong></span> <span class='ocrx_word' id='word_1_78' title='bbox 1080 1116 1170 1199; x_wconf 83' lang='lat' dir='ltr'><strong>Atqui</strong></span> <span class='ocrx_word' id='word_1_79' title='bbox 1188 1115 1252 1178; x_wconf 91' lang='lat' dir='ltr'><strong>uul-</strong></span> 
     </span>
     <span class='ocr_line' id='line_1_10' title="bbox 92 1213 1251 1304; baseline 0.002 -26"><span class='ocrx_word' id='word_1_80' title='bbox 92 1215 141 1278; x_wconf 88' lang='lat' dir='ltr'><strong>lus</strong></span> <span class='ocrx_word' id='word_1_81' title='bbox 164 1214 193 1278; x_wconf 94' lang='lat' dir='ltr'><strong>id</strong></span> <span class='ocrx_word' id='word_1_82' title='bbox 211 1237 334 1301; x_wconf 90' lang='lat' dir='ltr'><strong>unquam</strong></span> <span class='ocrx_word' id='word_1_83' title='bbox 353 1237 369 1280; x_wconf 90' lang='lat' dir='ltr'><strong>e</strong></span> <span class='ocrx_word' id='word_1_84' title='bbox 388 1216 592 1302; x_wconf 90' lang='lat' dir='ltr'><strong>prophetarum</strong></span> <span class='ocrx_word' id='word_1_85' title='bbox 613 1236 735 1280; x_wconf 90' lang='lat' dir='ltr'><strong>numero</strong></span> <span class='ocrx_word' id='word_1_86' title='bbox 752 1216 843 1296; x_wconf 83' lang='lat' dir='ltr'><strong>dixit,</strong></span> <span class='ocrx_word' id='word_1_87' title='bbox 868 1239 926 1280; x_wconf 93' lang='lat' dir='ltr'><strong>noo</strong></span> <span class='ocrx_word' id='word_1_88' title='bbox 945 1213 1069 1303; x_wconf 81' lang='lat' dir='ltr'><strong>Moyses</strong></span> <span class='ocrx_word' id='word_1_89' title='bbox 1086 1217 1169 1304; x_wconf 87' lang='lat' dir='ltr'><strong>ipse,</strong></span> <span class='ocrx_word' id='word_1_90' title='bbox 1193 1239 1251 1282; x_wconf 91' lang='lat' dir='ltr'><strong>non</strong></span> 
     </span>
     <span class='ocr_line' id='line_1_11' title="bbox 91 1315 1252 1407; baseline 0.002 -27"><span class='ocrx_word' id='word_1_91' title='bbox 91 1315 206 1404; x_wconf 83' lang='lat' dir='ltr'><strong>Mopse</strong></span> <span class='ocrx_word' id='word_1_92' title='bbox 225 1320 305 1405; x_wconf 89' lang='lat' dir='ltr'><strong>prior</strong></span> <span class='ocrx_word' id='word_1_93' title='bbox 321 1319 425 1404; x_wconf 89' lang='lat' dir='ltr'><strong>aliquis</strong></span> <span class='ocrx_word' id='word_1_94' title='bbox 443 1321 490 1383; x_wconf 87' lang='lat' dir='ltr'><strong>vel</strong></span> <span class='ocrx_word' id='word_1_95' title='bbox 505 1317 669 1404; x_wconf 86' lang='lat' dir='ltr'><strong>posterior,</strong></span> <span class='ocrx_word' id='word_1_96' title='bbox 694 1339 752 1382; x_wconf 91' lang='lat' dir='ltr'><strong>non</strong></span> <span class='ocrx_word' id='word_1_97' title='bbox 769 1320 1034 1404; x_wconf 79' lang='lat' dir='ltr'><strong>evangelistarum,</strong></span> <span class='ocrx_word' id='word_1_98' title='bbox 1059 1341 1115 1384; x_wconf 93' lang='lat' dir='ltr'><strong>non</strong></span> <span class='ocrx_word' id='word_1_99' title='bbox 1134 1330 1252 1407; x_wconf 88' lang='lat' dir='ltr'><strong>aposto-</strong></span> 
     </span>
     <span class='ocr_line' id='line_1_12' title="bbox 91 1419 1250 1508; baseline 0.004 -25"><span class='ocrx_word' id='word_1_100' title='bbox 91 1423 192 1484; x_wconf 89' lang='lat' dir='ltr'><strong>lorum</strong></span> <span class='ocrx_word' id='word_1_101' title='bbox 209 1421 333 1508; x_wconf 88' lang='lat' dir='ltr'><strong>denique</strong></span> <span class='ocrx_word' id='word_1_102' title='bbox 348 1422 501 1508; x_wconf 88' lang='lat' dir='ltr'><strong>quispiam.</strong></span> <span class='ocrx_word' id='word_1_103' title='bbox 545 1419 614 1485; x_wconf 91' lang='lat' dir='ltr'><strong>Nisi</strong></span> <span class='ocrx_word' id='word_1_104' title='bbox 631 1422 706 1485; x_wconf 90' lang='lat' dir='ltr'><strong>forle</strong></span> <span class='ocrx_word' id='word_1_105' title='bbox 722 1423 757 1486; x_wconf 89' lang='lat' dir='ltr'><strong>cd</strong></span> <span class='ocrx_word' id='word_1_106' title='bbox 773 1423 923 1506; x_wconf 79' lang='lat' dir='ltr'><strong>gentilium</strong></span> <span class='ocrx_word' id='word_1_107' title='bbox 941 1431 1073 1508; x_wconf 77' lang='lat' dir='ltr'><strong>poemata</strong></span> <span class='ocrx_word' id='word_1_108' title='bbox 1085 1423 1250 1508; x_wconf 89' lang='lat' dir='ltr'><strong>confugias,</strong></span> 
     </span>
     <span class='ocr_line' id='line_1_13' title="bbox 92 1521 1252 1611; baseline 0.005 -26"><span class='ocrx_word' id='word_1_109' title='bbox 92 1523 194 1609; x_wconf 89' lang='lat' dir='ltr'><strong>qualia</strong></span> <span class='ocrx_word' id='word_1_110' title='bbox 210 1536 279 1588; x_wconf 79' lang='lat' dir='ltr'><strong>scant</strong></span> <span class='ocrx_word' id='word_1_111' title='bbox 294 1521 423 1610; x_wconf 87' lang='lat' dir='ltr'><strong>Orphei,</strong></span> <span class='ocrx_word' id='word_1_112' title='bbox 447 1523 587 1603; x_wconf 89' lang='lat' dir='ltr'><strong>Hesiodi,</strong></span> <span class='ocrx_word' id='word_1_113' title='bbox 611 1521 793 1604; x_wconf 76' lang='lat' dir='ltr'><strong>Stesichori,</strong></span> <span class='ocrx_word' id='word_1_114' title='bbox 818 1525 892 1610; x_wconf 90' lang='lat' dir='ltr'><strong>apud</strong></span> <span class='ocrx_word' id='word_1_115' title='bbox 911 1547 984 1610; x_wconf 91' lang='lat' dir='ltr'><strong>quos</strong></span> <span class='ocrx_word' id='word_1_116' title='bbox 1001 1525 1146 1590; x_wconf 89' lang='lat' dir='ltr'><strong>hominum</strong></span> <span class='ocrx_word' id='word_1_117' title='bbox 1161 1547 1252 1611; x_wconf 86' lang='lat' dir='ltr'><strong>geue·</strong></span> 
     </span>
     <span class='ocr_line' id='line_1_14' title="bbox 92 1627 1253 1714; baseline 0.002 -24"><span class='ocrx_word' id='word_1_118' title='bbox 92 1627 230 1690; x_wconf 88' lang='lat' dir='ltr'><strong>rationes</strong></span> <span class='ocrx_word' id='word_1_119' title='bbox 251 1627 287 1690; x_wconf 91' lang='lat' dir='ltr'><strong>ad</strong></span> <span class='ocrx_word' id='word_1_120' title='bbox 309 1628 429 1691; x_wconf 90' lang='lat' dir='ltr'><strong>deorum</strong></span> <span class='ocrx_word' id='word_1_121' title='bbox 449 1627 657 1712; x_wconf 87' lang='lat' dir='ltr'><strong>appellationes</strong></span> <span class='ocrx_word' id='word_1_122' title='bbox 677 1627 835 1693; x_wconf 84' lang='lat' dir='ltr'><strong>translatae</strong></span> <span class='ocrx_word' id='word_1_123' title='bbox 855 1639 939 1707; x_wconf 91' lang='lat' dir='ltr'><strong>sunt,</strong></span> <span class='ocrx_word' id='word_1_124' title='bbox 970 1649 1061 1714; x_wconf 92' lang='lat' dir='ltr'><strong>eaque</strong></span> <span class='ocrx_word' id='word_1_125' title='bbox 1080 1651 1155 1714; x_wconf 87' lang='lat' dir='ltr'><strong>quae</strong></span> <span class='ocrx_word' id='word_1_126' title='bbox 1174 1629 1253 1696; x_wconf 88' lang='lat' dir='ltr'><strong>iuter</strong></span> 
     </span>
     <span class='ocr_line' id='line_1_15' title="bbox 92 1728 1252 1814; baseline 0.005 -22"><span class='ocrx_word' id='word_1_127' title='bbox 92 1730 238 1793; x_wconf 87' lang='lat' dir='ltr'><strong>mortales</strong></span> <span class='ocrx_word' id='word_1_128' title='bbox 253 1740 336 1813; x_wconf 88' lang='lat' dir='ltr'><strong>gesta</strong></span> <span class='ocrx_word' id='word_1_129' title='bbox 353 1731 470 1794; x_wconf 89' lang='lat' dir='ltr'><strong>lucrant</strong></span> <span class='ocrx_word' id='word_1_130' title='bbox 483 1731 597 1814; x_wconf 74' lang='lat' dir='ltr'><strong>politico</strong></span> <span class='ocrx_word' id='word_1_131' title='bbox 613 1751 695 1794; x_wconf 89' lang='lat' dir='ltr'><strong>more</strong></span> <span class='ocrx_word' id='word_1_132' title='bbox 711 1733 904 1796; x_wconf 87' lang='lat' dir='ltr'><strong>conformata.</strong></span> <span class='ocrx_word' id='word_1_133' title='bbox 940 1728 1011 1795; x_wconf 86' lang='lat' dir='ltr'><strong>Fuit</strong></span> <span class='ocrx_word' id='word_1_134' title='bbox 1025 1733 1100 1796; x_wconf 90' lang='lat' dir='ltr'><strong>enim</strong></span> <span class='ocrx_word' id='word_1_135' title='bbox 1117 1733 1252 1798; x_wconf 90' lang='lat' dir='ltr'><strong>huiusce·</strong></span> 
     </span>
     <span class='ocr_line' id='line_1_16' title="bbox 91 1831 1251 1919; baseline 0.004 -23"><span class='ocrx_word' id='word_1_136' title='bbox 91 1831 175 1898; x_wconf 90' lang='lat' dir='ltr'><strong>modi</strong></span> <span class='ocrx_word' id='word_1_137' title='bbox 198 1833 312 1896; x_wconf 88' lang='lat' dir='ltr'><strong>illorum</strong></span> <span class='ocrx_word' id='word_1_138' title='bbox 336 1834 452 1919; x_wconf 91' lang='lat' dir='ltr'><strong>opinio,</strong></span> <span class='ocrx_word' id='word_1_139' title='bbox 479 1853 543 1897; x_wconf 89' lang='lat' dir='ltr'><strong>cum</strong></span> <span class='ocrx_word' id='word_1_140' title='bbox 567 1831 684 1913; x_wconf 85' lang='lat' dir='ltr'><strong>lovem,</strong></span> <span class='ocrx_word' id='word_1_141' title='bbox 710 1855 743 1898; x_wconf 87' lang='lat' dir='ltr'><strong>ac</strong></span> <span class='ocrx_word' id='word_1_142' title='bbox 766 1831 897 1914; x_wconf 85' lang='lat' dir='ltr'><strong>Rheam,</strong></span> <span class='ocrx_word' id='word_1_143' title='bbox 922 1844 952 1898; x_wconf 91' lang='lat' dir='ltr'><strong>et</strong></span> <span class='ocrx_word' id='word_1_144' title='bbox 974 1831 1132 1916; x_wconf 83' lang='lat' dir='ltr'><strong>lunorrem,</strong></span> <span class='ocrx_word' id='word_1_145' title='bbox 1155 1834 1251 1902; x_wconf 87' lang='lat' dir='ltr'><strong>Palla·</strong></span> 
     </span>
     <span class='ocr_line' id='line_1_17' title="bbox 91 1933 1252 2020; baseline 0.005 -22"><span class='ocrx_word' id='word_1_146' title='bbox 91 1937 175 2013; x_wconf 87' lang='lat' dir='ltr'><strong>dem,</strong></span> <span class='ocrx_word' id='word_1_147' title='bbox 193 1935 359 2020; x_wconf 80' lang='lat' dir='ltr'><strong>Apollinem</strong></span> <span class='ocrx_word' id='word_1_148' title='bbox 377 1933 584 2020; x_wconf 89' lang='lat' dir='ltr'><strong>Veneremque</strong></span> <span class='ocrx_word' id='word_1_149' title='bbox 601 1937 707 2002; x_wconf 86' lang='lat' dir='ltr'><strong>divinis</strong></span> <span class='ocrx_word' id='word_1_150' title='bbox 723 1937 882 2002; x_wconf 92' lang='lat' dir='ltr'><strong>honoribus</strong></span> <span class='ocrx_word' id='word_1_151' title='bbox 897 1949 1118 2019; x_wconf 88' lang='lat' dir='ltr'><strong>consecrantes,</strong></span> <span class='ocrx_word' id='word_1_152' title='bbox 1136 1961 1252 2004; x_wconf 89' lang='lat' dir='ltr'><strong>corum·</strong></span> 
     </span>
     <span class='ocr_line' id='line_1_18' title="bbox 90 2037 1328 2124; baseline 0.006 -23"><span class='ocrx_word' id='word_1_153' title='bbox 90 2058 152 2122; x_wconf 87' lang='lat' dir='ltr'><strong>que</strong></span> <span class='ocrx_word' id='word_1_154' title='bbox 172 2039 328 2124; x_wconf 86' lang='lat' dir='ltr'><strong>pessimam</strong></span> <span class='ocrx_word' id='word_1_155' title='bbox 348 2037 479 2102; x_wconf 85' lang='lat' dir='ltr'><strong>sobolem</strong></span> <span class='ocrx_word' id='word_1_156' title='bbox 500 2040 649 2118; x_wconf 83' lang='lat' dir='ltr'><strong>verrcrnti,</strong></span> <span class='ocrx_word' id='word_1_157' title='bbox 681 2049 773 2104; x_wconf 90' lang='lat' dir='ltr'><strong>totum</strong></span> <span class='ocrx_word' id='word_1_158' title='bbox 793 2040 892 2104; x_wconf 86' lang='lat' dir='ltr'><strong>orbem</strong></span> <span class='ocrx_word' id='word_1_159' title='bbox 911 2041 1057 2106; x_wconf 90' lang='lat' dir='ltr'><strong>variorum</strong></span> <span class='ocrx_word' id='word_1_160' title='bbox 1076 2043 1196 2106; x_wconf 87' lang='lat' dir='ltr'><strong>deorum</strong></span> <span class='ocrx_word' id='word_1_161' title='bbox 1216 2063 1251 2108; x_wconf 88' lang='lat' dir='ltr'><strong>ao</strong></span> <span class='ocrx_word' id='word_1_162' title='bbox 1322 2069 1328 2074; x_wconf 71' lang='grc'>’</span> 
     </span>
     <span class='ocr_line' id='line_1_19' title="bbox 90 2141 1250 2225; baseline 0.003 -21"><span class='ocrx_word' id='word_1_163' title='bbox 90 2142 319 2206; x_wconf 80' lang='lat' dir='ltr'><strong>simulacrorum</strong></span> <span class='ocrx_word' id='word_1_164' title='bbox 338 2141 467 2206; x_wconf 78' lang='lat' dir='ltr'><strong>insanium</strong></span> <span class='ocrx_word' id='word_1_165' title='bbox 489 2141 638 2206; x_wconf 89' lang='lat' dir='ltr'><strong>erroribus</strong></span> <span class='ocrx_word' id='word_1_166' title='bbox 657 2142 834 2216; x_wconf 85' lang='lat' dir='ltr'><strong>imbuerunt.</strong></span> <span class='ocrx_word' id='word_1_167' title='bbox 878 2141 952 2207; x_wconf 85' lang='lat' dir='ltr'><strong>Mihi</strong></span> <span class='ocrx_word' id='word_1_168' title='bbox 969 2165 1040 2208; x_wconf 86' lang='lat' dir='ltr'><strong>vero</strong></span> <span class='ocrx_word' id='word_1_169' title='bbox 1058 2145 1093 2208; x_wconf 90' lang='lat' dir='ltr'><strong>ad</strong></span> <span class='ocrx_word' id='word_1_170' title='bbox 1111 2154 1208 2225; x_wconf 87' lang='lat' dir='ltr'><strong>luam,</strong></span> <span class='ocrx_word' id='word_1_171' title='bbox 1232 2166 1250 2207; x_wconf 97' lang='lat' dir='ltr'><strong>o</strong></span> 
     </span>
     <span class='ocr_line' id='line_1_20' title="bbox 89 2241 1250 2332; baseline 0.003 -26"><span class='ocrx_word' id='word_1_172' title='bbox 89 2241 284 2324; x_wconf 90' lang='lat' dir='ltr'><strong>Ptolemaee‚</strong></span> <span class='ocrx_word' id='word_1_173' title='bbox 308 2247 482 2330; x_wconf 83' lang='lat' dir='ltr'><strong>tuorumque</strong></span> <span class='ocrx_word' id='word_1_174' title='bbox 499 2245 726 2310; x_wconf 87' lang='lat' dir='ltr'><strong>confutationem</strong></span> <span class='ocrx_word' id='word_1_175' title='bbox 746 2246 815 2310; x_wconf 89' lang='lat' dir='ltr'><strong>nihil</strong></span> <span class='ocrx_word' id='word_1_176' title='bbox 832 2245 941 2310; x_wconf 89' lang='lat' dir='ltr'><strong>idcirco</strong></span> <span class='ocrx_word' id='word_1_177' title='bbox 959 2266 1135 2332; x_wconf 82' lang='lat' dir='ltr'><strong>magnopere</strong></span> <span class='ocrx_word' id='word_1_178' title='bbox 1153 2247 1250 2331; x_wconf 89' lang='lat' dir='ltr'><strong>requi·</strong></span> 
     </span>
     <span class='ocr_line' id='line_1_21' title="bbox 76 2342 1249 2433; baseline 0.003 -24"><span class='ocrx_word' id='word_1_179' title='bbox 76 2342 217 2410; x_wconf 71' lang='lat' dir='ltr'><strong>&#39;mudum</strong></span> <span class='ocrx_word' id='word_1_180' title='bbox 240 2359 300 2428; x_wconf 90' lang='lat' dir='ltr'><strong>est,</strong></span> <span class='ocrx_word' id='word_1_181' title='bbox 325 2350 400 2433; x_wconf 89' lang='lat' dir='ltr'><strong>qnod</strong></span> <span class='ocrx_word' id='word_1_182' title='bbox 418 2348 545 2412; x_wconf 89' lang='lat' dir='ltr'><strong>maiores</strong></span> <span class='ocrx_word' id='word_1_183' title='bbox 564 2359 629 2412; x_wconf 91' lang='lat' dir='ltr'><strong>tuos</strong></span> <span class='ocrx_word' id='word_1_184' title='bbox 646 2348 758 2412; x_wconf 89' lang='lat' dir='ltr'><strong>abunde</strong></span> <span class='ocrx_word' id='word_1_185' title='bbox 775 2349 832 2412; x_wconf 88' lang='lat' dir='ltr'><strong>iam</strong></span> <span class='ocrx_word' id='word_1_186' title='bbox 849 2347 1019 2412; x_wconf 79' lang='lat' dir='ltr'><strong>refellimus.</strong></span> <span class='ocrx_word' id='word_1_187' title='bbox 1065 2345 1167 2431; x_wconf 75' lang='lat' dir='ltr'><strong>Quare</strong></span> <span class='ocrx_word' id='word_1_188' title='bbox 1184 2369 1249 2412; x_wconf 84' lang='lat' dir='ltr'><strong>oum</strong></span> 
     </span>
     <span class='ocr_line' id='line_1_22' title="bbox 88 2448 1247 2538; baseline 0.003 -26"><span class='ocrx_word' id='word_1_189' title='bbox 88 2469 132 2512; x_wconf 83' lang='lat' dir='ltr'><strong>ex</strong></span> <span class='ocrx_word' id='word_1_190' title='bbox 151 2448 188 2512; x_wconf 91' lang='lat' dir='ltr'><strong>iis</strong></span> <span class='ocrx_word' id='word_1_191' title='bbox 205 2471 280 2534; x_wconf 90' lang='lat' dir='ltr'><strong>quae</strong></span> <span class='ocrx_word' id='word_1_192' title='bbox 296 2451 371 2514; x_wconf 89' lang='lat' dir='ltr'><strong>dicta</strong></span> <span class='ocrx_word' id='word_1_193' title='bbox 388 2463 457 2515; x_wconf 90' lang='lat' dir='ltr'><strong>sunt</strong></span> <span class='ocrx_word' id='word_1_194' title='bbox 471 2473 554 2537; x_wconf 86' lang='lat' dir='ltr'><strong>quam</strong></span> <span class='ocrx_word' id='word_1_195' title='bbox 572 2452 704 2538; x_wconf 89' lang='lat' dir='ltr'><strong>pudenda</strong></span> <span class='ocrx_word' id='word_1_196' title='bbox 720 2451 779 2514; x_wconf 88' lang='lat' dir='ltr'><strong>sint</strong></span> <span class='ocrx_word' id='word_1_197' title='bbox 795 2461 842 2515; x_wconf 89' lang='lat' dir='ltr'><strong>tua</strong></span> <span class='ocrx_word' id='word_1_198' title='bbox 858 2451 906 2514; x_wconf 91' lang='lat' dir='ltr'><strong>illa</strong></span> <span class='ocrx_word' id='word_1_199' title='bbox 920 2452 1053 2535; x_wconf 84' lang='lat' dir='ltr'><strong>dogmata</strong></span> <span class='ocrx_word' id='word_1_200' title='bbox 1069 2452 1247 2516; x_wconf 86' lang='lat' dir='ltr'><strong>declaratum</strong></span> 
     </span>
     <span class='ocr_line' id='line_1_23' title="bbox 88 2539 1247 2639; baseline 0.006 -25"><span class='ocrx_word' id='word_1_201' title='bbox 88 2553 200 2630; x_wconf 90' lang='lat' dir='ltr'><strong>fuerit,</strong></span> <span class='ocrx_word' id='word_1_202' title='bbox 225 2552 378 2638; x_wconf 90' lang='lat' dir='ltr'><strong>implorata</strong></span> <span class='ocrx_word' id='word_1_203' title='bbox 398 2554 478 2639; x_wconf 92' lang='lat' dir='ltr'><strong>prius</strong></span> <span class='ocrx_word' id='word_1_204' title='bbox 495 2539 550 2639; x_wconf 87' lang='lat' dir='ltr'><strong>ope</strong></span> <span class='ocrx_word' id='word_1_205' title='bbox 568 2554 694 2620; x_wconf 88' lang='lat' dir='ltr'><strong>numinis</strong></span> <span class='ocrx_word' id='word_1_206' title='bbox 712 2551 754 2616; x_wconf 93' lang='lat' dir='ltr'><strong>uti</strong></span> <span class='ocrx_word' id='word_1_207' title='bbox 770 2574 852 2618; x_wconf 88' lang='lat' dir='ltr'><strong>meae</strong></span> <span class='ocrx_word' id='word_1_208' title='bbox 869 2553 1000 2618; x_wconf 88' lang='lat' dir='ltr'><strong>tenuitati</strong></span> <span class='ocrx_word' id='word_1_209' title='bbox 1016 2567 1186 2636; x_wconf 88' lang='lat' dir='ltr'><strong>succurrat,</strong></span> <span class='ocrx_word' id='word_1_210' title='bbox 1211 2559 1247 2621; x_wconf 91' lang='lat' dir='ltr'><strong>ad</strong></span> 
     </span>
     <span class='ocr_line' id='line_1_24' title="bbox 87 2652 1248 2744; baseline 0.005 -26"><span class='ocrx_word' id='word_1_211' title='bbox 87 2652 220 2718; x_wconf 87' lang='lat' dir='ltr'><strong>aliorum</strong></span> <span class='ocrx_word' id='word_1_212' title='bbox 243 2655 440 2721; x_wconf 83' lang='lat' dir='ltr'><strong>discutiendos</strong></span> <span class='ocrx_word' id='word_1_213' title='bbox 461 2677 580 2721; x_wconf 91' lang='lat' dir='ltr'><strong>errores</strong></span> <span class='ocrx_word' id='word_1_214' title='bbox 604 2677 649 2720; x_wconf 88' lang='lat' dir='ltr'><strong>roe</strong></span> <span class='ocrx_word' id='word_1_215' title='bbox 673 2657 842 2735; x_wconf 88' lang='lat' dir='ltr'><strong>conferam,</strong></span> <span class='ocrx_word' id='word_1_216' title='bbox 875 2670 908 2720; x_wconf 90' lang='lat' dir='ltr'><strong>ut</strong></span> <span class='ocrx_word' id='word_1_217' title='bbox 929 2678 1002 2742; x_wconf 86' lang='lat' dir='ltr'><strong>quae</strong></span> <span class='ocrx_word' id='word_1_218' title='bbox 1024 2658 1053 2721; x_wconf 88' lang='lat' dir='ltr'><strong>ic</strong></span> <span class='ocrx_word' id='word_1_219' title='bbox 1077 2680 1248 2744; x_wconf 89' lang='lat' dir='ltr'><strong>unaquaque</strong></span> 
     </span>
     <span class='ocr_line' id='line_1_25' title="bbox 86 2759 1249 2844; baseline 0.005 -24"><span class='ocrx_word' id='word_1_220' title='bbox 86 2767 182 2838; x_wconf 84' lang='lat' dir='ltr'><strong>gente</strong></span> <span class='ocrx_word' id='word_1_221' title='bbox 201 2759 361 2843; x_wconf 88' lang='lat' dir='ltr'><strong>pestilerae</strong></span> <span class='ocrx_word' id='word_1_222' title='bbox 378 2760 530 2844; x_wconf 88' lang='lat' dir='ltr'><strong>opiniones</strong></span> <span class='ocrx_word' id='word_1_223' title='bbox 547 2761 684 2824; x_wconf 83' lang='lat' dir='ltr'><strong>inventae</strong></span> <span class='ocrx_word' id='word_1_224' title='bbox 700 2769 783 2839; x_wconf 89' lang='lat' dir='ltr'><strong>sunt,</strong></span> <span class='ocrx_word' id='word_1_225' title='bbox 808 2779 859 2824; x_wconf 91' lang='lat' dir='ltr'><strong>eas</strong></span> <span class='ocrx_word' id='word_1_226' title='bbox 876 2760 1027 2844; x_wconf 88' lang='lat' dir='ltr'><strong>detegam,</strong></span> <span class='ocrx_word' id='word_1_227' title='bbox 1052 2782 1087 2825; x_wconf 88' lang='lat' dir='ltr'><strong>ae</strong></span> <span class='ocrx_word' id='word_1_228' title='bbox 1103 2762 1139 2825; x_wconf 92' lang='lat' dir='ltr'><strong>de</strong></span> <span class='ocrx_word' id='word_1_229' title='bbox 1156 2763 1249 2826; x_wconf 88' lang='lat' dir='ltr'><strong>omni-</strong></span> 
     </span>
     <span class='ocr_line' id='line_1_26' title="bbox 85 2859 1248 2951; baseline 0.007 -29"><span class='ocrx_word' id='word_1_230' title='bbox 85 2859 146 2925; x_wconf 90' lang='lat' dir='ltr'><strong>hus</strong></span> <span class='ocrx_word' id='word_1_231' title='bbox 165 2861 378 2944; x_wconf 89' lang='lat' dir='ltr'><strong>quodammodo</strong></span> <span class='ocrx_word' id='word_1_232' title='bbox 397 2863 581 2947; x_wconf 90' lang='lat' dir='ltr'><strong>triumphem.</strong></span> <span class='ocrx_word' id='word_1_233' title='bbox 627 2860 714 2946; x_wconf 75' lang='lat' dir='ltr'><strong>Quod</strong></span> <span class='ocrx_word' id='word_1_234' title='bbox 730 2862 894 2927; x_wconf 89' lang='lat' dir='ltr'><strong>institutum</strong></span> <span class='ocrx_word' id='word_1_235' title='bbox 913 2884 930 2926; x_wconf 87' lang='lat' dir='ltr'><strong>a</strong></span> <span class='ocrx_word' id='word_1_236' title='bbox 947 2885 992 2928; x_wconf 88' lang='lat' dir='ltr'><strong>me</strong></span> <span class='ocrx_word' id='word_1_237' title='bbox 1011 2865 1248 2951; x_wconf 85' lang='lat' dir='ltr'><strong>propositumque</strong></span> 
     </span>
     <span class='ocr_line' id='line_1_27' title="bbox 86 2963 1225 3052; baseline 0.003 -25"><span class='ocrx_word' id='word_1_238' title='bbox 86 2963 222 3028; x_wconf 86' lang='lat' dir='ltr'><strong>studium</strong></span> <span class='ocrx_word' id='word_1_239' title='bbox 242 2977 275 3028; x_wconf 91' lang='lat' dir='ltr'><strong>ut</strong></span> <span class='ocrx_word' id='word_1_240' title='bbox 293 2987 426 3050; x_wconf 86' lang='lat' dir='ltr'><strong>exequar</strong></span> <span class='ocrx_word' id='word_1_241' title='bbox 446 2966 604 3030; x_wconf 88' lang='lat' dir='ltr'><strong>coelestem</strong></span> <span class='ocrx_word' id='word_1_242' title='bbox 623 2963 693 3029; x_wconf 90' lang='lat' dir='ltr'><strong>mihi</strong></span> <span class='ocrx_word' id='word_1_243' title='bbox 712 2967 842 3032; x_wconf 89' lang='lat' dir='ltr'><strong>favorem</strong></span> <span class='ocrx_word' id='word_1_244' title='bbox 862 2967 1043 3052; x_wconf 86' lang='lat' dir='ltr'><strong>gratiamque</strong></span> <span class='ocrx_word' id='word_1_245' title='bbox 1061 2967 1225 3052; x_wconf 84' lang='lat' dir='ltr'><strong>postulabo.</strong></span> 
     </span>
     <span class='ocr_line' id='line_1_28' title="bbox 177 3064 1382 3156; baseline 0 -24"><span class='ocrx_word' id='word_1_246' title='bbox 177 3064 292 3132; x_wconf 87' lang='lat' dir='ltr'><strong>Verum</strong></span> <span class='ocrx_word' id='word_1_247' title='bbox 314 3080 344 3131; x_wconf 95' lang='lat' dir='ltr'><strong>ut</strong></span> <span class='ocrx_word' id='word_1_248' title='bbox 364 3089 454 3154; x_wconf 87' lang='lat' dir='ltr'><strong>panea</strong></span> <span class='ocrx_word' id='word_1_249' title='bbox 473 3069 521 3135; x_wconf 90' lang='lat' dir='ltr'><strong>iffa</strong></span> <span class='ocrx_word' id='word_1_250' title='bbox 540 3069 632 3134; x_wconf 85' lang='lat' dir='ltr'><strong>verba</strong></span> <span class='ocrx_word' id='word_1_251' title='bbox 648 3069 765 3135; x_wconf 89' lang='lat' dir='ltr'><strong>interim</strong></span> <span class='ocrx_word' id='word_1_252' title='bbox 782 3071 1001 3156; x_wconf 83' lang='lat' dir='ltr'><strong>expendamus,</strong></span> <span class='ocrx_word' id='word_1_253' title='bbox 1033 3091 1107 3155; x_wconf 86' lang='lat' dir='ltr'><strong>quae</strong></span> <span class='ocrx_word' id='word_1_254' title='bbox 1124 3071 1160 3134; x_wconf 89' lang='lat' dir='ltr'><strong>ad</strong></span> <span class='ocrx_word' id='word_1_255' title='bbox 1177 3067 1247 3134; x_wconf 81' lang='lat' dir='ltr'><strong>Flo·</strong></span> <span class='ocrx_word' id='word_1_256' title='bbox 1266 3073 1382 3143; x_wconf 74' lang='lat' dir='ltr'><strong>Gaptx.</strong></span> 
     </span>
     <span class='ocr_line' id='line_1_29' title="bbox 85 3169 1249 3260; baseline 0.003 -27"><span class='ocrx_word' id='word_1_257' title='bbox 85 3190 151 3233; x_wconf 87' lang='lat' dir='ltr'><strong>ram</strong></span> <span class='ocrx_word' id='word_1_258' title='bbox 174 3169 291 3254; x_wconf 89' lang='lat' dir='ltr'><strong>ingenti</strong></span> <span class='ocrx_word' id='word_1_259' title='bbox 315 3193 379 3235; x_wconf 89' lang='lat' dir='ltr'><strong>eum</strong></span> <span class='ocrx_word' id='word_1_260' title='bbox 405 3173 481 3236; x_wconf 91' lang='lat' dir='ltr'><strong>fastu</strong></span> <span class='ocrx_word' id='word_1_261' title='bbox 498 3173 722 3258; x_wconf 75' lang='lat' dir='ltr'><strong>arrogantisque</strong></span> <span class='ocrx_word' id='word_1_262' title='bbox 740 3172 882 3260; x_wconf 84' lang='lat' dir='ltr'><strong>scripsisti</strong></span> <span class='ocrx_word' id='word_1_263' title='bbox 905 3173 1016 3254; x_wconf 87' lang='lat' dir='ltr'><strong>(solent</strong></span> <span class='ocrx_word' id='word_1_264' title='bbox 1033 3171 1110 3236; x_wconf 88' lang='lat' dir='ltr'><strong>enim</strong></span> <span class='ocrx_word' id='word_1_265' title='bbox 1126 3182 1249 3236; x_wconf 83' lang='lat' dir='ltr'><strong>onustae</strong></span> 
     </span>
     <span class='ocr_line' id='line_1_30' title="bbox 85 3272 1398 3362; baseline 0.005 -28"><span class='ocrx_word' id='word_1_266' title='bbox 85 3272 222 3357; x_wconf 85' lang='lat' dir='ltr'><strong>peccatis</strong></span> <span class='ocrx_word' id='word_1_267' title='bbox 237 3273 444 3354; x_wconf 89' lang='lat' dir='ltr'><strong>mulierculae,</strong></span> <span class='ocrx_word' id='word_1_268' title='bbox 469 3287 500 3339; x_wconf 91' lang='lat' dir='ltr'><strong>ut</strong></span> <span class='ocrx_word' id='word_1_269' title='bbox 515 3277 555 3340; x_wconf 92' lang='lat' dir='ltr'><strong>ait</strong></span> <span class='ocrx_word' id='word_1_270' title='bbox 572 3276 739 3361; x_wconf 89' lang='lat' dir='ltr'><strong>apostolus,</strong></span> <span class='ocrx_word' id='word_1_271' title='bbox 762 3277 891 3362; x_wconf 83' lang='lat' dir='ltr'><strong>vipereis</strong></span> <span class='ocrx_word' id='word_1_272' title='bbox 906 3276 1047 3340; x_wconf 87' lang='lat' dir='ltr'><strong>eiusmodi</strong></span> <span class='ocrx_word' id='word_1_273' title='bbox 1063 3275 1246 3360; x_wconf 86' lang='lat' dir='ltr'><strong>dogmatibus</strong></span> <span class='ocrx_word' id='word_1_274' title='bbox 1258 3294 1398 3352; x_wconf 66' lang='lat' dir='ltr'><strong>arrum.</strong></span> 
     </span>
     <span class='ocr_line' id='line_1_31' title="bbox 84 3374 1246 3464; baseline 0.005 -27"><span class='ocrx_word' id='word_1_275' title='bbox 84 3374 220 3460; x_wconf 87' lang='lat' dir='ltr'><strong>decipi),</strong></span> <span class='ocrx_word' id='word_1_276' title='bbox 250 3387 315 3441; x_wconf 89' lang='lat' dir='ltr'><strong>toas</strong></span> <span class='ocrx_word' id='word_1_277' title='bbox 337 3379 433 3464; x_wconf 87' lang='lat' dir='ltr'><strong>ipsas,</strong></span> <span class='ocrx_word' id='word_1_278' title='bbox 456 3376 642 3458; x_wconf 81' lang='lat' dir='ltr'><strong>Ptolemaeo,</strong></span> <span class='ocrx_word' id='word_1_279' title='bbox 668 3398 758 3442; x_wconf 88' lang='lat' dir='ltr'><strong>voces</strong></span> <span class='ocrx_word' id='word_1_280' title='bbox 781 3378 835 3441; x_wconf 90' lang='lat' dir='ltr'><strong>hoc</strong></span> <span class='ocrx_word' id='word_1_281' title='bbox 855 3377 919 3441; x_wconf 91' lang='lat' dir='ltr'><strong>loco</strong></span> <span class='ocrx_word' id='word_1_282' title='bbox 936 3397 1112 3464; x_wconf 88' lang='lat' dir='ltr'><strong>proponam,</strong></span> <span class='ocrx_word' id='word_1_283' title='bbox 1138 3399 1246 3462; x_wconf 87' lang='lat' dir='ltr'><strong>easque</strong></span> 
     </span>
     <span class='ocr_line' id='line_1_32' title="bbox 85 3478 1246 3566; baseline 0.003 -26"><span class='ocrx_word' id='word_1_284' title='bbox 85 3478 273 3544; x_wconf 87' lang='lat' dir='ltr'><strong>necessitate</strong></span> <span class='ocrx_word' id='word_1_285' title='bbox 296 3492 432 3560; x_wconf 86' lang='lat' dir='ltr'><strong>coactus,</strong></span> <span class='ocrx_word' id='word_1_286' title='bbox 465 3503 501 3545; x_wconf 91' lang='lat' dir='ltr'><strong>ne</strong></span> <span class='ocrx_word' id='word_1_287' title='bbox 525 3501 579 3566; x_wconf 89' lang='lat' dir='ltr'><strong>qun</strong></span> <span class='ocrx_word' id='word_1_288' title='bbox 603 3481 728 3544; x_wconf 90' lang='lat' dir='ltr'><strong>infelicis</strong></span> <span class='ocrx_word' id='word_1_289' title='bbox 750 3479 810 3543; x_wconf 90' lang='lat' dir='ltr'><strong>lolli</strong></span> <span class='ocrx_word' id='word_1_290' title='bbox 832 3481 917 3544; x_wconf 83' lang='lat' dir='ltr'><strong>radis</strong></span> <span class='ocrx_word' id='word_1_291' title='bbox 939 3479 1084 3566; x_wconf 91' lang='lat' dir='ltr'><strong>supersit,</strong></span> <span class='ocrx_word' id='word_1_292' title='bbox 1115 3502 1246 3564; x_wconf 88' lang='lat' dir='ltr'><strong>congruo</strong></span> 
     </span>
     <span class='ocr_line' id='line_1_33' title="bbox 84 3581 1245 3668; baseline 0.002 -24"><span class='ocrx_word' id='word_1_293' title='bbox 84 3581 194 3646; x_wconf 87' lang='lat' dir='ltr'><strong>ordine</strong></span> <span class='ocrx_word' id='word_1_294' title='bbox 218 3583 361 3647; x_wconf 80' lang='lat' dir='ltr'><strong>refellam.</strong></span> <span class='ocrx_word' id='word_1_295' title='bbox 406 3582 519 3668; x_wconf 87' lang='lat' dir='ltr'><strong>Legem</strong></span> <span class='ocrx_word' id='word_1_296' title='bbox 538 3581 649 3647; x_wconf 88' lang='lat' dir='ltr'><strong>asseris</strong></span> <span class='ocrx_word' id='word_1_297' title='bbox 671 3582 815 3646; x_wconf 90' lang='lat' dir='ltr'><strong>trifariam</strong></span> <span class='ocrx_word' id='word_1_298' title='bbox 833 3603 899 3646; x_wconf 90' lang='lat' dir='ltr'><strong>esse</strong></span> <span class='ocrx_word' id='word_1_299' title='bbox 919 3581 1058 3661; x_wconf 80' lang='lat' dir='ltr'><strong>divisam,</strong></span> <span class='ocrx_word' id='word_1_300' title='bbox 1091 3593 1122 3646; x_wconf 92' lang='lat' dir='ltr'><strong>ut</strong></span> <span class='ocrx_word' id='word_1_301' title='bbox 1141 3583 1245 3668; x_wconf 89' lang='lat' dir='ltr'><strong>partim</strong></span> 
     </span>
     <span class='ocr_line' id='line_1_34' title="bbox 84 3681 1246 3772; baseline 0 -24"><span class='ocrx_word' id='word_1_302' title='bbox 84 3705 102 3747; x_wconf 87' lang='lat' dir='ltr'><strong>a</strong></span> <span class='ocrx_word' id='word_1_303' title='bbox 122 3685 202 3763; x_wconf 88' lang='lat' dir='ltr'><strong>deo,</strong></span> <span class='ocrx_word' id='word_1_304' title='bbox 227 3687 331 3769; x_wconf 88' lang='lat' dir='ltr'><strong>partim</strong></span> <span class='ocrx_word' id='word_1_305' title='bbox 350 3707 367 3748; x_wconf 89' lang='lat' dir='ltr'><strong>a</strong></span> <span class='ocrx_word' id='word_1_306' title='bbox 386 3683 510 3772; x_wconf 85' lang='lat' dir='ltr'><strong>Moyse,</strong></span> <span class='ocrx_word' id='word_1_307' title='bbox 535 3686 636 3771; x_wconf 89' lang='lat' dir='ltr'><strong>partim</strong></span> <span class='ocrx_word' id='word_1_308' title='bbox 656 3707 674 3750; x_wconf 92' lang='lat' dir='ltr'><strong>a</strong></span> <span class='ocrx_word' id='word_1_309' title='bbox 693 3683 860 3750; x_wconf 88' lang='lat' dir='ltr'><strong>senioribus</strong></span> <span class='ocrx_word' id='word_1_310' title='bbox 878 3685 1011 3748; x_wconf 89' lang='lat' dir='ltr'><strong>manarit.</strong></span> <span class='ocrx_word' id='word_1_311' title='bbox 1057 3681 1103 3748; x_wconf 87' lang='lat' dir='ltr'><strong>lle</strong></span> <span class='ocrx_word' id='word_1_312' title='bbox 1120 3685 1246 3748; x_wconf 86' lang='lat' dir='ltr'><strong>seniori·</strong></span> 
     </span>
     <span class='ocr_line' id='line_1_35' title="bbox 83 3786 1246 3873; baseline 0.001 -24"><span class='ocrx_word' id='word_1_313' title='bbox 83 3786 142 3850; x_wconf 88' lang='lat' dir='ltr'><strong>bns</strong></span> <span class='ocrx_word' id='word_1_314' title='bbox 158 3807 250 3872; x_wconf 93' lang='lat' dir='ltr'><strong>porro</strong></span> <span class='ocrx_word' id='word_1_315' title='bbox 265 3808 318 3851; x_wconf 93' lang='lat' dir='ltr'><strong>cur</strong></span> <span class='ocrx_word' id='word_1_316' title='bbox 332 3789 372 3852; x_wconf 87' lang='lat' dir='ltr'><strong>ita</strong></span> <span class='ocrx_word' id='word_1_317' title='bbox 388 3789 512 3868; x_wconf 87' lang='lat' dir='ltr'><strong>sentias,</strong></span> <span class='ocrx_word' id='word_1_318' title='bbox 536 3788 623 3866; x_wconf 91' lang='lat' dir='ltr'><strong>nihil,</strong></span> <span class='ocrx_word' id='word_1_319' title='bbox 648 3799 680 3851; x_wconf 94' lang='lat' dir='ltr'><strong>ut</strong></span> <span class='ocrx_word' id='word_1_320' title='bbox 694 3800 832 3873; x_wconf 88' lang='lat' dir='ltr'><strong>apparet,</strong></span> <span class='ocrx_word' id='word_1_321' title='bbox 857 3789 963 3852; x_wconf 85' lang='lat' dir='ltr'><strong>afferre</strong></span> <span class='ocrx_word' id='word_1_322' title='bbox 979 3797 1062 3872; x_wconf 87' lang='lat' dir='ltr'><strong>potes</strong></span> <span class='ocrx_word' id='word_1_323' title='bbox 1076 3787 1106 3850; x_wconf 91' lang='lat' dir='ltr'><strong>in</strong></span> <span class='ocrx_word' id='word_1_324' title='bbox 1122 3787 1246 3873; x_wconf 88' lang='lat' dir='ltr'><strong>scriptu-</strong></span> 
     </span>
     <span class='ocr_line' id='line_1_36' title="bbox 82 3889 1244 3976; baseline 0 -24"><span class='ocrx_word' id='word_1_325' title='bbox 82 3889 128 3953; x_wconf 88' lang='lat' dir='ltr'><strong>ris</strong></span> <span class='ocrx_word' id='word_1_326' title='bbox 146 3911 338 3974; x_wconf 84' lang='lat' dir='ltr'><strong>expressum.</strong></span> <span class='ocrx_word' id='word_1_327' title='bbox 383 3889 536 3976; x_wconf 89' lang='lat' dir='ltr'><strong>Nusquam</strong></span> <span class='ocrx_word' id='word_1_328' title='bbox 555 3891 632 3954; x_wconf 91' lang='lat' dir='ltr'><strong>enim</strong></span> <span class='ocrx_word' id='word_1_329' title='bbox 653 3891 683 3953; x_wconf 92' lang='lat' dir='ltr'><strong>in</strong></span> <span class='ocrx_word' id='word_1_330' title='bbox 703 3891 769 3976; x_wconf 89' lang='lat' dir='ltr'><strong>lege</strong></span> <span class='ocrx_word' id='word_1_331' title='bbox 786 3890 891 3956; x_wconf 87' lang='lat' dir='ltr'><strong>tradita</strong></span> <span class='ocrx_word' id='word_1_332' title='bbox 909 3889 958 3953; x_wconf 88' lang='lat' dir='ltr'><strong>illa</strong></span> <span class='ocrx_word' id='word_1_333' title='bbox 974 3911 991 3952; x_wconf 91' lang='lat' dir='ltr'><strong>a</strong></span> <span class='ocrx_word' id='word_1_334' title='bbox 1010 3889 1176 3955; x_wconf 88' lang='lat' dir='ltr'><strong>senioribus</strong></span> <span class='ocrx_word' id='word_1_335' title='bbox 1194 3891 1244 3952; x_wconf 92' lang='lat' dir='ltr'><strong>dc·</strong></span> 
     </span>
     <span class='ocr_line' id='line_1_37' title="bbox 83 3990 1244 4078; baseline -0.001 -23"><span class='ocrx_word' id='word_1_336' title='bbox 83 4002 169 4055; x_wconf 84' lang='lat' dir='ltr'><strong>creta</strong></span> <span class='ocrx_word' id='word_1_337' title='bbox 196 4004 407 4058; x_wconf 85' lang='lat' dir='ltr'><strong>memorantur.</strong></span> <span class='ocrx_word' id='word_1_338' title='bbox 457 3995 518 4058; x_wconf 86' lang='lat' dir='ltr'><strong>Sed</strong></span> <span class='ocrx_word' id='word_1_339' title='bbox 543 4013 693 4058; x_wconf 90' lang='lat' dir='ltr'><strong>sacrorum</strong></span> <span class='ocrx_word' id='word_1_340' title='bbox 718 3993 856 4057; x_wconf 89' lang='lat' dir='ltr'><strong>librorum</strong></span> <span class='ocrx_word' id='word_1_341' title='bbox 881 4011 1027 4078; x_wconf 88' lang='lat' dir='ltr'><strong>peraeque</strong></span> <span class='ocrx_word' id='word_1_342' title='bbox 1055 3990 1244 4058; x_wconf 86' lang='lat' dir='ltr'><strong>severitatis</strong></span> 
     </span>
     <span class='ocr_line' id='line_1_38' title="bbox 81 4094 1245 4181; baseline -0.002 -22"><span class='ocrx_word' id='word_1_343' title='bbox 81 4095 211 4181; x_wconf 85' lang='lat' dir='ltr'><strong>ignarus</strong></span> <span class='ocrx_word' id='word_1_344' title='bbox 228 4097 400 4161; x_wconf 88' lang='lat' dir='ltr'><strong>calumniari</strong></span> <span class='ocrx_word' id='word_1_345' title='bbox 417 4096 514 4160; x_wconf 89' lang='lat' dir='ltr'><strong>sciens</strong></span> <span class='ocrx_word' id='word_1_346' title='bbox 530 4097 676 4176; x_wconf 88' lang='lat' dir='ltr'><strong>instituis,</strong></span> <span class='ocrx_word' id='word_1_347' title='bbox 701 4106 912 4180; x_wconf 88' lang='lat' dir='ltr'><strong>accurataeque</strong></span> <span class='ocrx_word' id='word_1_348' title='bbox 927 4095 1108 4180; x_wconf 86' lang='lat' dir='ltr'><strong>singulorum</strong></span> <span class='ocrx_word' id='word_1_349' title='bbox 1124 4094 1245 4159; x_wconf 87' lang='lat' dir='ltr'><strong>notitiae</strong></span> 
     </span>
     <span class='ocr_line' id='line_1_39' title="bbox 82 4192 1244 4284; baseline -0.003 -20"><span class='ocrx_word' id='word_1_350' title='bbox 82 4201 331 4284; x_wconf 86' lang='lat' dir='ltr'><strong>consequentiam</strong></span> <span class='ocrx_word' id='word_1_351' title='bbox 351 4221 407 4263; x_wconf 91' lang='lat' dir='ltr'><strong>nou</strong></span> <span class='ocrx_word' id='word_1_352' title='bbox 426 4199 520 4264; x_wconf 87' lang='lat' dir='ltr'><strong>vides.</strong></span> <span class='ocrx_word' id='word_1_353' title='bbox 564 4197 642 4263; x_wconf 85' lang='lat' dir='ltr'><strong>Nam</strong></span> <span class='ocrx_word' id='word_1_354' title='bbox 660 4197 809 4263; x_wconf 88' lang='lat' dir='ltr'><strong>seniorum</strong></span> <span class='ocrx_word' id='word_1_355' title='bbox 825 4198 998 4264; x_wconf 87' lang='lat' dir='ltr'><strong>traditiones</strong></span> <span class='ocrx_word' id='word_1_356' title='bbox 1015 4192 1211 4279; x_wconf 78' lang='grc' dir='ltr'><strong>Δευιερώσεις</strong></span> <span class='ocrx_word' id='word_1_357' title='bbox 1226 4217 1244 4261; x_wconf 87' lang='lat' dir='ltr'><strong>a</strong></span> 
     </span>
    </p>
   </div>
   <div class='ocr_carea' id='block_1_3' title="bbox 80 4349 1245 4488">
    <p class='ocr_par' dir='ltr' id='par_1_3' title="bbox 80 4349 1245 4488">
     <span class='ocr_line' id='line_1_40' title="bbox 114 4349 1245 4421; baseline -0.002 -17"><span class='ocrx_word' id='word_1_358' title='bbox 114 4354 142 4404; x_wconf 79' lang='lat'><strong>2.</strong></span> <span class='ocrx_word' id='word_1_359' title='bbox 162 4357 266 4416; x_wconf 73' lang='lat' dir='ltr'><strong>arnmot</strong></span> <span class='ocrx_word' id='word_1_360' title='bbox 288 4351 437 4421; x_wconf 72' lang='lat' dir='ltr'><strong>duodecime</strong></span> <span class='ocrx_word' id='word_1_361' title='bbox 459 4369 489 4405; x_wconf 83' lang='lat' dir='ltr'><strong>ec</strong></span> <span class='ocrx_word' id='word_1_362' title='bbox 508 4355 558 4404; x_wconf 84' lang='lat' dir='ltr'><strong>eod.</strong></span> <span class='ocrx_word' id='word_1_363' title='bbox 577 4356 648 4405; x_wconf 79' lang='lat' dir='ltr'><strong>Velle.</strong></span> <span class='ocrx_word' id='word_1_364' title='bbox 680 4368 734 4404; x_wconf 86' lang='lat' dir='ltr'><strong>rum</strong></span> <span class='ocrx_word' id='word_1_365' title='bbox 746 4356 820 4418; x_wconf 82' lang='lat' dir='ltr'><strong>paulo</strong></span> <span class='ocrx_word' id='word_1_366' title='bbox 834 4357 905 4418; x_wconf 65' lang='lat' dir='ltr'><strong>intro.</strong></span> <span class='ocrx_word' id='word_1_367' title='bbox 943 4349 1245 4418; x_wconf 72' lang='lat' dir='ltr'><strong>ct25,t.30‚13.3t‚</strong></span> 
     </span>
     <span class='ocr_line' id='line_1_41' title="bbox 80 4419 1182 4488; baseline -0.004 -14"><span class='ocrx_word' id='word_1_368' title='bbox 80 4427 157 4474; x_wconf 78' lang='lat' dir='ltr'><strong>Amet</strong></span> <span class='ocrx_word' id='word_1_369' title='bbox 169 4423 321 4485; x_wconf 75' lang='lat' dir='ltr'><strong>Epiphanius</strong></span> <span class='ocrx_word' id='word_1_370' title='bbox 337 4424 379 4473; x_wconf 86' lang='lat' dir='ltr'><strong>hcc</strong></span> <span class='ocrx_word' id='word_1_371' title='bbox 392 4425 461 4474; x_wconf 84' lang='lat' dir='ltr'><strong>uerbo</strong></span> <span class='ocrx_word' id='word_1_372' title='bbox 474 4425 516 4472; x_wconf 84' lang='lat' dir='ltr'><strong>uti.</strong></span> <span class='ocrx_word' id='word_1_373' title='bbox 552 4423 592 4473; x_wconf 85' lang='lat' dir='ltr'><strong>Sle</strong></span> <span class='ocrx_word' id='word_1_374' title='bbox 607 4426 648 4473; x_wconf 85' lang='lat' dir='ltr'><strong>lte·</strong></span> <span class='ocrx_word' id='word_1_375' title='bbox 682 4419 707 4473; x_wconf 78' lang='lat' dir='ltr'><strong>d.</strong></span> <span class='ocrx_word' id='word_1_376' title='bbox 724 4421 766 4486; x_wconf 83' lang='grc'><strong>69,</strong></span> <span class='ocrx_word' id='word_1_377' title='bbox 781 4421 823 4476; x_wconf 80' lang='lat' dir='ltr'><strong>fit.</strong></span> <span class='ocrx_word' id='word_1_378' title='bbox 858 4425 931 4487; x_wconf 82' lang='lat' dir='ltr'><strong>Vulpc</strong></span> <span class='ocrx_word' id='word_1_379' title='bbox 947 4427 1013 4474; x_wconf 74' lang='lat' dir='ltr'><strong>ectu</strong></span> <span class='ocrx_word' id='word_1_380' title='bbox 1030 4419 1182 4488; x_wconf 69' lang='grc' dir='ltr'><strong>ἐκφέρονται.</strong></span> 
     </span>
    </p>
   </div>
   <div class='ocr_carea' id='block_1_4' title="bbox 0 0 1554 4984">
    <p class='ocr_par' dir='ltr' id='par_1_4' title="bbox 0 0 1554 4984">
     <span class='ocr_line' id='line_1_42' title="bbox 0 0 1554 4984; baseline 0 5"><span class='ocrx_word' id='word_1_381' title='bbox 0 0 1554 4984; x_wconf 95' lang='lat' dir='ltr'><strong> </strong></span> 
     </span>
    </p>
   </div>
  </div>
 </body>
</html>
