3096 4988
370 327 503 378 PnNtett
518 282 579 378 dre.
592 327 609 378 l.
626 325 707 379 TOM.
728 327 757 378 ll.
776 327 873 378 flate.
889 327 989 380 XXXI.
1191 317 1252 379 347

104 445 287 512 suetudinem
302 443 478 527 exarsisset,
503 448 538 510 ad
554 466 655 512 eorurm
671 448 823 533 exemplar
838 449 928 512 letum
944 449 1046 513 neseio
1065 469 1150 534 quem
1167 449 1253 534 spiri-

103 550 188 614 talem
205 549 357 634 parturiit,
381 549 429 634 qni
446 551 481 614 ad
498 549 669 636 stipatorum
687 547 851 615 Saloutaria
868 562 949 615 esset
965 551 1180 617 similitudinem
1198 571 1252 616 ex·

104 672 235 738 pressus.

186 749 385 838 Quamobrem
408 755 512 841 tripliei
535 756 591 820 iam
615 755 775 820 substantia
796 758 971 834 enormitate,
1002 758 1094 844 primu
1116 779 1190 842 quae
1213 779 1252 823 ex
1266 767 1326 835 cap.
1342 765 1403 818 xx.

103 856 320 942 perturbatione
343 858 465 943 prodiit,
500 877 574 942 qnae
594 871 640 923 est
660 860 800 938 materia,
834 862 961 924 seeundo
984 881 1022 924 ea
1043 861 1250 942 eonversiona,

101 963 176 1044 qood
194 972 241 1025 est
258 961 442 1038 animalium,
471 961 555 1024 tertia
575 961 712 1047 spiritali,
737 980 821 1046 quam
840 973 1017 1048 postremam
1036 963 1167 1050 peperit,
1191 975 1252 1026 tom

101 1084 134 1128 se
152 1063 276 1148 deniqne
298 1064 333 1126 ad
353 1065 453 1126 eadem
472 1063 632 1148 effingenda
648 1065 781 1128 eontulit.
827 1062 1009 1148 Quamquam
1031 1066 1106 1150 qnod
1122 1065 1251 1152 spiritale

101 1177 176 1245 erat,
194 1175 294 1250 utpote
310 1165 440 1230 eiusdem
455 1187 520 1229 eum
533 1167 597 1252 ipsa
614 1178 746 1244 naturae,
768 1168 894 1249 figurare
909 1167 1026 1232 minime
1042 1169 1151 1253 potuit3
1175 1169 1251 1232 unde

100 1289 134 1332 se
157 1269 313 1333 animatam
336 1270 373 1332 ad
393 1267 601 1348 substantiam,
636 1289 710 1353 qnae
732 1287 773 1332 ex
794 1269 885 1355 ipsios
904 1272 1100 1335 conversione
1121 1273 1253 1356 protenta

101 1369 214 1450 luerat,
247 1369 462 1456 perpoliendam
485 1373 648 1451 convertit,
678 1373 712 1436 ad
736 1371 821 1456 idqne
843 1391 917 1456 qnae
937 1393 954 1435 a
971 1369 1127 1438 Salvatore
1146 1372 1252 1437 tradita

101 1474 217 1536 inerant
237 1474 409 1537 doenmentu
428 1474 585 1538 transtulit.
632 1474 677 1538 Ae
698 1474 820 1560 primum
840 1486 961 1540 narrant
978 1497 1016 1539 ex
1036 1477 1162 1540 animata
1184 1474 1253 1540 sub·

99 1574 210 1640 stantia
227 1577 380 1640 lororatum
398 1576 433 1639 ab
448 1575 498 1640 illa
514 1574 631 1640 Patrem
648 1597 683 1640 ae
698 1576 811 1660 Regem
832 1579 978 1656 omnium,
1002 1590 1059 1642 taru
1077 1598 1179 1642 eormn
1195 1578 1252 1642 sol·

98 1679 172 1742 lieet
194 1699 267 1762 qnae
291 1679 392 1742 eadem
417 1699 481 1742 eom
503 1679 566 1764 ipso
592 1691 695 1743 natura
718 1690 869 1759 constent,
904 1680 958 1744 boo
980 1693 1027 1744 εει
1047 1681 1252 1760 animatorum,

100 1799 178 1866 qnae
198 1781 238 1844 illi
257 1783 363 1845 dextra
385 1792 568 1866 nuneupant,
602 1801 686 1866 quam
707 1803 806 1846 eorum
826 1801 900 1867 qoae
915 1803 954 1846 ex
972 1783 1126 1848 allectione
1142 1803 1176 1846 ae
1192 1804 1253 1847 ma·

99 1884 178 1948 teria
194 1894 419 1970 componuntnr,
439 1893 513 1968 quae
528 1883 648 1948 sinistra
665 1896 784 1948 sonant.
828 1883 906 1948 Nam
924 1887 1074 1965 universa,
1099 1905 1173 1970 quae
1188 1898 1254 1970 post

99 1987 196 2072 ipsum
213 1987 389 2066 extiterunt,
407 1986 443 2050 ab
458 2007 495 2050 eo
510 1987 609 2051 dioont
625 1988 730 2066 adiuta,
754 2009 818 2050 euru
832 2007 849 2050 a
865 1983 963 2050 Matre
977 1989 1066 2052 taeite
1081 1989 1116 2051 ad
1131 1986 1159 2050 id
1173 1998 1254 2052 esset

99 2089 261 2174 impulsusa
285 2110 319 2152 ao
335 2101 489 2176 propterea
504 2087 701 2173 Metropator,
725 2100 755 2154 et
772 2090 897 2175 Apntor,
921 2101 951 2152 et
967 2086 1122 2168 Conditor,
1145 2110 1179 2152 ao
1196 2087 1253 2152 Pa-

97 2211 173 2256 rens
194 2191 365 2277 appellatur.
411 2189 592 2256 Dextromm
617 2191 770 2270 videlieet,
803 2193 831 2255 id
856 2203 901 2255 est
925 2192 1020 2256 anima
1044 2190 1251 2277 praeditorum,

98 2292 232 2372 Pareae,
256 2291 451 2358 Sinistrorum
466 2315 552 2372 reru,
578 2295 631 2358 boo
649 2306 696 2359 est
708 2306 912 2360 nonoretorum
928 2315 992 2359 eum
1007 2291 1147 2372 lllateria,
1171 2290 1253 2358 Con·

97 2397 195 2476 ditor,
228 2417 264 2460 ae
284 2394 355 2460 ilex
377 2397 491 2462 demum
515 2397 731 2462 universorum.
777 2397 927 2482 Siquidem
954 2395 1147 2482 Enthymesin
1172 2397 1249 2462 illam

99 2499 243 2584 produnt,
268 2521 333 2562 enm
350 2501 386 2564 ad
401 2498 535 2562 Aeonum
553 2500 692 2564 bonorem
708 2510 739 2562 et
754 2500 875 2584 gloriam
891 2500 986 2564 moliri
1005 2499 1102 2562 omnia
1119 2509 1250 2583 superet,

97 2611 198 2665 eertum
217 2621 317 2664 eorum
336 2601 478 2684 imagines
497 2601 641 2679 edidisse,
666 2601 712 2665 rel
729 2603 890 2688 peripsam
909 2602 1004 2687 potios
1023 2602 1050 2665 id
1070 2601 1167 2687 egisse
1186 2599 1253 2666 Sal·

98 2713 254 2780 satorem,
278 2704 410 2788 adeoque
427 2703 550 2767 illumin
568 2704 662 2788 effigie
679 2701 776 2768 Patris
794 2706 842 2788 qni
858 2705 1007 2770 naulorum
1027 2704 1120 2768 visum
1135 2703 1250 2787 effugit,

98 2805 275 2885 retinuisse,
294 2817 327 2870 ot
340 2827 404 2870 mm
420 2805 537 2870 minime
555 2801 699 2870 Conditor
713 2819 922 2890 eognoseeret3
948 2809 1023 2872 bone
1040 2827 1112 2871 vero
1129 2808 1163 2869 ad
1180 2803 1255 2871 Uni·

98 2927 197 2992 genam
214 2907 275 2986 dlii,
300 2909 336 2973 ad
349 2919 514 2973 oeterorum
528 2909 664 2973 Aeonum
678 2909 894 2974 similitudinem
911 2913 1004 2976 laetos
1019 2911 1055 2974 ab
1069 2909 1105 2974 iis
1119 2910 1254 2974 Araban·

97 3011 186 3094 gelos
211 3009 400 3096 Angelosque
425 3011 579 3096 prodiisse.
632 3010 829 3096 Quamobrem
853 3011 971 3078 Patrem
1000 3013 1079 3076 illum
1108 3034 1144 3076 ae
1168 3013 1253 3074 deum

98 3111 232 3176 omnious
249 3112 431 3176 constituunt
446 3135 519 3198 qnae
538 3126 622 3179 extra
638 3111 773 3179 Pleroma
789 3116 980 3192 eolloeautur,
1005 3115 1189 3198 omniumque
1205 3113 1254 3176 iri-

98 3215 166 3280 dem
188 3213 285 3278 enimn
305 3216 352 3279 vel
379 3219 502 3280 materia
527 3218 734 3302 praeditorum.
780 3215 837 3283 Ubi
858 3218 935 3282 enim
958 3218 1030 3281 duas
1051 3217 1114 3280 illas
1133 3225 1254 3280 naturas

97 3317 181 3382 inter
199 3337 268 3381 sese
286 3321 423 3384 euoluens
442 3340 476 3384 ae
495 3321 676 3404 promiseoas
694 3321 879 3405 segregarit,
904 3319 1132 3406 eorporibosque
1151 3337 1253 3380 naren-

99 3433 146 3484 tes
164 3421 281 3506 redegit
296 3422 324 3484 io
341 3441 482 3506 eorpora,
508 3432 567 3486 tum
585 3423 698 3487 demum
717 3423 856 3486 eoelestia
874 3423 1033 3508 pariterue
1050 3433 1165 3484 terrena
1184 3439 1253 3484 eoo·

99 3523 232 3602 didisse,
261 3545 296 3588 ue
314 3522 507 3588 materialium
527 3535 557 3588 et
572 3525 782 3602 animatorum,
814 3525 983 3589 dextrorum
1001 3543 1036 3586 ae
1054 3523 1252 3599 sinistrorum,

97 3625 211 3690 levium
228 3645 264 3690 ae
277 3625 428 3710 gravium,
454 3647 553 3692 eorum
572 3627 696 3711 denique
713 3647 787 3711 quae
804 3647 919 3690 sursum
936 3636 985 3691 aut
1001 3627 1136 3689 deorsum
1155 3625 1251 3687 lerno-

98 3739 148 3792 tnr
169 3729 301 3813 opilioem
322 3730 472 3796 extitisse.
518 3727 665 3815 Septenos
687 3729 791 3815 quippe
809 3730 953 3794 eoelestes
972 3729 1059 3792 orbes
1077 3726 1250 3804 labrioasse,

98 3851 193 3915 supra
214 3851 289 3915 qnos
310 3828 501 3897 Conditorem
523 3833 685 3913 oolloeant3
718 3843 803 3918 atque
825 3834 862 3897 ob
884 3833 957 3896 bane
979 3851 1111 3894 oaossarn
1135 3829 1253 3895 Hebdo-

99 3935 216 3997 madem
237 3954 304 3996 enm
325 3935 491 4013 nominant,
515 3936 555 3998 nti
573 3933 701 3999 Matrem
718 3935 881 4000 Aobamotb
900 3931 1090 4018 Ogdoadem,
1120 3954 1177 4018 quo
1195 3934 1253 4018 pri·

99 4022 248 4120 miganiae
262 4057 296 4099 ao
312 4041 419 4122 primum
432 4037 468 4100 de
483 4034 649 4100 Pleromate
662 4034 816 4137 Ogdoadis⁸
826 4057 976 4102 numerum
992 4036 1161 4101 observent.
1194 4033 1252 4102 Οι-

97 4137 154 4202 bes
179 4138 246 4202 illos
267 4160 341 4204 vero
362 4149 472 4224 septem
495 4138 643 4224 spiritales
661 4161 728 4204 esse
746 4151 924 4218 memorant,
956 4141 1085 4225 adeoque
1103 4137 1249 4222 Angelos,

96 4277 149 4326 eod.
166 4278 245 4327 Poris
262 4279 307 4326 nial
321 4277 408 4339 quod'
399 4291 423 4328 ιιι
440 4292 466 4328 ee
482 4283 541 4328 recte
558 4271 661 4343 ιιριιτης
694 4281 820 4340 lateranus,
837 4281 878 4341 qui
894 4281 961 4328 ιιιιιιι
975 4280 1075 4344 Septem
1092 4284 1175 4326 antero
1192 4293 1249 4326 oae-

98 4350 175 4394 ιτιοι.
695 4345 732 4394 los
749 4362 811 4413 qnos
828 4345 1007 4396 intellectuales
1026 4362 1079 4395 esse
1096 4343 1183 4393 dicuat
1200 4351 1250 4396 oell

135 4413 177 4464 11.
195 4408 316 4480 οιιρανειις
329 4408 392 4466 εἶναι
405 4429 504 4480 respoua
515 4429 599 4476 seraper
609 4427 662 4464 eum
695 4417 744 4463 tom
761 4417 846 4464 ιιιιιειιι
865 4429 922 4464 ason
941 4421 974 4464 eat
990 4418 1123 4495 scripturo,
1148 4413 1253 4464 videlieet

94 4482 231 4544 umore,
253 4485 346 4532 areolos
363 4484 455 4532 Τιιιιιιι.
473 4485 529 4534 odo.
550 4485 662 4532 Valentio.
696 4483 816 4564 duplicato
840 4485 923 4533 ultimo
947 4486 1009 4533 υεειι
1033 4473 1172 4562 οιιρανοιις
1178 4487 1252 4544 pone,

94 4563 151 4611 eop-
160 4549 202 4600 ‘td
220 4519 286 4600 'esne
296 4553 663 4634 tomqmlpttqunmedittemnes
697 4551 1079 4633 uudeprtmumqotdemfoetom
1095 4539 1196 4614 estole,
1212 4550 1253 4599 de·

96 4617 186 4668 baberet
201 4611 322 4684 οιραιοιις
335 4613 383 4670 urla
398 4613 461 4672 εἶναι
475 4614 586 4685 ιοηιοιις.
616 4621 662 4670 let.
696 4621 750 4670 tude
767 4613 819 4672 ota
