3072 4986
289 275 330 342 58
713 287 832 340 εινστι
851 287 1016 340 οειειιιυιι

160 417 227 487 Κεφ.
245 418 273 474 ι’.
371 400 479 484 Ἔσκον
504 403 536 468 δί
557 395 638 468 οῦτοι
664 405 695 467 οἱ
712 399 859 470 Ἰουδαῖοι
882 401 948 486 ῦγρι
972 409 1026 486 τῆς
1050 400 1112 469 ιίπδ
1136 405 1314 485 Βαβυλῶνος
1333 405 1440 486 σίγμα-

171 513 222 556 ¹²⁸⁸·
237 503 269 546 ¹³·
288 509 397 579 λασίας
419 501 570 570 ἐπανόδου
594 507 715 586 βίβλους
740 529 770 570 τε
796 505 847 570 καλ
868 503 1024 588 προφήτας
1049 501 1179 579 τούτους
1201 504 1250 570 καλ
1274 510 1441 591 προφητῶν

288 610 409 690 βίβλους
429 603 550 682 ταῦτας·
577 604 698 689 πράτην
719 607 772 688 μὲν
797 608 929 685 Γένεσιν,
957 607 1095 690 δευτέραν
1119 606 1152 670 δὲ
1168 603 1309 684 Ἕξοδον,
1338 610 1440 691 τρίτην

290 707 467 786 Λευιτικὸν,
494 706 632 791 τετάρτην
651 705 830 790 Ἀριθμοδς,
860 709 997 790 πέμπτην
1013 705 1259 791 Δευτερονάμιον,
1287 709 1374 789 ίκτην
1392 711 1439 788 βί-

289 817 359 894 βλον
375 807 476 894 Ἰησοῦ
491 817 544 876 τοῦ
561 816 668 891 Ναυῆ,
687 808 819 892 ἑβδόμην
838 816 897 874 τῶν
917 816 1050 892 Κριτῶν,
1071 807 1180 893 άγδάην
1200 817 1254 891 τῆς
1270 805 1370 888 Ῥοδθ,
1392 812 1439 876 έν-

290 913 380 996 νάτην
400 918 453 980 τοῦ
472 909 558 995 Ἰῶβ,
591 909 717 992 δεκάτην
737 909 771 976 τά
799 910 980 994 Ψαλτήριον,
1007 910 1166 994 ἑνδεκάτην
1188 915 1358 995 Παροιμίας
1378 918 1439 978 Σο-

184 1075 189 1086 ,
287 1022 452 1096 λομῶντος,
476 1012 740 1094 δυοδειιαιδεκάοην
756 1009 996 1095 Ἕοικλησιαστήν,
1025 1011 1261 1097 τριςιιαιδεκάτην
1281 1011 1314 1078 τδ
1328 1007 1440 1095 'Aaou

288 1123 349 1182 τῶν
365 1114 518 1204 ᾀσμάτων,
546 1113 857 1198 τεσσαρεςταιδειιάτην
875 1113 994 1199 πρῶτην
1012 1121 1189 1193 Βασιλειῶν,
1216 1113 1437 1182 πεντεκαιδεκά-

288 1241 342 1300 την
360 1220 498 1302 δευτέραν
518 1223 691 1293 Βασιλειῶν,
718 1215 927 1299 ἑκκαιδεκάτην
945 1221 1045 1302 τρίτην
1066 1223 1239 1295 Βασιλειῶυ,
1267 1220 1438 1284 ἑπτακαιδε-

287 1318 380 1400 κάτην
393 1319 533 1404 τετάρτην
551 1325 721 1398 Βασιλειῶν,
750 1317 1004 1400 ὀκτωκαιδεκάτην
1021 1317 1142 1402 πρῶτην
1158 1320 1439 1402 Παραλειπομένων,

288 1419 547 1501 ἐννεακαιδεκάτην
569 1423 706 1506 δευτέραν
725 1422 1005 1504 Παραλειπομένων,
1035 1418 1170 1502 εἰκοστήν
1186 1419 1219 1486 τδ
1238 1421 1438 1505 Δαδεκαπρό-

287 1549 400 1605 φητον,
428 1518 561 1603 εἰκοστήν
583 1522 703 1607 πρῶοην
716 1520 839 1588 Ἡσαΐαν
863 1521 913 1590 τάν
936 1521 1111 1606 προφήτην,
1139 1523 1273 1603 εἰκοστήν
1295 1525 1440 1608 δευτέραν

288 1623 340 1692 τάν
357 1623 515 1708 προφήτην
529 1621 687 1706 Ἱερεμίαν,
716 1624 787 1707 μετά
802 1633 861 1690 τῶν
881 1623 1006 1709 Θρήνων
1027 1627 1078 1690 καί
1094 1623 1270 1690 Ἐπιστολῶν
1291 1622 1385 1692 αῦτοῦ
1405 1651 1440 1692 τε

289 1729 338 1791 καί
354 1734 408 1792 τοῦ
423 1725 554 1811 Βαροῦχ,
577 1727 710 1808 εἰκοστήν
726 1733 824 1810 τρίτην
837 1725 972 1809 Ἰεζεκιήλ
986 1725 1036 1792 τάν
1049 1726 1221 1812 προφήτην,
1243 1726 1377 1809 εἰκοστήν
1392 1753 1439 1792 τε-

288 1827 397 1910 τάρτην
417 1827 529 1911 Δανιήλ
549 1827 601 1894 τδν
620 1827 791 1912 προφήτην,
821 1827 956 1912 εἰκοστήν
976 1831 1113 1910 πέμπτην
1134 1828 1167 1894 τά
1188 1835 1306 1912 πρῶτον
1322 1833 1439 1912 βιβλίον

289 1937 344 1996 τοῦ
365 1928 493 2017 Ἐσδρά,
524 1928 656 2014 εἰκοστήν
677 1933 762 2013 έκτην
782 1928 815 1995 τδ
838 1930 975 2015 δεύτερον
996 1935 1126 2014 βιβλίον,
1156 1928 1440 2014 είκοστήν·έβδο’μην

288 2031 322 2096 τά
344 2035 458 2115 βιβλίον
476 2031 604 2117 Ἐσθήρ.
650 2035 710 2098 Καί
727 2031 815 2098 οῦτοι
832 2036 906 2096 είσίν
923 2037 957 2097 αι’
970 2032 1134 2100 εἰκοσιεπτά
1150 2037 1247 2115 βίβλοι
1263 2037 1297 2097 αἱ
1311 2037 1344 2100 ἐκ
1360 2043 1440 2099 θεοῦ

290 2139 426 2200 δοθεῖσαι
442 2143 504 2212 τοῖς
518 2133 692 2212 Ἰουδαῖοις,
714 2134 861 2200 εἰκοσιδύο
877 2136 908 2200 δὲ
924 2133 965 2210 ῶς
981 2133 1017 2200 τά
1033 2135 1102 2218 παρ’
1116 2134 1218 2211 αὐτοῖς
1236 2145 1362 2217 στοιχεῖα
1377 2143 1440 2202 τῶν

288 2233 460 2319 Ἑβραϊκῶν
475 2235 654 2322 γραμμάτων
668 2235 898 2320 άριθμοάμευαι,
921 2235 971 2302 διά
985 2236 1019 2304 τά
1032 2241 1212 2304 διπλοῦσθαι
1230 2240 1302 2304 δέκα
1316 2242 1441 2321 βίβλους

288 2341 331 2413 είς
344 2341 428 2404 πέντε
442 2342 606 2425 λεγομένας.
637 2342 712 2436 Περὶ
725 2337 832 2404 τοῦτον
848 2340 879 2404 δὲ
895 2337 964 2420 άλλη
980 2365 1039 2405 που
1055 2347 1160 2419 σαφῶς
1173 2338 1336 2423 εἰρήκαμεν.
1366 2343 1440 2404 Elui

290 2442 323 2504 δὲ
344 2443 395 2506 καί
414 2440 498 2507 άλλαι
514 2440 569 2506 δύο
588 2445 684 2524 βίβλοι
699 2438 768 2523 παρ’
785 2438 885 2516 αὐτοῖς
903 2444 935 2506 έν
950 2440 1134 2530 άμφιλέκτρι,
1162 2438 1183 2523 ή
1197 2447 1299 2522 Σοφία
1316 2449 1369 2508 τοῦ
1384 2450 1439 2508 a

290 2539 359 2622 φάη,
388 2545 439 2608 καλ
460 2541 550 2624 ήτοῦ
569 2549 778 2624 Σολομῶντος,
809 2545 897 2628 χωρλς
918 2542 1012 2610 ἄλλων
1029 2549 1117 2610 τινῶν
1135 2548 1256 2626 βιβλίων
1273 2545 1440 2627 ίναποκρῦ·

290 2668 365 2721 φων.
410 2649 512 2710 Πᾶσαι
526 2645 559 2709 δί
574 2637 663 2710 αῦται
677 2645 753 2725 ίεραί
768 2649 863 2726 βίβλοι
876 2642 929 2710 τδν
942 2644 1132 2726 Ἰουδαλσμδν
1147 2649 1313 2725 έδῦλασκον,
1335 2648 1386 2712 καλ
1402 2646 1441 2714 τά

289 2751 342 2810 τοῦ
359 2743 454 2827 νόμου
469 2743 659 2830 φυλάγματα,
686 2748 741 2820 ἕως
755 2753 808 2828 τῆς
822 2752 874 2812 τοῦ
892 2752 999 2832 κυρίου
1013 2744 1100 2829 ήμῶν
1114 2745 1216 2830 Ἰησοῦ
1235 2755 1366 2832 Χριστοῦ
1380 2775 1437 2814 ιτα-

290 2851 427 2928 ρουσίας,
455 2849 504 2912 καλ
524 2856 622 2922 καλῶς
639 2850 781 2930 ἐφέροντο
798 2848 1071 2934 παιδογωγοῦμενοι
1094 2852 1126 2916 ίν
1147 2857 1189 2937 τῷ
1207 2848 1304 2938 νάμφ,
1332 2852 1360 2914 εί
1375 2851 1438 2916 ίδέ-

289 2951 376 3024 ξαντο
398 2946 450 3012 τδν
475 2949 604 3034 Χριστάν
623 2948 675 3018 τάν
696 2947 756 3014 ῦπδ
780 2955 835 3016 τοῦ
857 2955 1062 3036 παιδαγωγοῦ,
1093 2954 1170 3033 φημλ
1194 2953 1228 3016 δέ
1254 2959 1307 3018 τοῦ
1328 2951 1438 3033 νόμον,

289 3046 393 3126 αῦτοῖς
405 3054 648 3136 προκηρυγθέντα
662 3077 691 3118 τε
708 3053 757 3118 καί
774 3055 1028 3136 προφηττυθέντα,
1046 3056 1095 3118 ’ίνα
1111 3052 1263 3136 δεξάμενοι
1278 3052 1370 3120 αὐτοῦ
1382 3053 1440 3135 τήν

289 3149 418 3234 θεάτητα
439 3154 490 3218 καλ
509 3150 564 3234 τήν
585 3157 726 3239 ίνσιιραον
746 3151 839 3220 αδτοῦ
855 3156 1022 3239 παρουσίαν
1041 3153 1195 3236 μάθωσιν,
1225 3154 1263 3222 οδ
1278 3153 1439 3222 κατάλυσιν

289 3253 400 3336 νάμου,
422 3251 493 3320 α’ίλά
511 3254 564 3337 τήν
579 3263 634 3322 τοῦ
649 3255 743 3338 νόμου
758 3254 915 3340 πλήρωσιν.
956 3253 1083 3338 Ἐπειδή
1101 3261 1132 3323 οί
1144 3256 1233 3322 τύποι
1250 3259 1281 3324 ἐν
1297 3264 1337 3345 τῷ
1353 3257 1438 3346 νῦμφ

288 3349 379 3438 ήσαν,
408 3354 429 3441 ή
446 3358 478 3424 δὲ
493 3355 618 3440 άλήθεια
634 3360 666 3423 έν
681 3365 723 3446 τῷ
738 3356 900 3446 εῦαγγελλφ.
942 3355 1030 3422 Ἐκεῖ
1041 3357 1096 3443 γάρ
1113 3356 1135 3440 ή
1151 3357 1293 3443 περιτομή
1310 3359 1438 3443 σαρκική

291 3455 496 3546 ῦτηρετήσασα
512 3459 607 3548 χράνφ
627 3462 683 3536 έοις
703 3467 755 3542 τῆς
769 3457 895 3544 μεγάλης
910 3467 1084 3544 περιτομῆς,
1112 3464 1241 3528 τουτέστι
1262 3468 1316 3526 τοῦ
1332 3465 1439 3544 βαπτί-

291 3582 400 3641 σματος
420 3570 473 3628 τοῦ
489 3564 711 3646 περιτίμνοντος
724 3558 805 3644 ήμῦς
819 3559 879 3628 dud
896 3560 1127 3648 άμαρτημάτων,
1154 3565 1206 3628 καί
1223 3567 1442 3649 σφραγίσαντος

291 3657 369 3742 ήμῦς
387 3666 430 3738 τίς
452 3663 546 3749 ὄνομα
564 3672 650 3732 θεοῦ.
693 3667 754 3730 Καὶ
773 3657 813 3746 ἦν
835 3667 898 3732 έκεῐ
914 3665 1080 3749 σάββατον,
1106 3668 1229 3749 κατέχον
1244 3663 1324 3748 ήμῦς
1339 3667 1381 3741 είς
1402 3664 1439 3731 τά

210 3807 223 3828 .
286 3764 364 3847 μίγα
376 3763 535 3846 σάββατον,
556 3769 703 3834 τουτέστιν
716 3771 759 3844 είς
773 3764 942 3834 άνάτιαυσιν
959 3774 1099 3854 Χριστοῦ,
1120 3771 1170 3834 ἰ’να
1185 3771 1217 3834 έν
1234 3773 1351 3856 Χριστῷ
1364 3771 1439 3848 σαβ-

177 3903 227 3948 m.
240 3895 272 3938 τι.
291 3869 454 3948 βατέσωμεν
467 3865 526 3933 άπδ
541 3867 764 3954 άμαρτημάτων.
795 3871 855 3936 Καί
869 3863 908 3952 ἦν
921 3873 983 3938 ἐκεῖ
994 3869 1144 3954 πρόβατον
1156 3869 1263 3955 άλογον
1276 3867 1442 3951 θυόμενον,

288 3971 485 4053 καθοδηγοῦν
498 3966 577 4050 ήμῦς
591 3975 633 4046 τίς
643 3971 677 4038 τδ
692 3976 765 4057 μέγα
779 3972 931 4058 πράβοτον
942 3975 992 4036 καί
1008 3971 1185 4056 ἐπουράνιον
1199 3970 1274 4057 ῦπὲρ
1289 3969 1374 4054 ήμῶν
1386 3974 1443 4036 καὶ

291 4068 365 4154 ν’πέρ
386 4068 457 4136 ῦλου
476 4077 531 4136 τοῦ
551 4071 665 4153 κόσμου
686 4076 786 4140 τυθέν.
832 4075 892 4138 Καί
910 4066 949 4155 ἦν
968 4075 1030 4138 ἐκεῖ
1046 4071 1265 4148 άτιοδιιιάτωσις
1283 4071 1443 4154 άσφαλιζο-

291 4175 380 4256 μίνη,
401 4176 450 4238 ’ίνα
467 4169 507 4254 μή
525 4169 606 4260 λάθη
622 4170 701 4254 ήμῦς
717 4176 750 4242 τά
770 4179 858 4254 ίιδτα,
881 4171 901 4257 ή
918 4173 1022 4254 δεκάς,
1042 4174 1076 4242 τδ
1093 4183 1213 4261 πρῶτον
1227 4185 1367 4259 στοιχεῖον
1384 4183 1444 4242 τοῦ

292 4272 393 4358 Ἰησοῦ
414 4273 566 4358 άνάματος.

161 4389 227 4457 Κεφ.
246 4390 274 4452 ς’.
380 4376 466 4443 Ἐπεί
488 4366 542 4441 οῦν
562 4381 603 4466 τῷ
624 4374 706 4465 τῦπφ
727 4376 886 4462 ἤχθησαν,
911 4378 962 4444 καί
984 4376 1042 4444 οῦκ
1066 4381 1205 4460 έφθασαν
1231 4381 1273 4455 τίς
1294 4383 1446 4444 τελείωσιν

291 4477 346 4563 τήν
372 4478 422 4546 διά
447 4480 540 4562 νόμον
568 4479 617 4545 καί
645 4485 808 4566 προφητῶν
832 4482 884 4548 καί
912 4478 1005 4547 άλλων
1031 4483 1082 4547 καλ
1110 4479 1207 4564 πάσης
1228 4484 1332 4564 βίβλου
1353 4503 1444 4564 κεκη-
