3096 4988
304 293 366 356 282
720 303 1029 356 αισιτισειειιιυιι

302 427 385 507 τρίαν
398 419 549 508 ἡγήσαντο
565 427 620 486 τοῦ
638 417 736 486 αύτῶν
752 419 956 506 κηρύγματος,
986 422 1110 486 καὶτοῦ
1129 417 1351 486 ’ἀποστσλικαῦ
1368 447 1461 509 χαρα-
1539 409 1540 422 ³

302 531 426 611 κτῆρος,
449 527 537 588 παντί
557 549 598 610 τω
621 519 714 605 δῆλόν
736 525 831 588 ’ἐστι

392 628 469 711 Περί
484 626 517 690 δέ
529 632 585 690 τοῦ
598 621 685 707 άγίου
701 623 824 689 Παύλου
841 621 882 700 ῶς
897 628 1145 707 βλασφημοῦντας
1155 622 1247 691 σῦκόν
1259 627 1387 712 λέγουσι,
1404 626 1460 692 πό-

304 751 342 796 σα
354 731 410 812 ίχυ
421 729 514 813 λέγειν
519 755 528 804 ς
550 733 677 810 Πρῶτον
690 726 743 808 μέν
753 723 811 811 γάρ
825 727 959 810 λέγουσιν
972 723 1194 810 αάτδνὝλληνά
1206 753 1236 794 τι
1249 731 1301 792 καλ
1314 731 1344 806 ἐξ
1357 731 1461 794 έθνῶν
1540 719 1541 798 λ

303 828 459 915 όπάρχειν,
488 827 674 914 προςήλυτον
696 827 729 892 δέ
752 830 901 912 γεγονέναι
922 826 1053 912 ὕστερον.
1099 835 1172 906 Πῶς
1195 822 1251 896 οῦν
1270 828 1361 906 αύτός
1382 831 1460 915 λέγει

302 933 371 1017 περί
394 934 517 1010 ἑαυτοῦ,
545 927 686 1014 Ἑβραῖος
706 931 736 1007 ἐξ
754 927 916 1014 Ἑβραίων,
945 933 979 996 έκ
997 932 1165 1015 σπέρματος
1179 929 1329 1016 Ἁβραάμ,
1361 939 1461 1014 φυλῆς

306 1035 461 1117 Βενιαμλυ,
482 1031 559 1098 κατά
572 1030 665 1114 νόμον
682 1036 853 1114 Φαρισαῖος,
875 1034 1086 1116 περισσοτέρως
1099 1033 1229 1116 ζηλωτὴς
1242 1031 1385 1116 ῦπάρχων
1398 1042 1460 1098 τῶν

303 1144 455 1221 πατρικῶν
471 1161 529 1218 μου
547 1132 755 1219 παραδόσεωυς
778 1135 838 1197 Καλ
856 1135 887 1198 έν
903 1131 980 1221 ἀλλην
996 1133 1080 1223 τόπςα
1095 1137 1183 1220 λέγει,
1202 1134 1378 1220 Ἰσραηλῖταί
1388 1137 1460 1214 ελσι,
1541 1175 1542 1200 ι

302 1236 400 1325 κάγοέ·
431 1239 547 1319 σπέρμα
561 1234 696 1318 Ἀβραάμ
715 1238 784 1313 είσι,
812 1232 903 1320 κάγτό.
948 1241 1009 1300 Καί
1024 1258 1114 1318 φησι,
1146 1235 1297 1322 Περιτομύ
1315 1234 1460 1320 όεεταήμε-
1541 1247 1542 1252 ’

304 1365 365 1424 ρος,
388 1341 439 1404 καλ
454 1337 715 1424 ἀνατεθραμμένος
730 1334 812 1422 παρά
826 1335 895 1412 τούς
909 1335 1006 1412 πόδας
1021 1336 1187 1421 Γαμαλιήλ,
1208 1342 1261 1404 καί
1273 1336 1413 1424 Ἑβραῖος
1427 1344 1458 1417 έξ

301 1439 454 1526 Ἑβραίων.
498 1443 560 1506 Καλ
580 1449 628 1504 ιιι
647 1447 707 1504 τῶν
725 1443 828 1504 δεινῶν
845 1439 975 1524 έρπιτῶν
990 1436 1027 1503 τά
1046 1439 1128 1505 δεινά
1143 1438 1321 1523 κωκύματα,
1348 1445 1402 1507 καλ
1417 1441 1455 1506 τά

304 1545 515 1627 δρακοντοειδῆ
533 1547 710 1626 συρίγματα,
739 1541 790 1605 καλ
811 1547 866 1621 τῆς
888 1546 1072 1620 κενοφωνίας
1092 1542 1129 1606 τά
1150 1540 1319 1628 δηλητήρια.
1369 1549 1458 1620 Ίλνυς

304 1645 337 1709 δέ
351 1643 487 1727 λήψομαι
498 1642 552 1726 την
568 1647 746 1728 μαρτυρίαυς
767 1639 916 1724 Ἐβίωνος
930 1644 979 1706 καλ
994 1651 1054 1708 τῶν
1066 1641 1128 1708 κατ’
1143 1643 1244 1723 αύτόν,
1265 1644 1355 1727 ἢτοῦ
1370 1641 1458 1730 ἀγίου

305 1747 423 1830 Πέτρου
440 1752 494 1810 τοῦ
506 1747 650 1830 λέγοντος,
670 1741 722 1820 Ὡς
738 1745 866 1828 ἔγραψεν
881 1741 952 1824 ύμῖν
965 1741 983 1809 ό
997 1742 1126 1825 ἀδελφός
1139 1773 1197 1828 μου
1214 1753 1346 1825 Παῦλος,
1369 1746 1456 1812 ἅτινά

302 1851 363 1913 έστι
385 1849 484 1930 βαθέα
506 1849 560 1912 καλ
582 1843 815 1932 δυςερμήυευτα,
844 1843 912 1910 όίοί
925 1843 1053 1928 ἀμαθεῖς
1070 1849 1120 1911 καλ
1137 1846 1306 1933 ἀστήρικτοι
1325 1851 1456 1935 διαστρέ-

302 1971 394 2030 φουσι
410 1956 447 2038 τῇ
462 1951 574 2014 ἑαυτῶν
591 1946 736 2036 ἀγνωσίηις
758 1945 855 2011 Πάλιν
868 1946 900 2010 δέ
915 1949 967 2012 καί
983 1944 1001 2012 ό
1016 1947 1099 2032 άγιος
1115 1955 1234 2026 Παῦλος
1248 1961 1392 2036 μαρτυρεῖ
1403 1954 1456 2015 καλ

302 2048 392 2126 αῦτός
407 2060 470 2126 τοῖς
484 2053 552 2136 περί
568 2052 686 2136 Πέτρον
698 2052 805 2135 λέγων,
829 2050 890 2112 Καλ
902 2045 1056 2131 Ἰάκωβος,
1078 2052 1129 2114 καλ
1144 2048 1303 2134 Ἰωάννης,
1323 2056 1376 2117 καλ
1393 2060 1457 2135 Κη·

302 2157 379 2233 φῶς,
401 2157 433 2219 σι’
446 2157 605 2228 δοκοῦντες
621 2151 721 2218 στόλοι
736 2147 825 2228 εἶναι,
847 2149 945 2226 δεξιάς
959 2153 1075 2218 ίδακαν
1088 2155 1153 2234 έμολ
1165 2155 1217 2218 καλ
1232 2153 1379 2242 Βαρνάβᾳ
1393 2181 1456 2220 κοι-

302 2260 419 2331 νωνίας.
465 2253 533 2320 Κάν
552 2280 583 2319 τε
603 2253 662 2340 γάρ
682 2254 794 2337 Ταρσέα
811 2249 918 2318 ἑαυτόν
935 2256 1029 2332 είποι,
1060 2252 1116 2318 οῦκ
1133 2251 1192 2319 ἀπό
1212 2253 1319 2320 τούτου
1337 2255 1457 2331 πάντας

303 2359 422 2422 δέδοται
440 2354 591 2442 πρόφασις
607 2365 670 2434 τοῖς
689 2359 901 2438 έλεξιθηροῦοι
919 2353 955 2418 τά
970 2357 1013 2430 είς
1029 2357 1142 2421 έαυτῶν
1156 2356 1382 2441 καταστροφὴν,
1403 2361 1456 2422 καλ

301 2465 362 2523 τῶν
385 2459 575 2541 πειθομένων
597 2457 694 2533 οῦτως
714 2460 795 2540 έχειν.
840 2457 902 2520 Καὶ
921 2454 977 2541 γάρ
999 2459 1051 2522 καλ
1069 2456 1229 2542 Βαρνάβαν
1247 2461 1322 2544 λέγει
1339 2455 1457 2541 ’ίασηφ

300 2585 373 2625 ποτε
385 2559 583 2643 καλούμενον,
613 2559 774 2646 Βαρνάβαν
789 2559 822 2623 δέ
837 2560 1073 2640 μετακληθέντα,
1102 2558 1169 2624 υίόν
1182 2559 1394 2645 παρακλήσεως
1408 2563 1455 2646 ἕρ.

303 2659 518 2744 μηυευόμιυον,
548 2666 691 2744 Λευίτην,
722 2659 860 2745 Κάπριον
880 2668 920 2748 τῷ
943 2661 1026 2744 γένει
1072 2664 1132 2725 Καὶ
1153 2659 1190 2726 οῦ
1210 2661 1330 2738 πάντως
1351 2661 1457 2743 έκειδιλ

301 2762 439 2848 Κόπριος
456 2755 510 2844 ἦν,
539 2761 594 2830 ούκ
610 2757 649 2846 ἦν
666 2761 725 2828 ἀπό
743 2770 796 2828 τοῦ
811 2766 901 2828 Λευί·
934 2760 975 2839 ῶς
992 2761 1078 2828 καλό
1097 2761 1179 2848 άγιος
1198 2769 1333 2842 Παῦλος,
1362 2767 1389 2828 εί
1404 2766 1456 2830 καλ

300 2860 361 2930 ἀπό
385 2871 503 2948 Ταρσοῦ
520 2862 654 2946 ολρμῶτο,
684 2861 741 2930 σῦκ
757 2856 797 2947 ἦν
813 2861 964 2950 ἀλλότριος
979 2872 1033 2930 τοῦ
1051 2862 1178 2949 Ἰσραήλ.
1223 2868 1456 2950 Διασπαρίντων

172 3009 223 3052 pag,
239 2997 282 3042 ηρ,
299 2963 357 3051 γολρ
376 2973 490 3032 πολλῶν
503 2967 536 3030 έν
551 2975 614 3041 τοῖς
631 2963 748 3050 χρόνοις
763 2963 912 3048 Ἀντιόχοα
929 2973 982 3032 τοῦ
997 2963 1203 3048 Ἐπιφανοῦς,
1225 2969 1276 3032 καί
1291 2971 1322 3034 έν
1336 2965 1456 3051 χρόνοις

299 3064 412 3146 ἀλλοις,
433 3070 532 3132 εἴποτε
546 3068 700 3149 συνέβαινε
713 3067 849 3150 πόλεμος,
871 3070 1163 3150 αἰχμαλωτισθέντων
1178 3070 1228 3132 καλ
1247 3071 1397 3134 δοθέντων
1411 3073 1456 3143 είς

300 3173 489 3256 πολιορκίαν,
519 3172 550 3235 οί
565 3170 618 3252 μέν
632 3167 809 3251 αἰχμάλωτοι
824 3167 967 3254 ἀρθέντες
982 3171 1138 3251 ἐπέμειναν
1153 3173 1186 3235 έν
1201 3191 1259 3235 τισι
1275 3169 1393 3248 τόποις,
1423 3176 1457 3236 οἱ

301 3272 335 3336 δέ
350 3269 410 3338 ἀπό
424 3269 565 3354 τοιαύτης
579 3273 673 3347 αίτίας
684 3268 924 3357 ἀναχωρήσαντες
937 3270 1093 3359 κατςέκουν
1105 3274 1229 3348 ἕκαστος
1246 3275 1346 3337 ’ένθα
1360 3277 1456 3336 κατεί-

300 3381 403 3455 ληφεν.
444 3371 497 3450 Ὡς
511 3378 564 3440 καλ
581 3372 666 3459 ἅγιος
679 3371 822 3458 Ἱερεμίας
836 3375 913 3458 έλεγε
927 3376 995 3458 περὶ
1008 3380 1062 3438 τοῦ
1077 3371 1204 3456 Ἰσραήλ,
1226 3373 1366 3456 καθάπερ
1382 3383 1455 3440 πολ-

301 3476 385 3552 λάκις
399 3483 486 3543 τοῦτο
500 3473 573 3541 αύτό
588 3476 767 3559 συμβέβηκε,
788 3473 823 3541 τό
837 3471 1064 3560 ἀποδιδράσκειν
1078 3473 1138 3539 ἀπό
1152 3475 1314 3558 προςῶπου
1326 3481 1386 3540 τῶν
1400 3501 1458 3540 πο-

300 3583 419 3659 λεμίων,
449 3577 496 3644 ὅτι
520 3579 581 3642 Καλ
602 3581 645 3654 είς
663 3585 774 3653 Κιτιεῖς
797 3575 850 3642 έάν
869 3574 1019 3666 ἀπέλθῃς,
1051 3574 1120 3642 οῦτε
1140 3577 1202 3642 έκεῖ
1221 3599 1270 3642 σοι
1287 3575 1458 3654 ἀνάπαυσις

301 3681 389 3742 ίσται.
433 3683 530 3744 Παντλ
549 3682 583 3745 δέ
599 3707 641 3768 τρο
658 3679 749 3762 δῆλόν
766 3681 845 3744 έοτιυ
862 3678 907 3744 ὅτι
928 3684 1033 3744 Κίτιον
1048 3676 1069 3761 εἰ
1088 3683 1233 3762 Κυπρίων
1250 3687 1342 3762 νῆσος
1358 3687 1457 3744 καλεῖ·

300 3803 361 3842 ται·
394 3784 492 3845 Κίτιοι
507 3779 562 3865 γάρ
582 3780 713 3865 Κύπριοι
732 3782 784 3846 καλ
798 3778 917 3848 Ῥόδιοι
958 3777 1042 3846 Ἀλλά
1058 3783 1109 3846 καλ
1127 3783 1159 3846 έν
1176 3788 1212 3869 τῇ
1228 3783 1407 3868 Μακεδονίην
1422 3781 1458 3848 τό

302 3884 387 3964 γένος
406 3882 557 3970 κατρόκησε
579 3888 724 3968 Κυπρίων
745 3907 774 3946 ιε
794 3883 846 3948 καὶ
860 3877 988 3947 Ῥοδίων.
1022 3881 1120 3947 Ὅθεν
1141 3881 1179 3964 δὴ
1198 3886 1250 3947 καλ
1267 3879 1459 3968 Ἀλέξανδρος

301 3977 420 4064 άρμᾶτο
443 3980 460 4046 ό
482 3984 642 4050 Μακεδοέν.
689 3987 750 4048 Καλ
773 3984 882 4050 τούτου
904 3987 990 4050 ένεκα
1011 3985 1167 4069 ἐμφέρεται
1187 3987 1219 4048 έν
1241 3993 1303 4060 τοῖς
1324 3989 1457 4049 Μακκα-

301 4089 399 4167 βαίοις
411 4082 457 4149 ὅτι
471 4087 579 4167 έξῆλθε
593 4089 708 4169 σπέρμα
724 4090 757 4152 έπ
771 4093 828 4172 γῆς
841 4088 976 4152 Κιτιέων.
1023 4089 1084 4151 Καλ
1099 4084 1156 4170 γάρ
1169 4089 1202 4152 έκ
1215 4087 1381 4169 σπέρματος
1393 4093 1460 4150 τῶν

298 4183 448 4269 Ἐλλήνων
461 4184 647 4272 Ἀλέξανδρος
664 4187 682 4254 ό
697 4186 857 4254 Μακεδῶν.
899 4186 983 4253 Ἀλλά
998 4186 1155 4273 γενόμενος
1168 4189 1256 4254 πάλιν
1266 4191 1298 4253 έν
1314 4195 1356 4276 τῷ
1371 4185 1458 4277 τόπρι

332 4377 357 4428 λ.
373 4371 537 4432 ἀποστολικοῦ
555 4391 601 4428 που
618 4379 685 4426 habet
699 4381 750 4428 ιοσ.
768 4381 840 4432 Vatia.
926 4379 950 4430 2.
968 4377 1158 4444 λεξεσιὸηροῦαι
1181 4381 1232 4430 ωδ.
1248 4380 1346 4442 nmio.
1362 4383 1384 4428 ιι
1399 4381 1462 4430 edit.

333 4441 357 4494 3.
376 4441 430 4498 έσιι
445 4461 492 4496 που
507 4451 570 4496 καλοί
586 4449 610 4494 λιι
625 4447 677 4494 eod.
694 4447 767 4496 Ϋσίίο,
891 4450 966 4510 μείου.
978 4473 1011 4484 -
1028 4449 1084 4498 leem
1095 4461 1140 4508 μιν
1155 4445 1260 4510 Ταρσέα
1273 4449 1297 4495 λα
1311 4447 1366 4494 κοιλ
1378 4452 1462 4506 mm.

335 4509 394 4564 Cu.
410 4513 494 4566 XXV.
511 4541 544 4555 -·
564 4513 586 4565 1.
604 4504 626 4566 ῶ
643 4515 693 4564 eod.
707 4516 780 4565 vatic.
893 4517 976 4577 λερίιυτ
1000 4511 1110 4577 θαρσέα,
1138 4519 1159 4563 εί
1182 4515 1245 4576 infra
1261 4509 1461 4578 διασπαράντωυ
