3106 4990
342 289 478 342 raanan
495 289 561 340 ura·
572 291 590 339 ι.
608 289 689 342 ron.
703 289 745 342 ru.
763 289 862 342 nana.
875 291 997 343 xxxuv.
1184 279 1243 343 ιιι

92 409 197 474 tistnm
215 409 368 474 affirmant.
414 405 525 472 Verum
544 409 709 474 desummo
727 408 778 472 iilo
795 409 844 494 qni
859 409 952 472 videri
972 431 1030 474 non
1046 421 1143 497 potest
1157 407 1248 475 Patre

91 531 130 576 ac
147 511 299 575 conditore
315 511 444 575 omnium
458 511 526 574 illutl
543 512 636 596 ipsum
651 512 801 596 usurpari,
825 515 913 574 Neine
927 515 1030 575 uidebit
1041 518 1136 589 deum,
1163 512 1397 586 lacileemaatnn

91 635 198 678 omnes
219 613 396 696 intelligunt.
443 610 524 677 Idem
547 635 619 678 vero
643 635 699 677 nnn
723 615 758 676 ad
777 615 931 678 confictum
949 615 1030 678 illurn
1049 615 1085 678 ab
1103 615 1168 680 istis
1187 613 1247 702 Bp·

92 718 192 794 tham,
216 716 267 780 aed
286 717 320 780 ad
339 737 436 780 rerum
454 716 582 780 omnium
601 717 731 802 opificem
749 717 924 795 convenire,
949 739 1072 802 eumque
1090 738 1145 782 nec
1162 739 1248 803 aspe-

91 819 228 884 ctabilem
245 839 312 882 esse
327 819 424 896 deam,
443 840 461 883 a
479 818 563 884 nobis
578 831 680 905 postea
696 819 952 884 demonstrabitur.
986 820 1106 884 Addunt
1116 820 1144 882 id
1160 820 1247 884 etiam

90 921 277 1006 significasse
297 919 467 999 Danielem,
492 942 556 985 oum
576 921 612 984 ab
634 922 739 1005 angelo
757 921 957 1006 parabolarum
975 921 1247 1008 interpretationem

91 1024 175 1088 velut
190 1022 311 1107 ignaros
328 1023 467 1108 postulat.
506 1023 653 1108 Angelum
670 1043 742 1086 nero
759 1046 892 1107 maguum
907 1021 996 1111 Bythi
1011 1026 1181 1110 mysterium
1199 1045 1248 1088 ce·

90 1126 155 1190 lace
174 1125 338 1212 cupientem
354 1127 395 1190 ita
412 1125 617 1212 respondisset
642 1131 717 1188 Vade
728 1131 849 1189 Dnnaet:
879 1133 945 1208 quin
961 1131 1055 1190 elensi
1068 1141 1137 1190 sunt
1149 1133 1247 1209 sagam
1259 1145 1347 1190 umus
1365 1145 1385 1189 s.

92 1235 344 1312 aptassemus,
377 1251 521 1312 penesque
536 1233 724 1310 intelligentes
740 1233 918 1309 intelligent,
950 1243 978 1292 et
994 1231 1056 1292 atta·
1070 1232 1243 1294 dealbentur.
1291 1203 1314 1241 εἰ
1328 1176 1359 1242 td.

92 1329 137 1396 Se
159 1331 237 1396 enim
261 1331 343 1396 albos
365 1331 431 1395 illos
455 1342 485 1394 et
505 1329 702 1416 intelligentes
725 1351 791 1396 esse
812 1331 985 1417 gloriantur.

179 1499 424 1622 elpoerppbarum
447 1545 598 1622 praetcrea
622 1547 651 1600 et
672 1536 897 1602 adulterinarum
919 1536 1143 1624 seripturarum,
1176 1537 1398 1623 quascapxtll.

91 1641 210 1726 ipsimet
234 1639 391 1704 commenti
419 1649 506 1717 snut,
537 1639 676 1704 infinitam
702 1639 911 1704 multitudinem
936 1640 1110 1718 obtrudunt,
1143 1641 1247 1726 quibus

91 1742 238 1828 imperitis
266 1762 301 1806 ac
323 1761 529 1826 germanarum
554 1743 761 1824 scripturarum
788 1741 897 1826 ignaris
921 1754 1069 1828 stuporem
1094 1743 1244 1807 obiiciant.

93 1843 175 1929 Quin
191 1845 261 1909 illnd
277 1844 423 1908 scelerate
438 1844 592 1908 conlictum
609 1846 759 1933 proterunt
776 1846 805 1908 in
822 1845 965 1924 medium,
990 1840 1151 1925 Christum,
1176 1865 1248 1932 puer

91 1971 160 2012 cana
178 1958 258 2012 esset
274 1947 430 2030 literasque
448 1947 591 2024 disceret,
615 1945 741 2026 iubenti,
767 1959 798 2011 nt
815 1948 941 2026 assolet,
966 1948 1165 2034 praeceptori,
1191 1948 1247 2013 llic

91 2051 194 2136 alpba,
226 2049 309 2134 alpba
326 2049 526 2135 reapondisse.
572 2047 701 2113 Rursum
722 2061 754 2114 nt
771 2048 845 2114 lleta
861 2051 971 2114 diecret
988 2049 1177 2135 praecipienti
1200 2071 1248 2116 re·

91 2153 248 2238 spondisse
266 2151 430 2231 domiuum,
454 2149 502 2215 Tu
520 2151 587 2215 milui
605 2152 727 2237 primum
745 2153 811 2237 quid
828 2152 867 2216 sit
883 2152 967 2237 alpba
984 2153 1087 2231 dicito,
1111 2164 1170 2216 tum
1190 2173 1246 2236 ego

93 2255 163 2340 qaid
180 2255 220 2318 eit
237 2255 303 2318 beta
318 2253 512 2337 respondebo.
559 2251 644 2337 Quod
668 2255 708 2318 illi
727 2255 771 2318 sic
787 2255 1032 2335 interpretantur,
1064 2255 1148 2339 quasi
1165 2256 1245 2319 solus

93 2359 171 2444 quod
189 2367 254 2420 erat
269 2358 399 2440 ignotum
417 2356 610 2440 intelligeret,
641 2356 727 2442 idque
744 2357 798 2422 sub
816 2356 917 2420 literae
935 2357 1019 2440 alpha
1035 2357 1133 2442 speeie
1150 2357 1247 2422 decla·

93 2481 164 2526 rare
181 2459 281 2524 vellet.
319 2457 471 2523 Nonnulla
488 2481 602 2544 quoque
620 2480 694 2544 quae
708 2460 736 2523 in
753 2459 905 2543 evangelio
921 2459 1057 2542 leguntur
1072 2460 1107 2523 ad
1123 2461 1245 2524 eandem

95 2565 221 2628 formam
237 2563 393 2648 applicant.
439 2559 529 2626 Velut
544 2563 618 2646 qnod
635 2563 718 2625 matri
735 2583 805 2627 suae
823 2562 972 2625 duodecim
989 2571 1074 2626 natus
1090 2583 1182 2626 annos
1199 2583 1246 2626 re·

93 2666 230 2750 spondit:
261 2666 436 2727 Neseaicbntr's
453 2669 528 2745 qnod
541 2671 571 2726 a'n
588 2670 625 2726 a'r's
639 2687 709 2746 paene
721 2669 816 2746 putres
830 2669 887 2726 mei
898 2675 965 2726 snnt
979 2677 1089 2746 oportet
1106 2687 1148 2727 me
1163 2674 1245 2729 esset
1257 2684 1341 2742 baca,
1352 2687 1384 2732 ts.
1403 2705 1407 2710 ·

94 2767 193 2853 Quem
216 2768 294 2832 enim
314 2767 500 2844 nesciebant,
529 2766 678 2850 inquiunt,
708 2765 826 2832 Patrem
848 2767 905 2832 illis
924 2767 1086 2832 nuntiabat.
1133 2765 1340 2851 Quam-malm.

93 2871 197 2934 obrem
213 2882 246 2934 nt
257 2871 388 2955 ignotum
405 2869 545 2933 bacteuns
559 2866 677 2934 Patrem
694 2871 913 2956 praedicarent,
936 2869 1087 2934 duodecim
1103 2871 1138 2935 ad
1153 2871 1244 2936 tribus
1264 2843 1296 2898 η’
1311 2843 1341 2886 ¹⁷⁸

93 2973 213 3038 misisse
238 2973 317 3036 illum
340 2971 498 3056 discipulos
519 2983 665 3037 asserunt.
715 2970 830 3036 Deinde
859 2993 924 3036 cum
954 2972 1045 3052 alins,
1078 2979 1247 3056 Praeceptor

93 3079 185 3138 bone!
215 3073 356 3152 diruisset,
388 3095 453 3138 eum
478 3075 526 3159 qui
552 3095 623 3138 vere
648 3075 741 3140 bonus
765 3087 810 3139 est
834 3075 919 3138 deum
946 3074 1055 3140 diserte
1078 3079 1244 3139 contessum

95 3178 199 3242 inisse.
247 3180 320 3256 Quid
336 3199 393 3244 ιιι.
425 3176 534 3261 iuquit,
564 3182 634 3240 drer's
651 3180 772 3241 domant
818 3183 893 3240 Unus
909 3189 952 3239 est
968 3179 1072 3251 boram,
1097 3182 1181 3243 Pater
1197 3183 1249 3260 pan'

94 3285 124 3342 in
151 3282 238 3342 coelas
267 3291 320 3340 est.
373 3276 531 3343 Coelorum
555 3301 642 3366 porro
665 3282 781 3344 nomine
805 3279 927 3343 deonas
951 3281 1035 3342 modo
1060 3279 1245 3363 accipiendos

94 3401 175 3446 esse.
222 3379 308 3464 Quod
327 3393 422 3446 antem
444 3383 698 3466 percontantibus,
729 3387 763 3445 In
781 3403 836 3464 pun
850 3394 989 3462 potestate
1003 3385 1055 3442 hoe
1069 3383 1169 3460 soen?
1198 3403 1244 3444 re·
1257 3403 1383 3458 cuasam.

93 3485 213 3570 spondit
228 3485 310 3562 nibil,
334 3485 386 3548 sed
404 3484 488 3548 aliam
502 3485 566 3548 eius
583 3485 783 3568 quaestionem
798 3483 959 3568 proposuit,
983 3483 1159 3546 declaratum
1176 3484 1245 3548 illud

94 3609 132 3650 eo
146 3585 264 3652 silentio
279 3597 382 3671 putant
393 3608 535 3650 summum
548 3583 666 3655 Patrem
681 3587 766 3650 nullia
782 3607 868 3672 posse
884 3585 983 3648 verbis
998 3584 1150 3670 explicari.
1184 3583 1246 3651 Ve-

93 3691 139 3754 lut
155 3690 242 3752 etism
261 3690 301 3752 ita
319 3709 384 3752 eum
400 3689 515 3753 locotus
532 3699 593 3752 est:
618 3693 707 3770 Saepo
722 3711 774 3771 ego
789 3692 947 3752 deonerans·
963 3709 1046 3749 ιιιιι
1061 3711 1098 3750 ee
1112 3691 1171 3752 a'tla's
1184 3711 1245 3752 aer·

94 3793 224 3854 mannus
238 3796 347 3866 andrie,
371 3813 422 3855 nee
435 3794 710 3874 pna'dr'ceretlabnr‘,
735 3802 847 3878 aperte,
872 3789 1016 3876 inquiunt,
1039 3811 1127 3854 unum
1146 3803 1245 3858 osten·

95 3895 138 3958 dit
154 3914 223 3958 esse
239 3894 341 3973 denna,
373 3915 457 3978 quem
476 3894 593 3958 minime
611 3895 651 3958 illi
667 3903 858 3980 cognoscent.
902 3894 949 3956 Ad
967 3894 1039 3958 haee
1055 3916 1121 3958 cnm
1138 3895 1244 3961 llieru·

93 4043 393 4112 mentesanae.
687 4050 764 4098 dratto
779 4050 904 4099 delendum
919 4063 967 4100 esse
983 4052 1091 4100 nrbdror.

128 4115 154 4168 4.
170 4119 214 4170 ami
233 4118 285 4168 ead·
301 4119 376 4168 Venet.
723 4115 749 4168 7.
764 4132 839 4184 panas
854 4111 957 4170 elenensi
973 4121 1064 4167 correct
1075 4132 1116 4182 epo
1129 4123 1197 4182 ntum
1208 4133 1245 4170 re·

128 4187 154 4236 5.
172 4181 234 4248 πρὸς
251 4178 343 4244 adratis
358 4187 453 4236 coniecit
469 4187 587 4235 Petentns.
686 4188 755 4248 posui
770 4200 814 4246 pro
833 4199 859 4234 eo
876 4188 938 4248 qnod
954 4189 1007 4235 libri
1022 4191 1096 4236 tenent
1112 4201 1176 4253 φασι
1192 4190 1244 4241 deis

128 4251 153 4304 6.
174 4248 210 4318 μή
225 4255 658 4315 particulaebestabamnlbusllbrs's.
689 4249 732 4306 διὰ
754 4253 806 4304 τοῦ.
848 4255 915 4315 Quod
932 4257 1016 4304 vitium
1038 4253 1243 4319 (eattpratsstamm,

98 4325 146 4372 Vel.
160 4321 289 4383 inemtas.-
313 4319 475 4372 inenarrabile
492 4319 567 4388 patris
582 4319 608 4372 in
625 4337 655 4370 eo
687 4323 723 4370 nti
738 4320 840 4386 videtur)
861 4324 948 4384 partim
969 4325 1042 4373 traelt
1061 4325 1131 4372 ettam
1147 4325 1244 4374 Latinus

96 4388 166 4456 qnod
190 4404 242 4438 non
266 4387 357 4438 dixerit
379 4405 429 4438 non
446 4387 582 4438 ostendisse
600 4405 655 4438 enm
688 4391 815 4452 interpres,
832 4393 873 4453 pul
887 4393 967 4440 nertii:
984 4390 1034 4439 Sed
1050 4390 1114 4440 etin
1131 4387 1243 4458 eo'qnod

96 4458 309 4524 interpretantur,
336 4459 377 4508 ubl
400 4459 499 4507 alterum
522 4459 581 4506 illud
604 4473 654 4506 ιιι
688 4455 1243 4511 dixerit---manil‘estentiedienntesae

98 4532 152 4578 ante
163 4539 216 4576 aas.
226 4523 363 4576 ostendisse
374 4539 427 4576 enm
438 4527 524 4576 Grebia
537 4527 654 4576 ett'rner·
688 4541 733 4592 per
749 4523 798 4576 laoe
814 4526 897 4576 Unum
913 4531 964 4578 cett.
