3110 4984
312 359 449 412 ranamr
467 358 544 411 nov.
561 357 732 412 rannessa
749 359 812 412 nra.
827 361 846 411 r.
862 359 944 412 ron.
956 362 975 412 t.
1163 349 1223 412 115

80 477 182 544 scilieet
199 476 284 558 lnce,
307 499 383 563 qaue
399 499 416 542 a
435 473 555 542 Christo
576 477 694 543 domino
714 473 882 563 Christique
902 477 1052 564 discipulis
1076 478 1140 542 orbi
1156 489 1223 562 ter·

81 601 167 644 rtrum
184 580 266 644 illata
283 579 348 644 luit.
385 576 500 663 Quibus
516 600 535 642 a
551 598 599 642 mc
614 579 700 643 dictis
715 589 913 644 consentaneo
931 580 1068 666 ploraque
1082 580 1222 664 colligere

80 681 153 760 licet,
176 703 213 745 ac
228 681 368 746 vaticinia
385 691 416 746 ct
433 679 553 746 oracula
569 700 610 744 cx
625 681 691 764 lege
706 682 818 760 veteri,
842 681 890 746 vel
905 677 1031 746 Psalmis
1048 681 1170 767 aliisque
1188 683 1223 746 li·

80 781 129 846 lris
146 782 334 868 conquirere,
358 793 390 846 et
405 782 531 847 omnium
548 780 669 861 seriem,
693 783 882 868 ordinemque
900 784 1091 867 perscrutari,
1115 805 1156 848 ex
1171 783 1222 848 iis·

80 905 124 968 qne
140 883 376 948 incarnationem
394 879 507 948 Christi
523 883 632 947 domini
651 883 806 969 perspicue
828 884 1019 969 comprobare
1038 907 1098 948 non
1116 907 1222 972 suppo·

80 985 202 1065 ulfiam,
227 988 280 1050 set
296 1007 397 1050 reram
415 984 564 1065 extitisse,
587 995 675 1070 atque
690 987 722 1049 iu
739 986 806 1070 lego
821 987 915 1050 veteri
935 985 1114 1066 nunciatam,
1138 998 1170 1051 ut
1185 989 1222 1052 de

80 1107 108 1150 eo
123 1088 222 1152 nullos
238 1089 277 1152 sit
294 1087 443 1152 dubitandi
458 1087 542 1152 locus
559 1088 690 1154 relictos.
736 1085 798 1153 set
815 1107 852 1150 ne
869 1086 954 1151 huius
974 1090 1071 1172 operis
1087 1090 1222 1154 tractatio

80 1187 264 1254 ninfloitum
292 1200 467 1269 excrescat,
498 1189 543 1256 lis
566 1209 640 1274 qnae
664 1189 741 1254 dian
764 1198 834 1254 sunt
855 1188 964 1254 crimus
989 1189 1130 1260 contenti.
1174 1190 1222 1255 Ac

80 1289 205 1376 deinceps
223 1290 377 1376 opiniones
393 1291 480 1374 illas,¹
496 1311 570 1375 qnae
586 1291 615 1356 in
638 1291 785 1356 hominurn
802 1289 889 1354 vitam
909 1299 1014 1376 postca
1028 1295 1156 1381 pessimo
1172 1315 1223 1356 oo·

78 1389 130 1456 lore
144 1413 180 1456 nc
193 1393 295 1478 specie
311 1391 443 1478 prolatae
460 1403 545 1470 sunt,
569 1394 670 1456 eadem
685 1390 763 1456 serie
780 1403 944 1476 porterum,
968 1405 1157 1477 posteaquam
1173 1391 1222 1458 Xl

79 1488 245 1558 ludaeorum
270 1491 581 1578 samaritanorumque
607 1503 705 1557 sectas
731 1513 797 1558 eum
823 1493 1024 1578 superioribus
1048 1491 1116 1572 lX,
1148 1499 1245 1580 qnae·

78 1594 172 1678 partim
196 1615 214 1658 e
236 1593 377 1675 Graecis,
407 1596 512 1682 partim
536 1617 576 1660 en
598 1594 732 1659 barbaris
754 1594 878 1679 aliisque
900 1595 1044 1660 conflatae
1065 1607 1134 1660 sont
1154 1607 1225 1662 ante

80 1695 226 1762 meamne
243 1699 413 1780 alvantom,
436 1699 473 1762 ed
487 1697 560 1763 haec
576 1717 669 1782 nsque
681 1708 814 1781 tempore
829 1694 927 1762 lubitu
941 1695 1096 1764 imitatio
1107 1699 1224 1764 monne

79 1798 237 1880 commui.

219 2053 284 2130 DE
310 2053 597 2150 nonaullam,
624 2051 731 2132 SIVE
759 2053 1073 2133 cflfflsrrtttls.

149 2203 380 2275 Nazamccrnm
398 2207 463 2274 sive
477 2203 713 2275 Christianorum
731 2215 779 2270 est
797 2206 879 2290 qnia
898 2203 1015 2270 ltrrlocis
1032 2205 1115 2271 brevi
1130 2207 1222 2274 iater-
1239 2215 1300 2286 Cap.
1315 2219 1332 2268 r.

77 2304 145 2370 lecto
160 2320 297 2393 temporo
315 2320 438 2374 romtns
457 2306 779 2386 concremaciones,
803 2317 835 2374 et
852 2307 887 2372 alt
905 2309 976 2393 ipsis
993 2309 1068 2373 aden
1083 2309 1224 2394 apostolis

75 2407 99 2470 il
111 2430 222 2474 nomen
236 2409 379 2489 obtinuit,
401 2432 469 2476 cnm
484 2409 526 2476 ita
540 2408 650 2475 Petrus
666 2410 782 2474 loculus
798 2409 853 2472 sita
876 2414 968 2474 Icauna
981 2414 1165 2474 Nummum
1181 2417 1223 2474 υἰ-
1235 2435 1284 2480 aa.
1297 2435 1318 2490 t,
1330 2435 1363 2481 ra

75 2529 128 2570 ru
150 2513 309 2593 prolatum
330 2533 350 2574 n
372 2516 423 2574 deo
449 2524 508 2578 etc.
552 2509 663 2577 Postea
688 2531 761 2576 vero
782 2509 959 2576 Antiochiae
981 2507 1225 2580 christianismus

74 2613 212 2696 neodtni
227 2613 338 2699 coepit.
383 2611 441 2678 ilat
455 2625 487 2679 et
504 2615 562 2680 olio
580 2613 700 2700 pronde
716 2611 941 2680 anoraeornm
957 2624 1041 2678 sacta
1060 2615 1098 2680 oe
1119 2615 1224 2702 quibos

74 2731 119 2776 sco
138 2716 214 2782 leco
234 2715 458 2802 disputabuntur.

455 2849 645 2904 1²thst
664 2853 684 2902 Ι.
715 2849 805 2902 Lllllll
823 2853 842 2902 l.

96 3001 120 3056 ti.
136 3002 252 3062 ἰονδέων
269 3006 321 3058 coe
339 3005 429 3068 tract,
445 3019 491 3068 nm
507 3018 579 3059 more.
697 3005 711 3037 *
728 3003 945 3060 Nummum
962 2993 1017 3068 edit,
1032 3009 1114 3060 Petne.
