3100 4984
334 289 469 341 ruhault
491 290 554 340 ΗΒ.
569 291 587 341 l.
605 291 686 343 Tott.
702 292 734 342 ll.
753 291 853 342 HAER.
870 293 974 344 xxxt.
1172 285 1234 347 357

67 412 139 498 quia
158 410 196 474 ab
216 409 366 475 universis
383 410 413 473 in
429 409 523 476 lucem
543 422 589 474 est
606 411 718 491 editus,
749 422 782 475 nt
800 409 983 492 Salvatoris,
1015 423 1044 478 et
1062 412 1232 500 Sapientiae

65 513 236 580 Achamoth
258 511 426 598 contingium
444 513 624 578 instituatur.
670 511 761 600 ldque
781 515 853 578 aden
871 515 966 579 saeris
982 516 1012 580 in
1031 516 1124 582 literis
1141 539 1230 606 spon·

65 640 133 682 snm
151 639 185 682 ac
201 637 339 702 sponsam
355 615 541 701 significare,
566 617 780 702 thalamumque
797 614 933 681 Pleroma
951 617 1045 703 ipsum
1063 639 1141 684 esse.
1187 621 1230 687 At

64 721 216 806 spiritales
232 719 377 798 homines,
402 730 554 804 postquam
571 721 684 784 animas
700 719 849 800 exuerint,
875 731 904 783 et
918 721 953 784 ad
971 721 1123 806 spirituum
1140 744 1227 809 pura·

65 843 191 908 rumque
205 823 345 888 mentium
362 821 558 885 enrrditionem
576 823 738 902 evaserint,
762 843 796 887 ac
812 823 890 888 nnlln
907 823 1057 888 detinente
1071 845 1127 889 nec
1143 847 1228 912 aspe-

64 925 192 990 ctabiles
208 927 238 988 in
252 923 389 989 Pleroma
405 924 643 1010 penetraverint,
669 922 834 992 Salvatoris
851 926 1004 990 comitibus
1022 925 1148 1012 Angelis
1165 929 1226 992 ecl-

63 1029 172 1093 locari.
219 1023 304 1111 Quod
322 1028 356 1092 ad
373 1024 564 1092 Conditorem
581 1038 704 1113 spectat,
726 1049 791 1093 eum
807 1049 921 1114 qnoque
937 1025 1107 1115 Sapientiae
1118 1028 1227 1096 Matris

63 1133 95 1196 in
109 1132 207 1196 laeum
221 1151 439 1209 antemnarum,
458 1129 640 1215 mediamque
655 1131 805 1216 regionem
820 1141 1027 1217 occupaturum
1040 1132 1225 1198 existimant.

64 1233 241 1318 Eodemque
261 1234 327 1298 loco
346 1233 488 1298 iustorum
508 1233 621 1296 animas
638 1234 698 1298 ntia
718 1256 753 1297 ac
769 1235 867 1319 quiete
882 1237 1025 1318 petituras
1040 1255 1125 1315 esse,
1150 1236 1226 1321 qnod

63 1339 100 1402 ad
124 1335 264 1401 Pleroma
287 1337 358 1400 nihil
380 1335 506 1400 animale
529 1335 693 1422 perveniat.
999 1333 1003 1338 ’

150 1438 206 1504 llis
223 1439 349 1524 peractis
365 1438 463 1523 ignem
479 1438 577 1520 illum,
601 1440 649 1523 qui
667 1439 697 1502 io
715 1438 814 1502 mundi
832 1438 952 1503 latebris
970 1439 1131 1520 delitescit,
1156 1459 1223 1504 eru·
1258 1465 1318 1532 cap.

62 1555 183 1630 plorum
201 1563 235 1605 ac
253 1542 501 1626 conflagraturum
519 1561 603 1621 esse,
629 1543 723 1605 donec
740 1541 818 1606 omni
836 1555 1005 1629 cousumpta
1020 1542 1141 1607 materie
1158 1565 1222 1608 cum
1240 1533 1335 1587 ffli-

63 1649 169 1712 eadem
187 1656 217 1708 et
228 1643 292 1729 ipse
307 1654 497 1729 coassumptos
513 1655 600 1728 atque
616 1643 646 1707 in
663 1644 783 1716 nihilum
800 1645 935 1709 redactus
951 1646 1050 1709 luerit.
1091 1643 1223 1729 Quorum

64 1749 197 1814 omnium
222 1747 291 1812 nihil
314 1759 382 1812 ante
403 1743 567 1812 Salvatoris
590 1747 746 1810 adventum
770 1744 924 1812 Conditori
948 1747 1038 1812 luisse
1062 1750 1221 1834 cognitum.

62 1851 132 1917 Nec
153 1852 261 1916 desunt
279 1849 382 1935 quibus
400 1849 515 1934 placcat
532 1850 618 1912 etiam
635 1850 671 1913 ab
688 1850 738 1914 illo
757 1849 932 1936 peculiarem
953 1850 1041 1914 lilium
1059 1847 1220 1932 Christum,

63 1958 118 2020 sed
135 1953 309 2032 animalem,
335 1951 518 2038 productum,
542 1952 578 2015 de
595 1973 652 2036 quo
668 1972 721 2038 per
737 1953 892 2038 propbetas
908 1954 1023 2017 locutus
1040 1953 1089 2016 sit.
1136 1952 1222 2019 llunc

63 2059 145 2124 illum
164 2077 232 2121 esse
248 2057 295 2141 qui
313 2055 356 2118 sio
372 2065 506 2141 tanquam
523 2075 597 2140 aqua
614 2075 668 2140 per
683 2055 804 2132 listulas,
829 2056 868 2118 ita
886 2075 940 2140 per
953 2053 1078 2120 Mariam
1096 2058 1222 2121 transie-

63 2162 121 2241 rit3
154 2161 185 2225 iu
208 2179 332 2243 eumque
354 2169 456 2243 postea
483 2179 547 2221 cum
569 2157 768 2243 baptizaretur
785 2157 839 2221 sub
859 2157 1010 2222 columbae
1030 2158 1221 2226 descendisse

65 2265 166 2350 speeie
180 2263 305 2328 alterum
320 2261 400 2326 illum
415 2263 450 2325 de
465 2258 633 2324 Pleromate
648 2256 833 2324 Salvatorem
849 2280 888 2323 ex
903 2259 1037 2323 omnibus
1051 2261 1219 2340 conflatum,

64 2367 124 2432 imo
139 2365 229 2430 etiam
245 2375 275 2428 et
286 2365 381 2428 cidem
398 2361 590 2428 Achamotbis
605 2361 734 2448 spiritale
747 2383 848 2426 semen
863 2362 983 2427 insitum
998 2364 1102 2428 luisse.
1136 2351 1221 2429 Unde

65 2479 195 2555 quatuor
208 2489 248 2532 en
263 2468 321 2532 illis
339 2465 530 2553 compositum
548 2485 615 2528 esse
632 2465 778 2528 dominum
796 2477 986 2544 asseverant,
1020 2475 1052 2530 ut
1066 2466 1221 2552 primariae

65 2573 144 2637 illius
162 2593 197 2634 ac
217 2570 407 2656 primigeniae
426 2568 566 2633 Tetradis
584 2567 800 2630 similitudinem
819 2569 1016 2654 exprimeret,
1047 2569 1182 2632 nimirum
1204 2589 1221 2634 e

67 2673 211 2760 spiritali,
246 2672 322 2757 quod
341 2669 577 2736 abAchamotbe
598 2670 759 2734 derivatum
780 2681 845 2749 est,
876 2692 916 2736 ex
935 2671 1081 2750 Animali,
1112 2672 1224 2756 quoda

66 2773 249 2854 Conditore,
274 2795 315 2838 ex
332 2771 553 2850 lucarnationc,
581 2772 657 2855 quod
677 2773 873 2858 inexplicabili
892 2775 1016 2860 quodam
1035 2787 1082 2839 est
1099 2773 1222 2840 artificio

65 2891 258 2958 contextum,
273 2897 316 2940 -ac
332 2877 446 2940 demam
465 2895 482 2938 e
498 2871 656 2939 Salvatore
671 2874 727 2939 hnc
743 2887 789 2939 est
803 2877 935 2942 colomba
953 2877 1003 2942 illa
1020 2877 1055 2941 tle
1072 2877 1156 2941 coelo
1174 2877 1224 2941 de-

63 2984 159 3068 lapsa.
206 2980 306 3064 Atque
323 2979 398 3042 hune
414 2978 528 3064 quidem
548 2976 694 3062 patibilem
714 3000 860 3064 nonquam
878 2980 986 3058 luisse,
1010 2982 1146 3065 quoniam
1165 2981 1223 3066 pati

65 3087 187 3150 omnino
204 3093 348 3169 nequeat,
372 3082 447 3167 quod
466 3099 561 3164 neque
577 3080 722 3144 contineri
742 3103 837 3168 neque
856 3084 947 3146 oculis
966 3083 1101 3171 usurpari
1118 3083 1222 3168 possit.

63 3187 252 3273 Proindeqnc
268 3207 332 3249 cum
352 3186 386 3248 ad
402 3179 527 3247 Pilatum
544 3185 701 3269 perductus
719 3195 782 3265 cst,
807 3185 964 3250 demissum
981 3186 1010 3249 io
1027 3207 1093 3250 eum
1112 3181 1224 3250 Christi

65 3289 209 3378 Spiritum
227 3287 373 3352 evolasse.
416 3281 476 3350 Sed
494 3307 589 3370 oeque
605 3296 766 3350 maternum
781 3288 850 3352 illud
868 3309 968 3352 semen
985 3287 1137 3373 quicquam
1157 3307 1224 3350 esso

63 3413 255 3480 perpessum,
279 3391 354 3474 quod
374 3388 463 3452 nihilo
482 3391 574 3473 magis
593 3388 711 3475 patibile
729 3390 786 3467 sit,
811 3400 909 3474 utpote
930 3391 1079 3476 spiritale,
1104 3409 1158 3453 nec
1176 3389 1224 3452 uel

62 3497 119 3582 ipsi
139 3491 294 3560 Conditnri
312 3493 427 3578 quidem
443 3491 633 3577 aspectabile.
679 3489 787 3556 Restat
801 3491 891 3577 igitur
908 3504 938 3558 ut
953 3494 1068 3556 illorum
1087 3490 1226 3576 opinione

64 3596 212 3663 Animalia
229 3596 277 3659 ille
296 3592 434 3660 Christus
452 3595 491 3658 sit
507 3617 630 3680 passus,
654 3594 811 3678 itidemque
828 3607 857 3658 et
872 3597 947 3660 alter
963 3595 1010 3682 qui
1027 3615 1066 3659 ex
1084 3592 1224 3658 lucarna-

65 3703 145 3764 tione
160 3697 305 3763 conflatus
318 3709 376 3761 cst.
412 3694 498 3781 Quod
513 3719 571 3762 noa
587 3698 651 3761 sine
667 3695 808 3782 mysterio
822 3699 982 3782 perlectum
997 3708 1054 3778 cst,
1074 3708 1106 3762 ut
1120 3698 1225 3762 summi

64 3803 142 3868 illius
160 3797 273 3866 Christi
293 3821 345 3886 per
364 3821 429 3865 eum
447 3798 549 3864 Mater
565 3799 721 3884 imaginem
742 3799 913 3880 exhiberet,
945 3800 1040 3885 quiin
1062 3797 1160 3864 Cruce
1182 3801 1225 3865 di·

63 3915 179 3970 stcotus
199 3903 411 3968 Aebamntbcm
433 3903 612 3967 substantiae
631 3902 837 3966 informatione
857 3903 1030 3989 perpolivitq
1054 3903 1126 3968 haec
1146 3903 1224 3968 enim

64 4007 160 4071 omnia
189 4006 373 4092 superiorum
400 4005 516 4070 illorum
541 4005 662 4090 liguram
689 4005 853 4070 continere.
900 4003 1083 4090 Quaerere
1110 4007 1224 4072 animae

63 4109 259 4176 Achamotbis
279 4110 391 4173 semine
411 4109 470 4174 sint
488 4128 646 4195 aspersae,
676 4128 727 4172 eas
744 4109 852 4172 ceteris
872 4129 939 4173 esse
958 4109 1114 4189 meliores,
1138 4121 1224 4193 atque

64 4212 225 4300 impensius
242 4233 260 4275 a
275 4208 438 4303 Conditorc
456 4212 555 4296 attigi;
579 4211 626 4296 qui
644 4210 707 4276 eins
723 4225 818 4277 tanuen
837 4211 879 4276 rei
895 4233 1030 4276 caussam
1045 4234 1102 4276 non
1118 4211 1224 4275 intelli-

98 4351 123 4406 7.
141 4351 183 4404 lae
199 4351 251 4402 cod.
270 4352 325 4400 uec
697 4349 722 4404 9.
740 4343 772 4404 δι’
791 4345 868 4406 αὐτοῦ
887 4353 1010 4402 emendent
1026 4351 1144 4408 Petaurus,
1162 4351 1225 4400 llas·

95 4419 120 4472 8.
139 4417 260 4487 ἰπεδειξῃ
278 4419 315 4468 ed.
328 4420 413 4481 princ,
428 4419 491 4482 qued
504 4421 587 4468 eblum
603 4431 632 4468 ec
665 4425 742 4472 suetus
757 4421 851 4482 altique,
868 4422 995 4470 secundnm
1010 4421 1057 4469 Vct.
1072 4421 1226 4481 loterpretem.

62 4489 113 4539 cod.
133 4491 243 4539 Vcttcnoi
259 4490 396 4537 auctorttcte
411 4503 427 4536 c
441 4489 539 4539 Petculo
553 4489 634 4537 sublu-
702 4491 741 4540 to.
758 4485 951 4547 dabaraobturce
968 4487 1019 4537 cnd.
1037 4489 1090 4536 Vsa.

63 4561 112 4607 tum
129 4559 170 4608 eet.
705 4556 743 4608 ll.
760 4556 851 4608 λοιπῶν
868 4551 922 4609 baio.
949 4552 993 4607 roal
1010 4555 1061 4605 cod.
1078 4555 1133 4606 l'en.
