3080 5002
268 301 274 308 ·
298 271 358 334 654
721 283 843 336 ειυυττ
860 283 1028 336 nummu

299 399 390 481 Μηδὲ
405 397 586 485 πειράζωμιν
600 396 652 464 τόν
668 393 788 484 κόριον(
823 397 857 464 Ὁ
872 401 905 466 δὲ
920 405 1069 486 Μαρκίων
1089 397 1153 466 άντλ
1172 405 1225 466 τοῦ
1239 397 1356 486 Κόριον
1382 405 1451 485 Χρι·

298 499 367 567 στάν
383 504 509 584 ἐποίησε.
556 499 686 587 Χριστόν
701 503 734 567 δέ
750 505 801 568 καί
818 501 923 588 κόριον
939 501 1046 569 ταάτόν
1067 500 1249 588 33ὑπάρχει,
1271 501 1328 568 κάν
1344 501 1389 586 μὴ
1405 507 1451 568 δο-

298 609 367 687 κοίη
388 612 428 694 τῷ
447 608 625 688 Μαρκίωνι,
655 608 952 692 προϋποτεταγμένης
973 613 1026 690 τῆς
1046 613 1098 673 τοῦ
1118 612 1249 691 Χριστοῦ
1271 608 1451 688 ἐπωνυμίας,

298 709 329 771 ἐν
345 714 386 795 τῷ
403 711 505 786 εἰπεῖν,
526 704 563 770 Ἡ
573 709 665 793 πέτρα
678 699 746 790 ἦνό
762 706 899 794 Χριστός,
921 711 986 789 καί,
1013 707 1077 774 obn
1090 712 1121 776 ἐν
1136 717 1196 785 τοῖς
1208 713 1339 774 πλείοσιν
1355 705 1452 772 αότῶν

297 807 453 893 ηόδόιιησε.
500 809 623 888 Διεξιῶν
638 811 670 876 δέ
684 810 773 878 πάλιν
790 809 808 877 ό
825 811 909 899 όγιος
926 809 1088 888 άπόστολος
1104 818 1204 878 πᾶσαν
1220 809 1275 894 τήν
1290 817 1346 877 τοῦ
1363 835 1450 891 ιτερα-

296 917 380 978 λαίον
398 909 545 980 ὑπόθεσίν
560 935 649 996 φησι,
678 921 776 978 Ταῦτα
794 915 826 980 δέ
842 923 975 991 τυπικῶς
990 916 1160 998 συνέβαινεν
1176 917 1312 993 ἐκείνοις,
1337 911 1450 998 ἐγράφη

296 1017 328 1080 δὲ
350 1012 422 1098 ἡμῖν
444 1018 486 1092 είς
508 1021 674 1082 νουθεσίαν.
721 1021 764 1082 Εἰ
778 1023 879 1084 τοίνυν
899 1016 935 1084 τά
953 1025 1084 1094 τυπικῶς
1103 1020 1224 1094 ἐκείνοις
1243 1013 1451 1099 συμβεβηκότα

297 1117 413 1202 ἐγράφη
430 1115 501 1202 ἡμῖν
516 1121 558 1194 εἰς
576 1124 751 1199 νουθεσίαν,
774 1117 792 1186 ό
808 1118 928 1206 γράψας
944 1119 979 1185 τά
996 1120 1136 1206 γεγονότα
1153 1119 1217 1186 τότε
1234 1123 1276 1195 είς
1292 1124 1452 1184 νουθεσίαν

297 1217 382 1302 ἡμῶν
398 1223 559 1304 ἐπεμελεῖτο
577 1213 620 1287 ῶν
633 1225 686 1288 καί
700 1222 753 1305 τὴν
767 1229 929 1290 νουθεσίαν
944 1226 1088 1303 ἐποιεῖτο,
1113 1223 1146 1289 τό
1164 1222 1205 1306 μὴ
1223 1227 1359 1308 γίνεσθαι
1377 1219 1451 1304 άμᾶς

297 1322 486 1406 ἐπιθυμητὰς
504 1331 615 1389 κακῶν.
659 1322 692 1389 ‘0
714 1327 747 1391 δέ
762 1324 810 1409 ,μὴ
831 1329 928 1392 θέλειν
948 1333 1049 1392 κακῶν
1070 1324 1257 1410 ἐπιθυμητάς
1278 1323 1360 1408 ἡμᾶς
1381 1321 1452 1388 είναι

297 1424 354 1510 ίίρα
371 1423 486 1511 άγαθός
502 1424 641 1510 όττάρχει,
663 1430 713 1494 καί
732 1426 768 1494 οό
785 1427 886 1506 κακός.
929 1427 978 1494 Ἐν
995 1427 1041 1505 οίς
1059 1428 1114 1516 γάρ
1131 1427 1270 1515 όπάρχει,
1293 1429 1325 1493 ἐν
1340 1425 1452 1502 τούτοις

296 1530 491 1615 προτρέπεται
508 1525 587 1612 ἡμᾶς
603 1527 692 1610 εἶναι,
716 1528 735 1597 o‘
751 1528 842 1608 αότός
856 1529 973 1616 άγαθδς
989 1529 1063 1608 θεός
1079 1530 1121 1598 ῶν
1138 1535 1187 1598 καί
1207 1536 1338 1609 δίκαιος,
1360 1527 1380 1596 ό
1395 1536 1451 1594 τῶν

298 1634 526 1718 προγραφέντων
547 1629 635 1712 θεός,
667 1636 717 1698 καί
738 1641 797 1700 τῶν
818 1635 969 1717 μετέπειτα
993 1637 1238 1718 νουθετουμίνων
1258 1632 1380 1716 κτιστης
1401 1631 1450 1706 ῶν,

298 1739 356 1798 τῶν
372 1721 494 1800 πάντων
511 1738 562 1800 καί
578 1734 760 1822 δημιουργός
774 1739 825 1803 καί
841 1739 1023 1821 νομοθέτης,
1046 1740 1097 1806 καί
1115 1735 1279 1824 δωρητικδς
1292 1743 1354 1804 τῶν
1368 1733 1449 1820 εόαγ

297 1841 414 1923 γελίων,
436 1839 486 1902 καί
508 1836 679 1924 καθοδηγός
700 1845 759 1903 τῶν
781 1837 961 1906 όποστόλων.

382 2041 400 2106 ι’
413 2045 464 2109 καί
481 2042 519 2126 ιη’
534 2042 620 2127 Σχόί.
659 2049 694 2110 Τί
708 2037 763 2111 οὖν
779 2071 872 2129 φημις
902 2044 947 2112 ὅτι
964 2045 1122 2132 ἱερόθυτον
1137 2049 1166 2112 τί
1181 2047 1275 2125 ἐστιν,
1298 2041 1451 2128 ἣεέδιολό-

297 2155 394 2211 θυτον
408 2150 437 2212 τί
449 2148 543 2224 ἐστινς,
563 2143 622 2211 αλλ’
638 2145 684 2212 ότι
699 2145 719 2211 ό
733 2147 845 2215 θύουσι
859 2152 1033 2232 δαιμονίοις,
1051 2151 1103 2215 καί
1116 2145 1153 2214 οτί
1167 2154 1240 2237 θερί.
1281 2149 1451 2233 Προςέθττο

298 2249 330 2312 δέ
352 2245 371 2313 ό
391 2253 541 2335 Μαρκίων
562 2248 610 2329 τό,
633 2246 809 2334 Ἱερόθυτον.

177 2388 227 2432 ηις.
240 2376 285 2420 σει.
384 2349 402 2415 ι’
418 2353 469 2417 καί
486 2349 645 2438 ιη’Ἔλεγχ.
683 2357 717 2418 Τί
739 2347 794 2419 οὖν
816 2379 909 2438 φημις
939 2352 1138 2420 εἰδωλόθυτον
1159 2357 1186 2418 τί
1208 2355 1301 2431 ἐστινς
1330 2349 1389 2417 ἄλλ’
1407 2349 1449 2416 ὅτι

298 2451 443 2520 δίθάουσι
458 2457 638 2537 δαιμονίοις,
661 2456 712 2520 καί
728 2452 765 2521 οό
782 2464 854 2544 θεῶ.
902 2454 965 2522 ofin
982 2455 1166 2543 ἀπηγόρευσε
1182 2453 1233 2520 τόν
1250 2453 1378 2520 παλαιόν
1392 2459 1454 2518 τῶν

299 2557 433 2640 πατέρων
447 2553 585 2643 χρόνονό
602 2554 780 2638 όπόστολος,
803 2561 858 2634 ἕως
874 2555 967 2625 αὐτοῦ
973 2611 982 2639 ,
1004 2561 1054 2624 καί
1072 2561 1128 2635 ἕως
1141 2555 1298 2641 όνέστηιιεν
1309 2555 1449 2642 Ἰερουσα-

298 2656 371 2739 λὴμ,
401 2656 462 2724 άπό
484 2665 539 2724 τοῦ
561 2661 652 2724 εἰπεῖν
671 2657 742 2737 τοάς
762 2664 804 2737 είς
829 2659 866 2726 τά
888 2664 992 2728 εἴδωλα
1013 2659 1145 2736 θάοντας
1167 2664 1333 2744 δαιμονίοις
1353 2658 1449 2736 θείειν,

298 2761 349 2823 καί
366 2757 402 2824 οό
415 2768 488 2849 θεῷ.
536 2758 600 2826 Οόιι
616 2759 673 2847 ίίρα
687 2764 836 2849 κατέκρινε
850 2771 890 2852 τῶ
902 2771 966 2853 θεῷ
982 2763 1155 2843 θυσόντων,
1178 2761 1227 2829 ὅτε
1240 2767 1323 2849 χρεία
1335 2768 1450 2828 θυσιῶν

297 2855 348 2944 ἦν·
376 2868 543 2948 κατακρίνει
559 2865 590 2930 δέ
606 2864 676 2942 τοός
690 2864 821 2942 θύοντας
837 2865 983 2947 είδῶλοις,
1012 2864 1049 2934 οό
1067 2863 1162 2932 ότάτδ
1179 2863 1283 2944 θόειν,
1314 2863 1387 2932 άίλδ
1402 2861 1449 2928 διά

297 2963 330 3029 τά
350 2961 416 3030 όντί
436 2973 555 3032 34θεοῦ
571 2966 702 3044 είδῶλοις
716 2967 811 3037 θύειν.
858 2967 934 3034 Οότε
947 2967 1003 3055 γάρ
1019 2968 1163 3048 θάουσιν,
1185 2972 1235 3033 ’ίνα
1248 2966 1371 3055 τροφὴν
1387 2969 1446 3032 ἑαν-

297 3075 361 3143 τοῖς
385 3070 419 3134 ἐκ
441 3075 517 3134 θεοῦ
538 3073 747 3156 κεχαρισμένην
769 3075 810 3148 είς
831 3071 995 3155 μετάληψιν
1015 3073 1211 3158 ἐργάσωνται,
1243 3067 1315 3136 άλλό
1335 3074 1448 3154 δαίμοσι
1523 3119 1524 3130 τ

296 3167 437 3252 θόοντες,
465 3175 517 3238 καί
536 3173 788 3264 ματαιοφροσόνη.
832 3173 879 3239 Σό
899 3175 947 3255 δέ,
970 3167 1176 3260 ῶΜαρκίων,
1198 3174 1391 3259 προςέθηιιιις
1406 3168 1446 3246 τό,
1523 3155 1524 3180 ¹

294 3267 479 3358 Ἰερόθυτον,
508 3281 631 3358 νομίσας
648 3273 708 3342 α’πό
725 3284 779 3342 τοῦ
797 3281 938 3360 μεμίχθαι
954 3275 991 3342 τά
1009 3276 1064 3342 δύο
1081 3275 1225 3360 όνόματα,
1255 3277 1340 3360 ἱεροῦ
1356 3301 1385 3342 τε
1400 3275 1448 3340 καί

297 3374 435 3456 είδῶλου,
468 3377 670 3444 συνάπτεσθαι
695 3385 754 3444 τῶν
780 3378 837 3446 δύο
859 3378 980 3464 τρόπων
1002 3378 1056 3464 τήν
1077 3382 1181 3462 σχέσιν.
1226 3380 1287 3442 Καὶ
1312 3377 1370 3446 οάιι
1391 3380 1447 3443 ἐστι

297 3484 392 3543 τοῦτο.
437 3482 481 3543 Et
499 3481 551 3563 μὲν
572 3479 628 3566 γάρ
651 3479 722 3564 μετά
743 3480 775 3548 τό
799 3485 896 3548 ἐλθεῖν
915 3480 970 3565 την
986 3480 1093 3565 καινὴν
1111 3479 1261 3564 διαθήκην
1281 3479 1389 3548 ἐθάετο
1409 3484 1446 3566 τῷ

301 3585 418 3669 Χριστῷ
435 3579 497 3648 κατ’
516 3586 608 3663 ἰδίαν,
639 3586 690 3649 καί
707 3587 748 3661 είς
766 3582 861 3667 όνομα
875 3581 968 3651 αότοῦ
985 3591 1045 3664 ζῶα
1059 3582 1234 3669 όνεφέρετο,
1262 3583 1396 3651 πιθανόν
1413 3579 1446 3648 b
1523 3603 1524 3660 ζ

297 3703 343 3747 σοι
358 3680 512 3764 ηὑρίσκετο
534 3687 567 3752 τδ
586 3693 639 3768 τῆς
653 3691 854 3768 συκοφαντίας
871 3691 1001 3768 ψεῦδος,
1032 3685 1073 3764 ῶς
1090 3694 1150 3752 τῶν
1164 3693 1219 3752 νῦν
1235 3691 1299 3775 θεῷ
1312 3685 1447 3752 θυόντων
1523 3719 1524 3762 f

301 3791 461 3875 ³⁶X0¹⁶³93
484 3786 635 3867 θυόντων,
667 3796 725 3854 τῶν
747 3790 779 3854 δέ
796 3787 861 3855 τότε
877 3789 1036 3856 θνσάντων
1053 3791 1084 3856 ἐν
1103 3796 1144 3878 τῷ
1160 3787 1447 3878 ίερρῖἹεροσολάμιιτ

297 3890 347 3954 καί
369 3895 429 3954 τῶν
451 3899 513 3966 τοῖς
536 3891 667 3968 είδῶλοις
684 3889 822 3958 θυόντων
840 3888 918 3973 όμοῦ
936 3893 1181 3975 συναπτομένων,
1210 3893 1262 3958 καί
1287 3895 1446 3974 Νδαίμοσι
1523 3957 1524 3992 ρ

297 3990 449 4071 θυόντων,
472 3995 523 4057 καί
540 3990 605 4076 οόχί
621 4000 694 4083 θερί.
737 3992 879 4077 Μηδενός
896 3995 928 4060 δὲ
941 3993 1092 4072 θύσαντος
1109 4003 1168 4074 ζῶα
1186 4000 1305 4084 Χριστρί
1321 3991 1383 4060 ότιό
1398 3999 1447 4076 τῆς

301 4099 432 4179 Χριστοῦ
447 4097 587 4179 ἐνδημίας
602 4097 651 4160 καί
668 4103 773 4181 καινῆς
791 4095 940 4180 διαθήκης
954 4096 1067 4184 φανερά
1083 4094 1104 4180 ἦ
1120 4095 1201 4185 παρά
1216 4099 1266 4164 σοί
1280 4095 1446 4184 προςθηκη.
1523 4133 1524 4140 1

261 4309 263 4316 '
331 4317 372 4372 33.
390 4317 498 4389 δττόρχει
512 4324 601 4374 τοττιττ·
612 4335 661 4386 τρο.
689 4324 762 4387 Vulva
775 4317 855 4390 όπάρ-
887 4325 1022 4387 siderentur,
1038 4339 1068 4376 τε
1083 4326 1135 4376 cod.
1151 4327 1263 4375 θαλίσαπο
1278 4327 1377 4374 nm.

298 4401 358 4454 λῑθ·
922 4391 963 4444 36.
980 4392 1084 4459 δαίμοσι
1096 4389 1206 4446 θυόντων
1218 4393 1351 4449 emendatio
1362 4395 1445 4444 σιτιο·

332 4450 373 4504 34.
393 4457 465 4518 ναίον
482 4458 544 4524 θεῷ.
887 4463 919 4510 τό·
932 4466 973 4522 ιιι,
989 4465 1060 4512 etiam
1074 4476 1091 4510 ο
1102 4463 1199 4512 Ριιονίο
1213 4462 1386 4512 commum.
1409 4461 1444 4510 u·

331 4519 372 4571 35.
390 4520 493 4590 Χριστῷ
512 4521 637 4590 θυόντων,
652 4529 715 4590 quod
730 4530 800 4592 υτιίςο
814 4531 856 4580 δε·
887 4530 924 4579 bn'
939 4529 1023 4580 habent
1039 4525 1250 4595 δημοσιενόντων.
