3078 5012
384 276 517 328 resana
535 277 596 328 um.
610 278 629 327 1.
647 277 728 329 ron.
743 277 787 327 rn.
805 275 904 327 unsa.
917 277 1000 327 xcn.
1201 263 1260 326 cat

111 393 285 458 substituit:
310 398 445 458 Mandata
458 402 532 458 navi.
571 393 630 460 Sed
646 397 790 482 integrum
807 408 892 482 caput
905 396 972 460 illud
989 417 1029 460 ex
1043 394 1105 478 ipsa
1121 397 1265 460 sermonis

115 508 165 560 est
186 497 395 580 consequentia
420 499 615 562 manifestam.
661 497 702 562 Et
724 499 858 584 quoniam
882 510 990 586 patrem
1013 498 1119 561 bonum
1142 498 1266 584 appellat

116 619 153 662 ac
171 600 274 680 deum,
298 601 448 685 praeclare
462 601 529 665 illud
548 603 691 682 ostendit,
715 601 871 687 qaemhbet
886 623 926 666 ex
941 600 1091 687 patrissui
1107 601 1172 685 lege
1186 602 1267 666 velut

117 702 261 785 quoddam
283 703 362 768 vitae
386 703 588 790 patrimonium
611 725 697 791 passe
718 704 874 790 consequi,
909 725 963 768 uec
985 704 1060 768 illam
1079 704 1263 783 condemnat,

118 815 170 868 aat
194 805 308 886 reiicit,
339 807 389 871 sed
412 827 463 870 eos
487 806 580 890 potius
603 807 702 892 quiin
725 808 790 893 lege
810 809 947 872 vixerunt
966 806 1156 872 immortalem
1176 806 1264 870 vitam

120 907 242 972 sortitas
265 929 330 973 esse
354 920 492 988 testatur,
516 907 643 996 Moysen
667 910 818 990 videlicet,
842 933 877 974 ac
900 910 1053 996 prophetas
1075 920 1202 974 ceteros.

205 1007 306 1076 Schcl.
325 1011 376 1076 Ll.
409 1017 525 1076 Factam
543 1025 634 1075 antem
652 1026 696 1076 est
707 1037 769 1076 cam
786 1019 1025 1096 appropinquaret
1040 1017 1165 1088 Iericho,
1199 1033 1261 1074 cae·
1274 1025 1370 1084 tuere,
1383 1029 1415 1074 aa.

120 1135 171 1174 eus
187 1115 342 1176 clamabat.-
372 1119 617 1196 Ieaafila'llam'd,
649 1121 780 1179 mamere
794 1120 865 1179 atea'l
907 1121 948 1180 Et
963 1138 1024 1178 carn
1043 1128 1159 1182 carana
1178 1127 1259 1190 esset,

119 1223 176 1292 aa't,
200 1221 285 1280 Frides
306 1231 354 1280 tna
377 1222 530 1280 tesolatam
542 1222 628 1302 fecit.

203 1317 305 1384 Relut.
322 1317 374 1383 LI.
406 1317 525 1384 Nullum
539 1323 617 1385 inest
630 1321 660 1384 iu
675 1321 729 1384 fide
747 1323 938 1386 mendacium.
978 1320 1056 1386 Nam
1072 1322 1096 1384 si
1113 1321 1261 1401 mentitur,

119 1421 191 1485 tides
207 1443 265 1485 nou
282 1435 338 1486 est.
383 1421 425 1487 ht
439 1423 489 1488 ille
503 1446 567 1488 cum
584 1423 724 1501 dixisset,
748 1427 923 1499 attineat,
948 1445 965 1487 a
982 1419 1100 1488 Christo
1117 1423 1262 1500 laudatur,

120 1545 283 1609 nomenque
302 1527 454 1590 coalessus
475 1528 549 1611 quod
568 1527 692 1612 petierat
709 1525 855 1612 impetrat.
899 1525 969 1590 Noa
987 1525 1036 1590 illc
1052 1526 1217 1610 increpatur
1233 1537 1264 1589 ut

119 1627 264 1704 mendas,
287 1628 338 1692 sed
356 1628 540 1714 praedicatur
556 1639 588 1692 ut
604 1628 707 1692 tidelis.
752 1625 822 1692 Nan
841 1629 938 1693 caruis
955 1628 1043 1713 igitur
1063 1639 1127 1692 erat
1142 1648 1262 1713 expers,

120 1729 168 1812 qui
189 1728 225 1793 ob
249 1729 325 1794 illam
350 1731 476 1795 nominis
497 1731 710 1796 invenationem
734 1751 821 1795 caeco
848 1732 944 1796 visum
966 1731 1103 1795 restituit.
1149 1727 1264 1815 Quippe

121 1851 180 1896 nou
196 1853 269 1895 vana
284 1834 427 1898 duntaxat
443 1834 552 1921 specie,
577 1835 627 1899 sed
643 1834 738 1918 reipsa
754 1835 911 1898 secundum
930 1855 1047 1899 caruem
1064 1854 1081 1897 e
1099 1833 1189 1917 stirpe
1204 1829 1264 1896 Da·

120 1933 195 1998 vidis
212 1935 354 2019 originem
373 1936 500 2001 duxerat
516 1937 552 2002 de
570 1935 736 2001 beatissima
754 1935 868 2022 virgine
885 1933 981 2001 Maria
996 1947 1093 2016 uatus,
1118 1946 1148 2000 ct
1163 1957 1180 1998 a
1195 1956 1263 1998 sau·

120 2045 169 2098 cto
190 2035 293 2120 spiritu
316 2039 467 2104 larmatns.

204 2133 304 2204 Schcl.
322 2139 390 2206 LIl.
421 2139 571 2206 Mutitavit
583 2141 656 2204 istae
680 2146 841 2222 Assumptt's
852 2145 993 2204 duodennio
1005 2146 1057 2216 ait,
1079 2145 1155 2204 Ecce
1165 2161 1262 2202 aceen-
1277 2151 1333 2197 tata.
1345 2155 1376 2198 at.

119 2247 210 2304 da'arns
227 2247 462 2324 Haeramlpmam,
487 2257 517 2306 et
531 2247 793 2306 consummabantur
809 2248 901 2306 amaria
918 2266 989 2326 qnae
1005 2249 1111 2324 sarapta
1128 2255 1197 2306 snat
1210 2265 1263 2324 per

113 2349 268 2426 prophetas
284 2349 393 2427 defidah
409 2351 543 2410 hamaha's:
568 2352 711 2421 tradatur,
736 2349 891 2422 accedetur,
917 2358 947 2408 et
958 2352 1042 2409 tentala
1058 2351 1104 2408 aa
1118 2357 1259 2426 resurget.

118 2445 201 2512 llaec
223 2448 320 2513 omnia
341 2450 469 2514 sustulit.

201 2625 303 2718 llelut.
316 2653 384 2718 Lll.
413 2649 455 2718 Ut
470 2673 609 2738 nusquam
622 2665 703 2718 recta
718 2653 877 2737 gradiatur.
907 2650 1089 2736 Quamquam
1101 2652 1179 2716 illius
1191 2651 1262 2716 abli-

119 2754 215 2842 quitus
233 2777 268 2820 ao
285 2757 358 2820 mala
376 2757 405 2819 iu
423 2755 556 2820 omuibus
574 2756 650 2820 tides
662 2755 833 2842 reprehendi
851 2765 955 2840 potest.
1002 2752 1103 2819 Verha
1121 2754 1197 2818 euim
1215 2753 1263 2818 illa

118 2859 312 2922 dissimulavit
335 2859 419 2938 ideo,
452 2869 485 2923 ut
508 2880 582 2943 quac
605 2859 639 2922 ad
663 2858 772 2922 Christi
795 2857 960 2944 passionem
982 2857 1106 2922 attinent
1128 2867 1260 2941 negaret.

118 2956 180 3024 Sed
194 2981 257 3023 cum
273 2960 376 3024 deinde
390 2961 562 3025 crucilixnm
576 2961 698 3025 eundem
716 2982 782 3026 esse
797 2960 966 3038 cantitetur,
988 2961 1095 3024 lrustra
1110 2970 1157 3023 est
1169 2958 1263 3022 amuis

117 3061 155 3125 ab
178 3081 214 3126 eo
236 3063 413 3148 depravandi
435 3063 511 3128 illius
534 3064 589 3128 loci
610 3075 763 3150 susceptus
785 3063 878 3127 lahor.

204 3163 303 3227 Sahal.
322 3162 406 3228 Llll.
439 3163 593 3251 Expunsit
615 3179 645 3231 et
667 3177 752 3252 caput
772 3166 840 3229 illud
859 3166 894 3228 de
913 3164 1013 3243 asino,
1044 3161 1212 3247 Bethphage
1232 3172 1261 3224 et
1274 3179 1369 3239 capro,
1381 3186 1415 3230 n.

116 3265 190 3330 urbe
207 3276 292 3350 atque
306 3267 424 3352 templo.
472 3272 605 3346 Qantara
619 3273 753 3349 saraptana
770 3279 827 3341 est,
851 3271 955 3328 Bomos
970 3287 1030 3328 raca
1045 3270 1141 3327 manaa
1156 3268 1261 3326 aratra-
1275 3282 1330 3330 tart
1342 3288 1374 3332 te.

116 3373 163 3432 adr
184 3371 337 3432 moabiten.
384 3374 423 3432 Et
435 3373 538 3452 saca'ta'r
558 3393 617 3433 eam
638 3373 797 3452 speluncam
819 3372 969 3432 latronam.

201 3573 302 3640 Reiut.
320 3573 403 3639 Llll.
437 3571 533 3640 Caeca
553 3586 598 3638 est
614 3573 782 3658 improbitas
801 3573 912 3652 amnis,
937 3593 991 3636 aec
1010 3593 1044 3635 ea
1062 3571 1140 3634 videt
1159 3569 1262 3654 quihus

116 3677 254 3762 redargui
273 3677 382 3762 possit,
415 3699 448 3742 ac
464 3699 498 3741 se
512 3678 587 3762 quod
607 3676 670 3741 heri
688 3677 789 3761 aequit
803 3675 939 3754 omuino,
972 3673 1103 3737 veritatis
1120 3673 1197 3737 viam
1214 3695 1263 3737 cc·

117 3780 228 3844 cultme
244 3790 348 3864 ‚sperat
371 3801 468 3865 posse.
515 3777 565 3844 Sic
587 3781 642 3844 iste
661 3777 875 3865 praetermissis
898 3777 935 3840 iis
953 3775 1085 3838 ornuihas
1108 3795 1181 3860 quae
1202 3775 1262 3838 dixi

118 3881 260 3967 capitibus
283 3881 404 3967 ahrupte
428 3882 577 3961 transiliit,
611 3893 641 3945 ut
663 3881 732 3945 illud
752 3881 786 3944 de
804 3879 910 3964 templo
929 3878 1123 3944 testimouium
1142 3877 1260 3955 vitaret,

117 4006 175 4069 quo
198 3983 344 4068 peculiare
368 3983 423 4049 sihi
445 3983 515 4047 illud
540 4005 606 4048 csse
630 4005 663 4047 ac
685 3982 793 4046 nomini
816 4002 870 4045 suc
893 3981 1079 4046 constitutum
1102 3978 1259 4062 significat.

115 4087 165 4150 Ac
182 4085 320 4171 deinceps
342 4087 378 4150 ah
396 4085 595 4150 Hierichuntis
614 4085 760 4149 mentione
780 4095 869 4148 totam
888 4084 1001 4148 iduaris
1019 4082 1125 4147 seriem
1144 4081 1260 4162 omittit,

117 4198 206 4272 utque
230 4185 400 4252 Bethaniam
425 4209 459 4252 ac
482 4185 651 4272 Bethphage
673 4187 850 4272 pervenerit.
895 4184 989 4250 Vetus
1014 4186 1090 4250 euim
1117 4195 1180 4248 erat
1202 4185 1260 4263 via,

117 4310 193 4375 quae
210 4311 263 4376 per
279 4287 389 4356 Oliveti
407 4300 533 4355 montem
549 4288 913 4376 Hierosolymaduaehat,
938 4309 1022 4373 quam
1038 4287 1113 4352 haud
1127 4289 1263 4374 ignorant

150 4438 191 4495 24.
213 4445 322 4494 Constare
340 4437 410 4496 “Ota
432 4445 512 4498 ταῦτα
534 4442 672 4512 παρέκυψε,
739 4445 780 4496 ¹25.
797 4448 877 4507 Supra
894 4435 940 4496 ὅτι.

116 4509 157 4566 lna
174 4509 200 4566 tn
218 4509 308 4579 μηδένι
327 4506 498 4582 satcenses.
740 4512 781 4568 26.
799 4515 880 4578 supra
896 4513 958 4564 aaa
973 4505 1138 4580 despuerat
