3096 4988
351 315 486 367 raanan
504 317 568 368 uta.
581 319 599 370 t.
617 319 698 372 rona.
713 319 742 370 u.
760 318 858 370 anea.
873 319 976 370 xxxa.
1178 313 1240 376 341

81 457 127 504 me
149 457 219 502 ese
240 435 417 521 excogitatis
440 435 589 520 praeclare
607 436 643 502 ah
660 435 726 502 aliis
746 437 823 502 dicta
844 439 990 505 violenter
1007 443 1237 511 accommodant.
1316 413 1320 429 ¹

86 540 192 626 Neque
214 561 254 604 ex
276 538 454 623 evangelicis
476 539 568 603 solum
589 540 815 626 apostolicisque
837 541 972 628 scriptis,
1005 565 1127 627 quorum
1148 549 1239 612 inter-

86 643 264 730 pretationes
283 643 457 726 detorquent
476 661 511 705 ac
528 663 633 708 sensus
654 642 835 722 adulterant,
866 644 997 708 rationes
1017 656 1047 708 et
1065 661 1237 732 argumenta

85 748 276 830 conquirunt,
308 744 521 817 verumetiam
549 765 587 808 ex
612 746 677 828 lege
701 767 735 809 ac
759 746 906 831 prophetis
931 758 1101 827 arcessunt,
1137 760 1236 836 utpote

85 869 206 933 quorum
223 846 289 911 libri
308 847 451 932 parabolis
469 858 498 911 et
514 847 662 933 allegoriis
680 849 782 912 relecti
800 860 885 928 sunt,
910 870 1031 935 quarum
1049 872 1158 936 anceps
1176 875 1236 918 am·

83 951 227 1036 bigasque
245 949 392 1014 sententia
405 951 440 1012 ad
456 951 572 1014 diuersa
586 958 683 1035 potest
695 951 869 1036 explicando
884 952 1022 1017 densari.
1054 949 1129 1017 Crem
1146 954 1237 1019 inter·

82 1054 118 1118 im
137 1053 187 1116 alii
201 1053 303 1117 iisdem
322 1051 378 1116 illis
397 1051 499 1116 callide
518 1073 552 1116 ac
569 1053 748 1117 veteratorie
763 1055 798 1117 ad
815 1075 958 1138 nugarum
974 1075 1093 1120 suarum
1110 1057 1236 1141 patroci-

84 1156 161 1218 nium
180 1155 353 1234 abutantur,
383 1174 494 1238 eosqne
511 1155 558 1240 qui
576 1154 606 1218 in
623 1155 708 1220 deum
727 1166 837 1242 patrem
855 1157 1081 1241 omnipotentem
1101 1169 1129 1221 et
1147 1181 1234 1224 unum

83 1257 228 1322 dominnm
251 1253 346 1322 lesum
369 1252 517 1322 Christum
540 1257 630 1322 lilium
654 1258 699 1323 dei
722 1257 855 1324 stabilem
879 1260 1047 1344 firmamque
1069 1261 1152 1326 fidem
1176 1283 1234 1325 uon

83 1360 264 1440 custodiunt,
288 1379 305 1424 a
328 1359 451 1424 veritate
474 1359 554 1424 velut
575 1361 707 1446 captivos
731 1372 876 1426 avertant.

165 1460 227 1528 lam
249 1483 323 1547 quae
344 1472 428 1526 entra
446 1458 582 1526 Pleroma
605 1473 674 1527 sunt
695 1462 730 1528 ah
749 1463 806 1528 illis
824 1464 879 1527 hoc
898 1465 983 1528 modo
1003 1465 1385 1555 constituuntur.n.p,xv11,

80 1564 293 1651 Enthymesin,
325 1564 379 1628 hoc
402 1575 449 1628 cst
471 1561 704 1648 Cogitationem,
736 1567 872 1632 eoelestis
893 1567 970 1632 illius
993 1564 1163 1652 Sapientiae
1189 1571 1232 1633 le-

80 1680 150 1732 cont
170 1689 255 1752 quam
273 1677 304 1730 et
320 1665 483 1732 Achamoth
503 1680 687 1753 trunonpant,
711 1691 729 1732 a
746 1667 913 1734 Pleromate
931 1690 995 1733 oum
1014 1670 1232 1754 perturbatione

80 1779 264 1856 segregatam
281 1769 310 1832 in
329 1769 466 1834 umbrosa
486 1781 516 1832 et
533 1771 629 1834 inania
646 1772 710 1835 loca
730 1773 875 1838 violenter
892 1773 1015 1837 cinctam
1034 1773 1136 1837 luisse.
1184 1771 1232 1839 Si·

79 1873 194 1958 qnidem
218 1883 303 1938 extra
326 1873 422 1936 lumen
444 1893 478 1936 ac
497 1869 652 1953 Pleroma,
689 1874 768 1938 velut
789 1875 908 1939 abortus
930 1875 1064 1960 qnidam,
1097 1877 1231 1942 inlormis

80 1987 167 2062 atque
188 1975 319 2060 impolita
341 1975 532 2054 constiterat,
567 1976 643 2060 qnod
669 1975 739 2040 nihil
761 1977 880 2040 omnino
902 1977 1052 2064 percipere
1074 1981 1229 2064 potuisset.

78 2077 175 2144 llnins
191 2077 390 2143 misericordia
408 2089 570 2162 permotum
588 2075 754 2156 Christum,
778 2099 812 2142 ac
830 2101 883 2164 per
898 2077 1023 2145 Crucem
1040 2093 1154 2145 suamet
1170 2083 1229 2145 vir-

79 2193 138 2247 tute
161 2191 345 2268 porrectum,
376 2201 440 2245 eam
464 2193 568 2246 natura
589 2192 674 2245 tenus
693 2202 750 2244 non
770 2181 868 2246 itidem
888 2184 1054 2266 cognitione
1072 2185 1227 2268 figurasse,

78 2305 171 2369 eaque
190 2285 371 2370 reperiente
390 2305 424 2348 ao
443 2285 549 2348 virtute
569 2305 622 2348 sua
638 2293 787 2348 contracta
804 2285 902 2348 statim
920 2284 1071 2364 evolasse,
1103 2309 1167 2350 cum
1187 2287 1228 2350 ita

77 2405 139 2450 eam
160 2387 346 2472 reliquisset,
370 2397 402 2452 ut
420 2386 591 2451 calamitatis
609 2407 679 2450 suae
698 2407 816 2451 sensum
836 2386 974 2473 capiens,
998 2388 1072 2471 quod
1090 2409 1107 2450 a
1124 2385 1240 2452 Pleno·

76 2501 152 2554 mate
175 2502 255 2554 esset
277 2489 424 2569 extorris,
454 2489 698 2574 praestantiorum
715 2489 871 2575 cupiditate
888 2500 1056 2570 teneretur,
1086 2491 1227 2556 numiam

76 2593 166 2658 odore
192 2591 314 2676 quodam
336 2603 417 2656 esset
435 2592 659 2656 immortalitatis
681 2591 791 2670 afflata,
823 2613 907 2676 quem
929 2592 959 2655 in
982 2613 1017 2656 ea
1036 2589 1172 2658 Christus
1193 2615 1228 2660 ac

78 2691 207 2780 Spiritus
228 2705 347 2760 sanctos
369 2695 559 2780 reliquerant.
606 2689 653 2758 Ob
680 2694 708 2766 id
732 2693 861 2778 utrisque
887 2694 1023 2780 appellari
1048 2695 1225 2762 nominihus.

77 2795 151 2862 Nam
170 2807 203 2860 et
220 2793 399 2882 Sapientiam
419 2808 538 2880 paterna
558 2797 751 2882 appellatione
768 2797 842 2876 dici,
866 2799 941 2882 quod
960 2798 1023 2861 eius
1042 2795 1154 2862 Parcas
1171 2797 1228 2865 Sa-

78 2899 185 2982 pientia
202 2909 344 2978 vocetur,
376 2910 407 2964 et
423 2897 563 2986 Spiritum
582 2911 732 2978 sanetum,
766 2899 803 2962 ah
821 2919 856 2963 co
876 2900 922 2985 qui
941 2921 1005 2964 cnm
1023 2897 1227 2966 Christocon·

76 3001 193 3068 inactus
212 3013 257 3066 est
275 3000 398 3087 Spiritu.
444 3003 471 3066 A
492 3003 596 3087 quihus
615 3005 707 3067 efficta
726 3003 977 3087 intelligentiaque
996 3003 1151 3083 decorata,
1175 3006 1226 3069 sed

76 3125 109 3168 en
123 3104 262 3183 subinde,
286 3106 361 3190 qnod
379 3105 407 3168 in
424 3105 472 3168 illa
488 3125 542 3170 nec
558 3105 733 3192 aspectabile
750 3105 856 3184 inerat,
877 3104 990 3183 Verbo,
1011 3105 1066 3168 hoc
1081 3117 1128 3170 est
1140 3103 1227 3171 Chri-

76 3217 137 3286 sto,
162 3207 305 3293 spoliata,
332 3209 367 3271 ad
383 3207 499 3272 luminis
516 3207 593 3272 illius
609 3209 682 3292 quod
700 3218 861 3272 evanuerat
875 3207 1092 3290 inquisitionem
1111 3229 1227 3272 omnnem

77 3311 214 3395 inpetum
231 3309 410 3387 contulisse,
434 3310 485 3373 sed
501 3310 536 3373 ab
554 3308 636 3374 Horo
652 3309 824 3395 prohibitam
842 3309 911 3372 nihil
927 3310 1065 3392 consequi
1083 3309 1224 3394 potuisse.

77 3407 142 3493 Qun
161 3423 295 3496 tempore
310 3411 470 3496 contigisse
486 3423 531 3490 ut,
556 3435 620 3478 cnm
635 3412 731 3492 illam,
756 3433 792 3475 ne
808 3411 882 3474 ultra
897 3411 1102 3488 contenderet,
1126 3407 1227 3475 llorus

80 3523 219 3580 enereere
242 3514 348 3594 vellet,
380 3511 430 3578 lan
453 3513 623 3579 vocabulum
644 3517 805 3601 prolerretq
838 3533 877 3576 ex
899 3533 956 3597 quo
978 3511 1060 3575 vocis
1083 3511 1225 3596 originem

76 3621 248 3700 prolectam.
295 3613 369 3682 Cum
393 3616 483 3702 igitur
505 3637 692 3702 perrumpere
721 3615 830 3680 Horum
858 3614 1025 3699 nequisset,
1059 3612 1125 3676 ideo
1150 3617 1225 3698 quod

78 3719 297 3803 perturbatione
313 3719 460 3804 implicata
478 3719 674 3798 detineretur,
698 3739 732 3782 ac
748 3718 810 3782 sola
827 3727 913 3781 extra
931 3714 1137 3796 remansisset,
1161 3737 1227 3803 per-

76 3821 251 3886 turbationis
275 3821 380 3899 hnins,
411 3841 486 3906 qnae
504 3820 656 3906 multiplex
678 3831 743 3884 crat
761 3843 796 3886 ae
816 3819 915 3898 varia,
946 3817 1075 3903 partibus
1094 3821 1226 3888 omnihus

76 3925 283 4003 succubuisse,
314 3925 505 4009 alleotamque
528 3923 628 3988 dolore
653 3923 793 4008 primum,
825 3923 900 4008 quod
923 3921 994 3985 nihil
1017 3935 1152 3988 assecuta
1174 3924 1224 4004 sit,

106 4145 129 4200 d.
146 4145 328 4202 immiteret
344 4149 395 4200 eod.
413 4151 468 4200 ϊοο.
667 4151 703 4198 titt
715 4150 811 4211 pectttot
822 4161 863 4207 per
877 4149 1010 4210 meaepesn'n
1025 4148 1139 4199 habendo
1154 4148 1187 4196 nd
1199 4161 1228 4197 eo

106 4217 129 4268 h.
147 4219 294 4272 καταλιπεῖν
313 4211 409 4284 αὐτὴν,
427 4209 498 4277 ὅπως
513 4219 635 4268 cctoennat
668 4230 727 4280 quoe
743 4221 916 4279 praecesserant
940 4218 1009 4266 noha
1028 4207 1110 4283 ὀδμήν
1128 4207 1227 4280 ἄφθαρ-

76 4289 167 4336 rescn'ha'
182 4301 212 4338 ee
227 4290 272 4336 net.
289 4287 386 4348 lotape.
420 4287 471 4336 Noa
488 4299 545 4348 opus
561 4289 601 4336 est.
670 4283 734 4344 alae.

104 4351 129 4404 h.
147 4356 186 4404 lto
203 4355 254 4404 cort
272 4357 326 4404 Ven.
365 4356 436 4417 Vulqo
454 4347 543 4420 αὐτὴν.
702 4357 727 4404 h.
744 4355 781 4404 lto
796 4353 847 4403 eod.
864 4354 934 4415 Vera,
959 4355 1095 4414 cmsptrncs
1110 4363 1163 4402 oum
1180 4354 1226 4402 t'et.

107 4417 130 4472 7.
149 4424 306 4474 coemerent
318 4417 366 4474 tat
382 4423 427 4476 τοῦ
442 4420 491 4486 Χρ.
505 4437 534 4472 ec
544 4428 587 4472 vet.
598 4425 636 4473 la·
668 4424 765 4484 lnterpc.
801 4421 874 4484 Votpo
889 4412 1005 4485 ἀοράτου.

76 4492 142 4549 repr.
167 4491 263 4540 Rolano
274 4491 398 4552 culpatum
407 4493 636 4553 seriptnrnm‚qnem
704 4487 728 4539 ll.
747 4485 820 4554 μόνοι
838 4489 888 4539 eod.
908 4491 962 4539 Vea.

76 4559 168 4617 quidem
185 4559 241 4607 libri
257 4561 349 4610 metm
365 4560 412 4610 mei
428 4573 522 4620 οπιιιοι,
546 4563 572 4609 nt
592 4561 638 4610 dat
706 4557 745 4608 10.
762 4556 806 4610 καὶ
822 4555 976 4623 πολυμεροῦς
992 4557 1042 4607 eod.
1058 4557 1112 4607 Vra.
