3112 4984
305 303 366 364 252
721 311 843 366 umen
860 311 1030 364 smum!

304 428 386 495 πάνυ
407 430 440 495 δέ
459 434 564 511 σαφοῦς
584 429 741 512 ἐπίσταμαι
762 428 812 494 διά
828 427 881 494 τόν
895 427 1010 513 χρόνον.
1054 428 1231 513 Μετέφερυν
1248 420 1304 494 οὖν
1318 424 1411 494 αότόν
1427 430 1459 494 οί

303 538 510 614 συνηλικιῦται
523 528 660 617 νεάτεροι
680 533 721 606 είς
735 528 846 607 πολλάς
857 536 962 598 ιιαιισῦν
976 528 1191 613 ἐπιτηδεόσεις,
1220 529 1344 615 φθοράς
1358 553 1389 596 τε
1404 557 1455 616 γυ·

305 640 434 712 ναιιιῦν,
455 634 505 698 nul
522 637 655 719 λαγνείας
671 631 826 712 άνοσίους,
848 637 1036 718 μαγγανείαις
1049 633 1107 698 τισί
1121 641 1260 719 μαγιιιαῖς
1275 634 1456 716 ἐπιχειροῦν-

304 759 352 812 τες
367 733 448 822 αότρῦ
462 743 613 820 συνεργεῖν
628 737 670 811 είς
691 733 727 799 τά
743 741 798 818 τῆς
813 731 985 814 ἀκολασίας,
1013 732 1148 820 α’γοόγηιά
1164 760 1230 800 τινα
1248 737 1454 814 ἐπιτελοῦντες,

304 838 357 902 ιιαλ
368 835 418 902 διά
431 840 581 904 ἐπαοιδοῦν
593 834 761 920 βιαζόμενοι
772 845 916 922 γυναῖκας
928 838 1088 922 ἐλευθίρας
1098 835 1174 920 πρός
1185 835 1240 919 τήν
1251 835 1361 903 τοότου
1372 846 1455 916 φθο-

304 935 361 1022 ράν
379 941 408 1016 ἐξ
423 936 556 1025 άνόγιιης
570 935 704 1025 όγεσθαι.
745 936 779 1003 Ὁ
797 939 830 1003 δέ
845 935 987 1020 Ἰάσηπος
1007 941 1059 1004 ιιαλ
1080 935 1098 1004 ό
1119 937 1176 1004 σάν
1190 937 1272 1028 «uzu
1289 937 1457 1023 πρεεβάτης

304 1037 437 1126 άνάγιιην
453 1043 567 1124 ἔχοντες
580 1048 622 1129 τῷ
637 1043 721 1106 παιδί
737 1043 919 1106 συνέπεσθαι
933 1041 1048 1125 βαρέως
1061 1041 1116 1123 γεέν
1129 1043 1247 1124 ίφερον,
1268 1040 1408 1116 πολλάκις
1421 1041 1456 1106 δέ

302 1144 354 1210 καί
368 1143 532 1228 ἐγκλήματα
546 1144 730 1228 προςίφερον
745 1141 795 1208 διά
808 1141 904 1227 λόγων
916 1144 967 1208 ιιαλ
981 1141 1146 1231 παρήνουν.
1176 1139 1209 1207 Ὁ
1222 1142 1255 1206 δέ
1269 1149 1378 1224 μᾶλλον
1389 1151 1456 1218 τοῖς

301 1246 381 1324 νίοις
394 1249 545 1324 ἐπείθετο,
566 1243 706 1329 κρόπτων
719 1241 756 1308 τά
772 1242 892 1327 αἰσχρά,
913 1246 965 1310 ιιαλ
980 1241 1168 1330 άρνυόμενος.
1214 1242 1291 1310 Οότε
1304 1242 1359 1329 γάρ
1373 1242 1454 1310 ἐτόλ·

303 1375 368 1432 μων
386 1352 417 1414 οί
433 1349 499 1432 περί
516 1344 660 1430 Ἰοόσηπον
676 1349 799 1423 ἐξειπεῖν
815 1344 852 1411 τά
869 1344 932 1412 κατ’
949 1349 1062 1412 ἐκείνου
1080 1353 1200 1436 φανερῷ
1214 1353 1255 1434 τῷ
1270 1344 1363 1435 λόγῳ,
1392 1343 1455 1410 αλλ’

304 1448 366 1526 ὀἱς
382 1447 419 1514 δι’
435 1447 597 1532 ἐπιστήμην
611 1446 775 1537 παρῄνουν.
822 1453 1038 1534 Παραγίνονται
1052 1455 1127 1533 γοῦν
1141 1451 1184 1525 είς
1199 1447 1336 1533 Γάδαρα,
1357 1450 1401 1524 είς
1414 1445 1454 1514 τά

301 1550 401 1636 θερμά
417 1549 520 1615 ῦδατα.
564 1549 738 1636 Πανήγυρις
757 1551 791 1616 δέ
811 1551 872 1616 ἐκεῖ
889 1549 953 1615 κατ’
975 1553 1041 1626 ἐτος
1058 1549 1173 1636 όγετειι·
1202 1547 1375 1634 διείργονται
1393 1547 1453 1634 γάρ

301 1652 489 1736 πανταχόθεν
504 1655 536 1718 οί
548 1651 724 1735 βουλόμενοι
736 1651 901 1718 λούσασθαι
916 1649 1027 1738 ἡμέρας
1043 1650 1140 1732 τινάς,
1168 1653 1342 1734 νοσημάτων
1354 1655 1455 1734 δῆθεν

302 1754 452 1838 άποβολῆς
473 1757 584 1833 ἕνεκεν,
615 1753 687 1839 ’όπερ
710 1756 770 1820 ἐστί
791 1753 961 1837 διοιβολιιιόν
982 1753 1179 1840 στρατήγημα.
1213 1753 1314 1820 Ἔνθα
1335 1751 1392 1839 γάρ
1415 1751 1454 1820 τά

301 1856 381 1943 πυρά
403 1864 457 1922 τοῦ
477 1862 556 1922 θεοῦ
574 1854 716 1938 θαόματα
733 1857 898 1942 γεγίυηται,
927 1855 1095 1942 προῦλαβεν
1113 1854 1131 1921 ό
1149 1853 1185 1921 δι’
1202 1858 1335 1932 ἐναντίας
1350 1863 1455 1922 θεῖναι

301 1958 395 2026 αὐτοῦ
415 1957 452 2024 τά
474 1956 607 2044 όλετήρια
629 1963 741 2024 δίκτυα.
782 1957 963 2044 Ἀνδρόγονα
983 1956 1041 2044 γάρ
1060 1961 1153 2024 ἐκεῖσε
1173 1956 1319 2024 λούονται
1363 1957 1453 2022 Ka&

303 2067 485 2146 ισυγιιυρίαν
498 2061 531 2126 δέ
545 2059 621 2146 γυνή
635 2087 680 2136 τις
696 2063 836 2145 ἐλευθέρα
852 2063 950 2142 ἐτυχεν
966 2063 998 2126 ἐν
1012 2067 1053 2149 τῷ
1067 2067 1197 2148 λουτρῷ,
1218 2057 1314 2124 ιιάλλει
1328 2061 1453 2144 διαπρέ-

299 2185 398 2230 πουσα
415 2161 587 2248 εὐμορφίας.
630 2165 692 2228 Καὶ
708 2160 726 2228 ό
739 2162 895 2248 νεώτερος,
916 2165 1054 2245 θελχθελς
1069 2171 1109 2251 τῷ
1124 2165 1189 2228 ἔθει
1201 2167 1255 2244 τῆς
1269 2158 1362 2226 αάτοῦ
1378 2158 1451 2226 uxo·-

298 2271 414 2345 λασίας,
437 2263 548 2330 wudu
562 2267 648 2352 ἐντῷ
664 2262 730 2351 άέρι
742 2266 955 2348 παρενέτριψεν
968 2262 1062 2331 αότοῦ
1074 2263 1130 2347 τήν
1144 2261 1273 2349 πλευράν
1286 2270 1322 2352 τῇ
1337 2269 1452 2350 πλευρᾷ

298 2375 352 2432 τοῦ
366 2371 498 2453 γυναίου.
540 2363 579 2430 Ἡ
595 2367 628 2432 δέ
651 2366 758 2449 ἑαυτήν
776 2369 971 2452 ἐσφραγίσατο
992 2369 1037 2442 είς
1053 2365 1147 2448 όνομα
1167 2371 1313 2451 Χριστοῦ,
1342 2361 1394 2430 ola
1409 2363 1450 2447 δή

301 2468 462 2554 Χριστιανή
477 2460 562 2548 οὖσα,
585 2460 604 2558 η’
622 2466 689 2534 οὔτε
703 2466 818 2554 ἀνάγκη
833 2461 871 2552 ἦν
884 2477 1076 2551 παρανομεῖν,
1096 2469 1148 2533 καί
1163 2465 1353 2552 άνδρογόνως
1366 2465 1449 2532 λοάε-

298 2581 379 2636 σθαι.
419 2575 582 2653 Συμβαίνει
595 2571 627 2636 δὲ
641 2579 733 2636 ταῦτα
746 2579 808 2645 τοῖς
822 2568 941 2650 άφελέσι
954 2573 1005 2635 ιιιιλ
1021 2569 1151 2646 ίδιοόταις
1164 2567 1348 2655 άνθράποις,
1365 2567 1452 2654 παρά

298 2671 352 2754 τήν
369 2680 428 2737 νῦν
442 2671 627 2737 διδασκάλων
640 2676 794 2760 ρᾳθυμίαν
809 2671 850 2754 μή
863 2669 1102 2756 άσφαλιζομένων
1118 2670 1168 2738 διά
1182 2680 1234 2755 τῆς
1248 2675 1450 2747 διδασκαλίας.

288 2771 393 2854 ’Όμοις
406 2778 457 2839 ἵνα
472 2777 552 2862 δείξῃ
565 2772 584 2838 ό
596 2773 671 2850 θεός
686 2773 723 2839 τά
738 2771 832 2839 αότοῦ
845 2773 1013 2857 θαυμάσια,
1034 2783 1089 2840 τοῦ
1104 2773 1325 2858 ἐπιχειρήματος
1336 2770 1372 2838 τό
1386 2797 1450 2854 μει-

297 2873 402 2955 ράκιον
418 2873 556 2957 άπέτυχε,
578 2878 655 2958 φημί
671 2877 702 2940 δέ
717 2874 735 2941 ό
749 2876 937 2961 πατριάρχης.
981 2879 1173 2958 Διεπέμψατο
1188 2875 1244 2961 γάρ
1261 2873 1337 2959 πρός
1352 2872 1449 2956 αότήν

298 2979 349 3042 ιιαλ
365 2981 447 3062 δοῦρα
464 2975 596 3056 ἐτάξατο,
617 2973 638 3059 ή
651 2978 683 3042 δέ
697 2976 769 3054 τοός
783 2981 1024 3061 διαπεμφθέντας
1038 2981 1214 3065 ἐξυβρίσασα
1228 2975 1285 3044 οόιι
1301 2975 1448 3058 ἐκάμφθη

296 3086 333 3170 τῇ
353 3087 407 3146 τοῦ
428 3077 591 3144 άιιολόοιου
613 3083 809 3169 ματαιοεργίφ.

164 3288 229 3356 Κεφ.
247 3285 284 3356 η’.
377 3281 533 3350 Ἐντεῦθεν
548 3287 581 3349 οί
592 3291 800 3370 συνεργοῦντες
814 3282 909 3373 αὐτῷ,
931 3283 1051 3370 γνόντες
1064 3284 1119 3367 τήν
1132 3291 1186 3350 τοῦ
1202 3281 1309 3360 παιδός
1322 3282 1449 3369 α’δάυην,
1541 3301 1543 3358 ζ

262 3373 268 3386 ’
295 3384 334 3469 ήν
347 3388 388 3462 είς
399 3384 433 3452 τό
448 3386 571 3472 γύναιον
584 3384 805 3469 άπημπόλησευ,
823 3388 1019 3472 ἐπιχειροῦσιν
1033 3385 1114 3477 αὐτῷ
1128 3413 1194 3452 τινα
1207 3391 1323 3468 μείζονα
1336 3414 1451 3474 μαγγα-
1542 3411 1543 3416 ’

174 3517 224 3561 ρος.
241 3507 282 3550 ια.
294 3491 375 3554 νείαν
386 3488 611 3568 ιιατασιιευάσαι,
628 3486 669 3565 οἱς
682 3486 772 3564 αότδς
783 3485 928 3571 Ἰιόσηπός
941 3515 993 3571 μοι
1002 3488 1078 3554 ιιατά
1088 3487 1248 3571 λεπτότητα
1260 3487 1450 3574 ὑφηγήσατο.

294 3585 454 3674 Ἀπόγοοσι
468 3590 524 3676 γάρ
539 3590 592 3657 τόν
606 3590 712 3656 ἄθλιον
725 3594 820 3655 παῖδα
832 3589 904 3672 μετά
919 3590 1003 3656 δόσιν
1019 3588 1104 3674 ήλίου
1120 3595 1152 3656 ἐν
1165 3600 1228 3668 τοῖς
1241 3597 1451 3677 πλησιαίτερον

294 3687 427 3771 τύμβοις.
473 3692 665 3786 Πολυάνδρια
686 3695 719 3758 δέ
740 3695 818 3758 ἐστιν
836 3691 932 3768 οίίτας
947 3695 980 3759 ἐν
997 3699 1032 3782 τῇ
1050 3697 1171 3778 πατρίδι
1185 3691 1353 3776 παίοόμενα
1369 3692 1450 3778 σιτή-
1539 3707 1542 3730 ‘

293 3797 361 3854 λαεο
371 3793 403 3856 ἐν
414 3795 534 3877 πίτραις
548 3792 661 3880 όρυιιτά
679 3804 689 3842 ¹
700 3795 958 3877 κατεσκευασμένα.
986 3791 1067 3860 ’M
1077 3794 1296 3882 παραλαβόντες
1307 3795 1361 3862 τόν
1372 3821 1451 3881 προ-
1542 3813 1543 3822 ’

295 3893 448 3974 ειρημένον
465 3897 497 3958 οἱ
510 3895 571 3976 άμα
587 3893 667 3985 αὐτῷ
680 3895 784 3982 γόητες
799 3897 917 3984 ἐπφδός
934 3921 1016 3972 τινας
1032 3897 1084 3962 ιιαλ
1099 3895 1300 3982 ἐφοριιισμοδς
1315 3899 1367 3962 παλ
1382 3899 1452 3970 ἐπι·
1539 3935 1543 3944 ·

295 3991 462 4075 οηδεόμοτα
483 3993 616 4080 ιίσεβείας
636 4000 745 4082 ἔμπλεα
766 3999 809 4074 είς
829 3995 921 4063 αιίτδυ
942 4001 1115 4078 ἐποιοῦντο,
1142 4000 1194 4064 καί
1215 4001 1257 4074 τίς
1277 3997 1371 4080 ὄνομα
1391 4005 1453 4081 τῆς
1539 4015 1542 4068 ’ἒ

294 4096 509 4180 προειρημένης
525 4099 675 4183 γυναικός.
716 4097 768 4166 ’En
782 4105 860 4166 θεοῦ
881 4101 913 4164 δέ
929 4100 1096 4183 βουλήσεως
1116 4103 1159 4176 είς
1174 4107 1244 4165 νοῦν
1261 4106 1352 4164 ταῦτα
1368 4091 1452 4182 ήλθε
1537 4115 1543 4152 ἰ

294 4205 349 4264 τοῦ
362 4196 450 4264 ἄλλον
463 4201 663 4286 πρεσβυτέρου
676 4207 730 4268 τοῦ
744 4199 800 4267 σόν
811 4198 942 4292 Ἰωσήπῳ
958 4202 1163 4289 τυγχάνοντος·
1186 4199 1205 4266 ό
1216 4203 1250 4267 δέ
1264 4200 1451 4284 αἰσθόμενος

326 4335 350 4388 2.
369 4333 405 4395 εδς
421 4339 728 4390 διαδικασθῆναι.
764 4344 852 4390 comu-
885 4341 966 4391 Ρεεου.
999 4344 1025 4391 lu
1039 4343 1134 4404 reliquis
1154 4343 1219 4390 luris
1238 4345 1301 4390 αιτιοι
1318 4339 1452 4405 συκυρίαν.

292 4407 343 4456 τίοι
358 4409 439 4456 uenit:
456 4406 501 4457 sed
516 4405 585 4458 velut
601 4423 647 4476 per
662 4405 791 4460 εοίεοιίεαι
804 4425 849 4458 ex·
883 4409 946 4458 ίλίυδ
967 4412 1069 4471 reposuit
1086 4413 1156 4460 ελίοιιι
1179 4411 1332 4460 casaubonus
1353 4414 1410 4458 ίοτι.
1426 4412 1452 4460 ί.

293 4471 462 4523 hortubuntur.
882 4477 991 4525 sueretu
1008 4491 1065 4539 φορ.
1079 4475 1153 4537 301.,
1170 4483 1259 4527 vertum
1275 4477 1370 4535 „Forte
1388 4475 1454 4527 for-

325 4539 351 4592 3.
368 4541 502 4608 συγκυρίαν
516 4545 567 4594 οοδ.
585 4545 656 4594 Variu-
666 4579 675 4605 ,
690 4545 778 4594 είίιιδα
793 4545 848 4596 cau.
881 4550 942 4592 tuuu
959 4554 1013 4594 ετεε
1030 4543 1118 4614 mulier
1137 4545 1164 4594 iu
1182 4544 1302 4594 huneou·
1336 4547 1412 4595 λίεείο.
1535 4598 1542 4614 ι
