3072 4986
433 366 594 420 BPISTOLA
617 367 661 418 ΔΙ)
678 363 896 420 ttrtrttntttttut.
1223 359 1242 419 5

90 483 243 548 lloe'euim
266 505 439 572 persuasum
458 484 615 568 babemus,
638 485 665 552 si
683 486 798 572 quidem
818 506 951 552 essemus
966 487 1063 572 digai,
1087 488 1242 554 uenientes

89 589 122 650 ad
139 598 168 652 le
182 598 212 651 et
229 587 383 652 audientes
402 609 456 652 uos
475 589 505 652 in
524 609 561 651 eo
576 588 734 652 sanetioris
751 589 830 652 vitae
845 609 956 670 genere
972 589 1049 674 quod
1066 589 1242 674 arripuimus

88 691 286 754 confirmatum
307 691 360 770 iri,
392 691 547 754 dummodo
564 701 729 753 extremum
754 691 830 754 illius
852 711 1051 755 assummum
1075 713 1241 757 mereamur

87 793 211 876 mequi.
257 789 500 876 Quandoquidem
520 792 607 876 igitur
624 793 748 856 adversa
768 793 933 856 ualetudine
952 794 1125 877 premimur,
1150 795 1240 878 pieto-

87 905 142 958 tem
161 905 236 958 tuam
252 895 447 958 uehementer
460 915 595 973 oramus,
621 906 652 958 ut
669 914 769 958 eurum
786 893 870 956 nobis
889 895 1121 960 communionem
1139 918 1177 960 ue
1193 895 1239 960 in-

85 997 183 1060 rideas
205 1017 281 1081 quae
302 997 333 1059 in
350 1007 378 1060 te
396 1017 502 1060 revera
520 1007 589 1060 suot
607 1017 624 1059 a
641 997 792 1060 salvatore
808 990 927 1059 eollala.
971 993 1089 1061 Etenim
1108 1019 1167 1061 uou
1183 1019 1239 1063 nos

86 1099 139 1184 ipsi
162 1099 274 1178 solnm,
306 1100 357 1162 sed
381 1107 412 1162 et
434 1099 582 1177 universi,
614 1099 662 1182 qui
688 1098 859 1178 audierunt,
890 1117 998 1162 novum
1024 1109 1054 1163 te
1073 1099 1236 1186 apostolum

87 1221 315 1286 praeconemque
332 1201 507 1264 eoulltentur
522 1221 538 1262 a
556 1195 676 1264 Christo
694 1198 778 1264 nobis
796 1199 850 1264 luae
865 1211 962 1264 aetate
980 1201 1161 1285 produetum,
1186 1223 1237 1265 ve·

87 1304 125 1366 lnt
145 1303 268 1367 alterum
289 1302 432 1387 quendam
452 1299 609 1380 loannem,
642 1312 674 1368 ut
696 1321 732 1366 ea
754 1302 939 1386 praeciperes
961 1323 1035 1387 quae
1056 1303 1094 1367 ab
1115 1303 1152 1368 iis
1174 1325 1238 1370 ser·

86 1405 176 1469 moda
196 1415 268 1468 sunt
289 1405 338 1488 qui
360 1425 428 1468 sese
448 1404 478 1467 iu
500 1403 568 1466 illud
586 1404 762 1468 ourrioulum
779 1403 991 1469 oommiserint.
1037 1402 1235 1488 Quamobrem

86 1529 145 1570 eum
164 1505 325 1570 blareellus
345 1505 507 1571 eommunis
525 1516 657 1570 nostrum
679 1507 806 1570 omnium
829 1509 921 1570 irater
941 1516 1039 1571 tautae
1062 1509 1156 1572 lamae
1175 1530 1237 1573 ma-

84 1610 231 1692 gnitudine
251 1608 416 1673 stimulatus
438 1609 474 1672 ad
493 1619 521 1672 te
539 1608 656 1694 pietatis
675 1619 744 1672 tuae
763 1608 910 1674 desiderio
927 1609 1112 1689 traheretur,
1145 1609 1236 1674 ideru-

85 1733 134 1795 que
156 1711 338 1776 monasterio
356 1721 458 1774 nostro
478 1722 559 1774 esset
576 1710 756 1795 adscriptus,
790 1709 935 1774 bominem
956 1711 1032 1775 naeti
1052 1711 1107 1800 qui,
1121 1713 1236 1795 longiu-

84 1815 190 1898 qaitate
210 1823 292 1876 tanta
311 1813 427 1876 itineris
449 1823 550 1876 nostra
572 1814 638 1877 vine
656 1814 844 1898 iungeretur,
877 1815 977 1878 rudem
999 1813 1094 1879 adbuo
1112 1824 1142 1877 et
1163 1813 1234 1878 tiro-

83 1937 164 1992 uem,
195 1915 262 1978 buia
281 1915 336 2000 ipsi
356 1925 559 2000 peccatorum,
582 1913 710 1978 omnium
729 1914 868 1978 videlieet
884 1927 1033 1995 nostrum,
1065 1915 1237 2002 postulatio-

82 2038 144 2080 nem
160 2019 196 2082 ad
215 2029 245 2081 te
263 2013 375 2082 Christi
393 2017 562 2102 discipulum
580 2017 801 2102 perferendam,
827 2017 911 2102 paulo
930 2038 995 2082 eam
1012 2019 1128 2102 quidem
1145 2019 1236 2082 auda·

81 2121 203 2198 omrem,
229 2120 442 2184 mandavimus.
487 2116 643 2182 Petilionis
660 2139 748 2205 porro
766 2129 887 2183 nostrae
903 2141 1016 2184 summa
1033 2119 1107 2184 haee
1123 2131 1180 2200 est,
1203 2131 1236 2184 ut

80 2243 150 2305 quae
167 2222 316 2286 nonnullis
334 2221 471 2286 tratribus
489 2221 607 2299 dixisti,
638 2241 674 2284 ea
692 2221 728 2284 ad
747 2231 877 2286 nostram
896 2220 1109 2286 institutionem
1126 2223 1234 2308 imper-

79 2324 124 2386 tiri
142 2345 201 2387 uou
218 2324 366 2408 graveris.
412 2321 497 2406 Quod
515 2334 546 2387 ut
563 2321 614 2386 tibi
629 2321 739 2386 bomini
757 2322 835 2387 iusto
850 2324 1002 2388 molestum
1021 2325 1169 2403 nouerit,
1193 2323 1234 2388 ita

77 2427 160 2490 nobis
184 2425 407 2511 peecatoribus,
437 2425 463 2490 si
484 2425 641 2512 impetrare
662 2426 861 2512 potuerimus,
892 2425 1041 2509 ingentem
1063 2427 1092 2490 io
1115 2425 1233 2490 domino

76 2528 216 2592 laetitiam
239 2550 274 2591 ae
294 2529 474 2613 voluptatem
495 2529 620 2594 adierat.
666 2525 741 2593 Cum
759 2528 835 2590 enim
851 2527 1029 2612 spiritalibus
1048 2529 1106 2592 tuis
1119 2549 1233 2592 sermo·

76 2631 160 2694 nibus
180 2631 338 2708 satiamur,
368 2630 552 2714 iniquitatum
571 2641 737 2694 nostrarum
756 2650 848 2693 onere
866 2629 1065 2693 sublevamur.
1111 2629 1158 2694 Ac
1178 2653 1232 2694 uo·

74 2734 152 2796 mina
173 2733 288 2816 quidem
305 2733 387 2817 ipsa,
416 2751 491 2816 quae
508 2753 524 2794 a
541 2742 569 2795 te
587 2744 656 2795 suut
673 2731 844 2796 haeresibus
861 2731 1014 2816 imposita,
1044 2731 1102 2795 iam
1118 2733 1232 2796 audivi·

71 2857 151 2900 mas.
197 2833 287 2898 Nouo
308 2834 536 2916 uniuscuiusque
558 2843 657 2897 sectae
679 2833 783 2918 dogma
804 2833 956 2918 perspicue
978 2832 1120 2898 deelarari
1140 2856 1157 2897 a
1181 2846 1231 2898 tua

70 2939 184 3023 pietate
202 2937 344 3022 eupimua.
389 2933 455 3000 lloe
475 2935 551 2998 euim
569 2955 723 3000 commune
742 2956 890 3020 exaequo
908 2936 1015 3001 donum
1032 2946 1079 3000 est
1097 2935 1231 3000 omuibus

71 3043 216 3104 loturum.
261 3037 340 3103 Tum
356 3038 425 3102 illud
443 3038 532 3101 enixe
547 3058 702 3122 rogamus,
725 3048 757 3101 ut
774 3058 827 3122 pro
845 3037 1005 3116 universis,
1029 3039 1077 3123 qul
1097 3038 1137 3102 tui
1153 3038 1231 3102 desi·

69 3144 152 3205 derio
172 3152 329 3221 teneatur,
362 3139 468 3225 quique
486 3139 554 3204 illud
575 3160 591 3203 a
612 3149 640 3202 te
658 3159 763 3203 munus
780 3149 956 3224 expectant,
990 3151 1039 3219 ιιι,
1070 3141 1119 3224 qui
1135 3139 1230 3204 iustus

67 3265 118 3322 es,
150 3243 304 3307 dominum
326 3243 467 3328 preceris·
512 3239 633 3306 loterim
657 3261 711 3305 rsus
729 3241 760 3304 iu
780 3240 890 3305 ieiunio
913 3252 942 3305 et
957 3241 1091 3306 oratioue
1107 3241 1141 3304 ad
1159 3239 1228 3304 illud

66 3346 262 3410 obtinendum
278 3343 462 3430 persistimus
484 3353 515 3406 ιιι
532 3345 624 3406 trater
644 3343 692 3406 ille
717 3353 819 3408 noster
838 3343 964 3428 benigue
986 3365 1005 3406 a
1026 3354 1055 3408 te
1074 3352 1229 3426 susceptus

63 3461 222 3535 arreptum
240 3445 310 3511 illud
329 3467 434 3509 munus
452 3445 487 3508 ad
504 3465 558 3508 nos
573 3454 724 3530 reportet,
748 3457 835 3529 atque
850 3446 889 3509 ite
904 3445 977 3522 deo,
1002 3444 1093 3530 patri,
1116 3442 1174 3506 filio
1192 3463 1227 3507 aa

62 3551 187 3638 spiritui
201 3559 305 3616 saneto
319 3547 423 3618 solitas
441 3567 545 3634 preces
561 3547 730 3612 offeramus.
776 3545 889 3614 Omnes
908 3547 1001 3610 nostri
1017 3547 1123 3610 tratres
1140 3544 1226 3610 valde

61 3655 219 3718 motuum
243 3651 316 3716 lusis
337 3673 353 3714 a
377 3661 405 3714 te
427 3671 481 3737 pro
497 3649 568 3734 ipsis
586 3649 721 3735 preeibus
739 3671 807 3714 sese
827 3669 1005 3734 magnopere
1025 3647 1226 3712 ooulirmatum

60 3755 109 3818 iri.
158 3749 295 3834 Oramus
317 3763 345 3815 te
367 3763 399 3815 nt
421 3755 470 3837 qui
487 3752 614 3816 divinam
634 3751 831 3836 apostolorum
846 3751 971 3836 gratiam
985 3761 1162 3814 eooseuutus
1178 3771 1223 3828 es,

60 3859 137 3940 quod
168 3855 296 3942 petimus
320 3874 357 3916 ue
379 3853 511 3918 tribuere
529 3853 687 3916 cuncteris.
732 3849 836 3917 Pusilli
854 3871 975 3934 omnes,
1008 3853 1057 3938 qui
1075 3852 1104 3916 iu
1125 3871 1225 3914 mona-

58 3961 166 4022 steriis
187 3958 314 4041 degunt,
345 3957 429 4020 deum
451 3965 627 4040 precantur,
658 3966 689 4018 ut
709 3977 727 4019 a
745 3966 773 4020 te
791 3953 921 4038 spiritale
939 3955 1045 4019 donum
1063 3953 1131 4018 illud
1150 3951 1226 4016 obti-

58 4073 166 4124 aeaot.
214 4057 325 4125 Valere
346 4069 375 4121 te
393 4054 422 4121 in
440 4057 558 4121 domiuo
576 4077 610 4120 ao
628 4056 733 4120 laetum
751 4055 868 4120 assidue
887 4057 994 4142 degere
1012 4066 1146 4140 optumus
1162 4054 1225 4139 plu·

58 4165 194 4240 rimam,
222 4171 254 4225 et
271 4161 458 4225 commissum
483 4159 534 4222 tibi
554 4159 688 4222 tbrouum
711 4159 740 4222 iu
763 4157 867 4241 spiritu
884 4169 1005 4237 saneto,
1036 4155 1224 4240 divinumque

58 4267 133 4330 tueri
163 4285 290 4342 munus,
325 4263 421 4326 donee
444 4281 508 4327 eam
532 4281 607 4346 quae
629 4271 658 4324 te
682 4270 780 4324 manet
803 4280 941 4325 eoronam
962 4264 992 4323 ln
1014 4259 1099 4324 eoelo
1119 4276 1224 4320 eonse-

58 4389 176 4450 nuans.

550 4515 746 4526 ——--—
