3100 4984
333 319 395 387 408
758 307 879 380 ειαοτι
898 326 1069 378 εειεετιυιι

338 455 620 534 θκαθαριθμεῖσθαι
643 453 679 536 τῇ
702 452 812 535 παλαιιχῖ
834 446 958 530 αίρέσει,
987 445 1037 509 καί
1059 444 1090 508 ἐν
1112 440 1158 520 τίς
1178 445 1236 526 έφη
1259 439 1277 508 ό
1299 440 1372 518 θεός
1389 439 1479 518 είπῶν,

334 551 369 618 ‘0
384 557 556 637 κακολογῶν
573 547 720 634 πατέραῆ
736 549 846 634 μητέρα
862 546 986 636 θανάτῳ
1003 545 1169 612 τελευτάτω.
1218 546 1258 612 Τό
1278 547 1312 611 δέ
1328 547 1387 612 ἐστι
1403 545 1480 628 μέρος

214 687 264 733 ρας.
277 673 322 718 m
336 653 428 722 αύτοῦ
449 651 590 731 τυπικόν,
619 651 652 717 τό
672 649 735 716 κατ’
754 651 856 717 είκόνα
871 658 931 716 τῶν
947 656 1166 732 πνευματικῶν,
1195 651 1247 714 καὶ
1264 645 1480 733 ’διαφερόντων

335 763 485 842 κείμενον,
510 754 566 821 θεῶ
583 758 614 821 ἐν
629 763 825 841 προςφοραῖς,
847 755 934 840 λέγω,
957 754 1008 817 καί
1024 759 1183 841 περιτομῇ,
1203 752 1254 816 καί
1268 748 1416 838 σαββάτῳ,
1436 751 1480 812 καί

334 865 468 948 νηστείᾳ,
491 861 543 924 καί
558 857 671 946 πάσχχι,
699 859 750 922 καί
768 855 903 939 άζύμοις,
930 857 982 920 καί
998 863 1061 931 τοῖς
1075 853 1224 930 τοιούτοις
1238 853 1477 935 νομοθετηθέντα·

338 962 443 1029 Πάντα
461 961 517 1048 γάρ
534 968 626 1025 ταῦτα
644 958 755 1036 είκόνες
773 962 824 1024 καὶ
842 957 975 1040 σύμβολα
994 955 1065 1023 όντα
1082 964 1135 1040 τῆς
1151 954 1294 1040 άληθείας
1309 959 1478 1042 φανεραθεί·

336 1087 390 1151 σης
412 1066 559 1148 μετετέθη.
606 1062 690 1127 Κατά
710 1063 763 1144 μὲν
784 1060 816 1128 τό
839 1059 1021 1143 φαινόμενον
1042 1062 1093 1125 καί
1113 1065 1288 1142 σωματικῶς
1309 1061 1475 1126 ἐκτελεῖσθαι

336 1166 486 1258 άνηρέθη,
517 1162 591 1230 κατά
608 1165 640 1230 δέ
655 1164 688 1230 τό
706 1160 903 1246 πνευματικῶν
919 1159 1092 1245 άνελήφθη,
1121 1167 1180 1227 τῶν
1195 1161 1248 1244 μέν
1264 1159 1416 1246 ύνομάτων
1430 1167 1478 1225 τῶν

337 1268 434 1336 αύτῶν
450 1266 611 1351 μενόντων,
634 1268 854 1352 ἐνηλλαγμένων
870 1265 902 1331 δέ
917 1271 976 1330 τῶν
991 1263 1178 1351 πραγμάτων.
1226 1267 1287 1330 Καὶ
1305 1263 1360 1352 γάρ
1377 1272 1476 1346 οπρος-

337 1371 435 1458 φοράς
450 1371 628 1457 προςφέρειν
643 1371 814 1455 προςέταξεν
829 1365 902 1451 ἡμῖν
918 1365 936 1432 ό
953 1365 1066 1452 σωτήρ,
1102 1365 1203 1432 ῑθάλέ
1219 1363 1285 1450 ούχί
1301 1365 1355 1460 τβς
1369 1364 1407 1432 δι’
1419 1363 1477 1431 άλό·

336 1502 397 1562 γων
412 1473 509 1553 ζαέων,
538 1473 559 1556 ἢ
575 1471 686 1537 τούτων
700 1479 758 1536 τῶν
776 1468 990 1553 θυμιαμάτων,
1019 1467 1091 1534 άλλά
1108 1468 1157 1535 διά
1174 1477 1382 1553 πνευματικῶν
1397 1472 1479 1534 αίνων

336 1580 387 1643 καί
402 1580 499 1654 δοξῶν
511 1580 562 1640 καί
578 1571 768 1660 εύχαριστίας,
790 1576 842 1638 καὶ
857 1570 906 1638 διά
922 1580 975 1656 τῆς
991 1575 1033 1648 είς
1048 1571 1120 1650 τούς
1134 1576 1258 1655 πλησίον
1271 1576 1424 1647 κοινωνίας
1436 1571 1479 1634 καί

338 1677 480 1754 εύττοιῖας.
526 1680 586 1741 Καὶ
613 1684 798 1766 Ηπεριτομῇ
820 1683 1050 1764 περιτετμῖχσθαι
1068 1671 1149 1757 ἡμεῖς
1167 1673 1319 1758 βούλεται,
1349 1671 1405 1739 άλλ’
1421 1671 1479 1753 ούχλ

337 1789 390 1866 τῆς
405 1779 601 1865 άκροβυστίας
617 1786 669 1862 τῖχς
684 1787 866 1862 σωματικῆς,
888 1775 958 1843 άλλά
972 1781 1095 1863 καρδίας
1110 1785 1163 1861 τῆς
1178 1783 1386 1861 πνευματικῆς.
1428 1775 1479 1838 Καί

338 1882 370 1950 τό
392 1883 541 1966 σάββατον
561 1883 737 1965 φυλάσσειν·
770 1880 869 1967 άργεῑν
890 1880 945 1966 γάρ
966 1883 1046 1946 θέλει
1065 1879 1142 1964 ἡμᾶς
1165 1877 1225 1944 άπό
1249 1886 1309 1944 τῶν
1324 1881 1414 1965 ἔργων
1429 1901 1479 1940 τιν

338 1992 485 2071 πονηρῶν.
531 1988 591 2050 Καί
612 1983 762 2068 νηστεύειν
780 1985 828 2063 δὲ,
862 1981 963 2048 ’βάλλ’
984 1981 1021 2049 ού
1042 1981 1096 2066 την
1118 1980 1287 2065 σωματικὴν
1313 1979 1479 2064 ηβούλεται

338 2092 473 2171 νηστείαν
491 2086 571 2172 ἡμᾶς
594 2085 756 2171 νηστεύειν,
787 2085 857 2151 άλλά
879 2085 932 2169 την
954 2083 1170 2169 πνευματικὴν,
1201 2087 1233 2150 ἐν
1256 2077 1277 2174 ᾖ
1298 2085 1375 2150 ἐστιν
1393 2079 1479 2163 άποχό

339 2191 458 2257 πάντων
473 2199 532 2257 τῶν
549 2190 680 2273 φαύλων.
726 2188 909 2254 Φυλάσσεται
928 2193 1027 2271 μεντοί
1051 2214 1082 2274 γε
1100 2190 1151 2252 καὶ
1167 2186 1250 2272 παρά
1264 2195 1328 2263 τοῖς
1341 2183 1480 2270 ἡμετέροις

338 2292 360 2378 ἡ
373 2293 449 2360 κατά
463 2293 497 2360 τό
510 2292 691 2375 φαινόμενον
705 2297 832 2375 νηστεία,
854 2293 917 2356 ἐπεὶ
931 2292 982 2356 καί
997 2297 1080 2380 ψυχῇ
1095 2317 1122 2354 τι
1136 2288 1354 2372 συμβάλλεσθαι
1368 2287 1480 2353 δύναται

338 2397 414 2479 αύτη
431 2394 503 2479 μετά
517 2396 606 2482 λόγου
621 2397 776 2482 γινομένη,
800 2392 890 2459 όπύτε
907 2394 981 2476 μηδέ
997 2391 1047 2458 διά
1062 2391 1117 2475 τήν
1131 2389 1207 2478 πρός
1222 2417 1303 2468 τινας
1316 2397 1433 2474 μίμησιν
1444 2393 1478 2473 γί·

339 2524 432 2578 νεται,
463 2498 534 2582 μήτε
551 2497 601 2563 διά
616 2497 649 2562 τό
665 2501 752 2577 έθος,
783 2495 855 2580 μήτε
871 2495 921 2561 διά
937 2494 992 2578 την
1008 2493 1135 2581 ἡμέραν,
1164 2491 1206 2570 ῶς
1221 2490 1385 2578 ύρισμένης
1405 2493 1481 2565 14είς

339 2608 426 2666 τούτο
442 2598 566 2688 ἡμέρας·
591 2599 652 2682 άμα
669 2601 701 2665 δέ
714 2602 764 2664 καί
781 2602 822 2675 είς
836 2597 999 2680 ἀνάμνησιν
1013 2605 1066 2680 τῆς
1080 2594 1225 2680 άληθινῆς
1239 2601 1381 2678 νηστείας,
1397 2599 1444 2660 ἵνα
1456 2595 1482 2658 σί

340 2705 461 2786 μηδέπω
485 2706 597 2784 ἐκείνην
618 2701 779 2785 δυνάμενοι
792 2699 942 2784 νηστεύειν
958 2698 1017 2766 άπύ
1036 2707 1089 2783 τῆς
1105 2698 1180 2764 κατά
1194 2697 1228 2764 τό
1244 2697 1422 2782 φαινόμενον
1438 2723 1480 2777 νη

341 2809 436 2880 στείας
451 2807 535 2887 έχωσι
550 2804 604 2886 τὴν
620 2801 829 2886 16άνάμνησιν
844 2801 943 2887 αύτῖης.
978 2805 1039 2867 Καί
1051 2800 1085 2868 τό
1100 2800 1197 2884 πάσχα
1209 2800 1242 2866 δέ
1255 2797 1376 2883 ὁμοίως,
1391 2802 1439 2866 καί
1451 2795 1481 2862 τά

341 2905 450 2990 άζυμα,
473 2906 519 2973 ὅτι
536 2905 647 2982 είκόνες
661 2898 746 2988 ἦσαν,
769 2911 856 2988 δηλοῖ
867 2909 918 2971 καὶ
934 2911 1056 2980 Παῦλος
1070 2901 1088 2970 ό
1104 2901 1277 2983 άπόστολος,
1299 2900 1333 2969 τό
1349 2903 1380 2969 δέ
1394 2900 1481 2982 πάσχα

342 3007 441 3093 ἡμῶν,
473 3010 619 3094 10λέγων,
651 3007 744 3090 ἐτύθη
764 3007 905 3094 Χριστός,
928 3006 1072 3088 καλ,“ίνα
1089 2999 1155 3090 ἦτε,
1177 3009 1285 3089 φησίν,
1308 3004 1425 3088 άζυμοε,
1446 2999 1481 3085 μό
1529 3057 1530 3070 .

341 3113 507 3196 μετέχοντες
527 3119 558 3158 ¹⁷
566 3109 659 3194 ζύμης
674 3109 777 3194 (ζύμην
796 3120 828 3159 ¹⁸
837 3111 868 3177 δέ
882 3117 937 3174 νῦν
949 3107 1003 3192 την
1014 3113 1122 3175 κακίαν
1138 3110 1278 3195 ιίίλέγει),
1292 3105 1352 3173 ἀλλ’
1362 3100 1412 3191 ἦτε
1424 3107 1482 3171 νέον
1529 3087 1530 3180 ί

340 3241 473 3301 φυραμα.
1303 3259 1307 3268 .

416 3310 544 3394 ἸΟύτσς
559 3323 631 3404 γοῦν
644 3317 695 3380 καί
709 3313 798 3392 αύτός
813 3313 831 3380 ά
847 3323 900 3380 ταῶ
914 3321 990 3380 θεοῦ
1007 3311 1082 3378 είναι
1095 3310 1188 3394 νόμος
1202 3309 1435 3398 ὁμολογούμενος
1448 3312 1483 3384 είς

340 3423 407 3506 τρία
419 3424 581 3506 διαιρεῖται.
627 3422 685 3494 Είς
700 3444 729 3484 τε
741 3416 774 3485 τό
789 3416 994 3502 πληρούμενον
1007 3413 1067 3481 άπό
1080 3421 1133 3481 τοῦ
1146 3421 1292 3499 σωτῆρας·
1314 3414 1347 3482 τό
1361 3413 1425 3502 γάρ,
1443 3409 1483 3477 Ου’

341 3521 510 3605 φονεύσεις,
537 3520 581 3589 Ού
600 3519 777 3605 μοιχεύσεις,
803 3519 865 3585 Ούκ
886 3516 1071 3605 ἐπιορκήσεις
1091 3520 1122 3584 ἐν
1143 3524 1184 3606 τῷ
1203 3515 1288 3600 Μηδ’
1306 3514 1482 3604 ὀργισθῆναι,

342 3627 415 3707 μηδὲ
431 3629 651 3709 ἐέπιθυμῆσαι,
678 3623 775 3706 8μηδέ
789 3620 896 3705 όμόσαι
911 3625 1117 3707 περιείληπται.
1162 3627 1328 3706 Διαιρεῖται
1340 3621 1372 3685 δέ
1386 3621 1433 3685 καὶ
1448 3619 1484 3690 είς
1529 3671 1530 3684 .

343 3725 375 3790 τό
399 3724 610 3813 άναιρούμενον
632 3730 758 3801 τελείως·
788 3723 821 3790 τά
846 3722 917 3810 γάρ,
945 3722 1123 3806 Ὀφθαλμόν
1145 3719 1211 3789 άντλ
1236 3719 1411 3806 ύφθαλμσῦ,
1439 3721 1483 3785 κεά

343 3824 451 3893 α’δόντα
468 3828 533 3894 άντί
549 3828 686 3908 α’δόντος,
715 3829 971 3913 συμπεπλεγμένον
984 3833 1022 3916 τῇ
1039 3823 1156 3915 άδικίςι,
1187 3825 1239 3890 καί
1254 3821 1326 3891 αύτό
1341 3827 1425 3910 ἔργον
1438 3829 1484 3904 τῆς
1529 3825 1530 3870 ί

343 3927 458 4007 άδικίας
478 3933 560 4013 έχον,
591 3928 726 4020 άνηρέθη
746 3927 806 3994 ύπδ
827 3937 882 3996 τοῦ
902 3936 1035 4013 σωτῆρος
1056 3927 1106 3994 διά
1129 3935 1189 3993 τῶν
1208 3929 1355 3993 ἐναντίοιν.
1403 3924 1442 3992 Τά
1458 3923 1484 3988 δέ
1529 3917 1530 3985 ί

222 4063 272 4112 ρας.
286 4053 330 4102 ται.
344 4035 461 4100 έναντίοι
480 4030 608 4115 άλλήλων
626 4036 725 4099 *stulu
741 4031 917 4116 άναιρετικά.
959 4029 1034 4117 Ἐγῶ
1053 4031 1110 4116 γάρ
1127 4033 1201 4116 λέγω
1220 4026 1292 4112 ύμῖν
1306 4027 1347 4112 μη
1363 4025 1483 4108 άντιστη·
1529 4025 1530 4100 J

376 4171 401 4227 6.
417 4173 628 4239 καταριθμεῖσθαι
646 4188 700 4223 mea
714 4181 748 4225 ιιι
764 4175 902 4225 mundatio.
972 4169 1009 4222 λλ.
1030 4172 1086 4221 Οοδ.
1103 4173 1178 4221 Venti.
1196 4161 1260 4223 α’λλοί
1277 4163 1342 4238 αύχλ
1529 4117 1530 4176 ί

342 4245 408 4294 Libri
424 4245 507 4292 λοθιτί
523 4240 722 4305 καταριθμεῖται.
971 4237 1009 4290 ¹3.
1029 4241 1086 4290 Οοιλ.
1102 4241 1177 4289 ίετιελ
1193 4237 1310 4304 νηστείαν
1328 4235 1449 4306 βούλεται.

377 4310 401 4363 7.
422 4313 494 4373 λαίρο
510 4305 688 4374 διαφερόντως.
970 4305 1009 4357 14.
1026 4309 1224 4368 praepositionem
1238 4304 1274 4366 είς
1289 4309 1371 4368 τεριλῖι·
1385 4321 1436 4358 αντε
1448 4307 1486 4355 Ρι·

378 4379 403 4430 ε.
421 4371 625 4429 στενακτά.
933 4379 998 4428 τινα
1014 4377 1248 4437 ιειιιιιιιηιιιιι
1262 4377 1371 4426 vamme
1387 4369 1484 4441 σριησ-
1529 4367 1530 4444 ί

378 4442 403 4497 9.
419 4441 546 4513 ττρσφαράς
561 4441 692 4522 προφέρειν
708 4447 745 4495 ed.
756 4449 832 4509 ρτλτιι.
934 4461 987 4511 νης.
1529 4445 1530 4474 ί

382 4515 420 4565 10.
440 4516 495 4564 cod.
510 4517 584 4563 venet.
604 4509 667 4565 αλλὰ
684 4506 749 4580 αόχλ.
970 4511 1008 4563 15.
1026 4505 1153 4576 α’ναίμηαιν
1170 4512 1207 4562 εδ.
1215 4513 1292 4574 princ.
1327 4511 1398 4574 (λαιελ
1413 4511 1485 4562 αἰτίαν
1529 4477 1530 4558 ί

382 4581 420 4631 11.
438 4582 494 4633 God.
510 4584 586 4633 λ’κιελ.
600 4576 743 4648 περιτομήν.
933 4582 1045 4632 Petamus
1056 4581 1158 4631 ιοτικτλί
1168 4579 1198 4630 σι
1209 4579 1347 4631 anctorum
1360 4582 1412 4632 σισ.
1422 4578 1484 4631 Vane.
