3080 5002
326 277 387 340 662
743 289 1054 346 οιεεσσιεεωσισιι

327 405 470 488 Βαβυλιύν
484 409 618 492 δευτέρα,
640 409 692 474 καλ
705 408 793 492 καινή
807 409 955 494 Σοῦόμων
968 415 1133 493 πολυμιξία.
1166 409 1256 488 Ἕως
1271 409 1343 479 πότε
1360 417 1399 460 ⁵⁹
1408 433 1478 497 συγ-

326 511 398 593 γίεις
418 507 471 586 τάς
491 508 639 596 γλοίσσαςς
662 510 752 588 Ἕως
774 512 846 578 πότε
862 520 971 600 τολμᾷς
989 512 1064 578 κατά
1079 521 1139 579 τῶν
1154 512 1215 580 ῦπό
1233 521 1288 580 σοῦ
1305 517 1399 597 μηδὲν
1416 513 1477 578 661-

325 614 490 694 κουμένωνς
523 620 627 694 Ζητεῖς
638 613 693 699 γάρ
707 613 872 696 βιάσασθαι
885 613 1038 701 ἀγγελικάς
1049 615 1201 699 ῦνυάμεις,
1219 624 1254 664 ⁶⁰
1263 615 1397 698 ἐκβαλτύν
1408 616 1479 692 τοῦς

199 752 250 796 ηις.
264 741 309 784 σοι.
326 712 432 800 λόγους
446 721 499 797 τῆς
513 712 653 797 ἀληθείας
669 715 729 782 ἀπό
742 725 797 800 τῆς
811 720 978 800 ἐκκλησίας,
1001 717 1126 799 φύσκων
1139 719 1212 784 Λσίτ
1225 725 1265 810 tq}
1277 717 1367 808 ἀγίμ,
1388 717 1476 796 Ἐξό-

324 843 394 904 γαγε
414 816 484 893 τούς
501 815 617 903 ἀνδρας.
662 822 722 884 Καλ
740 818 758 884 ῦ
776 822 942 905 ἐπιχειρεῖς,
972 818 1048 886 κατά
1067 830 1193 888 σεαυτοῦ
1209 825 1376 906 ἐπιχειρεῖς,
1408 819 1478 896 τούς

325 921 358 985 δέ
372 917 478 1005 λόγους
491 927 544 1003 τῆς
557 918 699 1003 ἀληθείας
712 919 766 986 οῦκ
782 924 924 1004 ἐκβαλεῖς,
946 921 1016 988 ἀλλά
1033 923 1156 989 σεαυτόν
1168 923 1324 999 πατάσσεις
1338 925 1371 988 ἐν
1386 921 1475 1006 ἀορτ-

326 1027 390 1111 σίςι,
419 1025 471 1088 καί
493 1025 525 1088 ἒν
540 1026 623 1088 νυκτί
641 1027 810 1114 ἒζοωωμίυη
829 1027 955 1110 ῦιάγεις,
984 1031 1134 1108 ψηλαφῶν
1150 1025 1205 1110 τήν
1221 1029 1334 1112 θύραν,
1364 1027 1419 1090 καί
1435 1021 1476 1106 μή

324 1123 468 1210 εύρίσκων
483 1128 539 1201 ἕως
556 1123 690 1215 ἀνατείλῃ
709 1123 726 1192 6
742 1125 823 1209 ήλιος
837 1129 888 1192 καί
902 1131 969 1217 ίῦης
983 1127 1038 1211 τήν
1054 1126 1166 1215 ήμίραν
1181 1137 1234 1211 τῆς
1247 1132 1384 1213 κρίσεως,
1407 1129 1442 1192 ἐν
1459 1117 1476 1214 ᾖ

323 1230 373 1292 καλ
389 1226 422 1293 τό
441 1235 502 1314 πῦρ
520 1226 716 1310 ἀπαντήσεται
732 1237 768 1318 τῇ
786 1236 824 1318 σῇ
842 1234 1035 1318 ψευῦηγορίρι.
1084 1239 1177 1298 Τοῦτο
1197 1229 1252 1316 γάρ
1270 1252 1302 1296 σε
1320 1231 1475 1312 ἐκδέχεται,

326 1328 366 1406 τίς
384 1327 465 1417 ὁρᾷς.
511 1328 586 1395 Οῦτε
603 1329 658 1415 γάρ
677 1341 770 1396 κεῖται
784 1331 866 1417 παρά
884 1339 923 1421 τῷ
941 1331 1111 1420 ἀποστύλῳ,
1143 1332 1202 1399 Διά
1220 1330 1272 1398 τόν
1287 1331 1397 1415 νόμον,
1426 1335 1476 1396 καὶ

324 1431 407 1515 παρά
420 1434 467 1498 σολ
481 1440 567 1499 τοῦτο
585 1433 799 1517 πεποιήτενται.
845 1438 887 1500 Ee
898 1436 931 1500 δέ
946 1437 995 1500 καλ
1012 1437 1106 1520 ίλεγεν
1120 1432 1138 1501 6
1153 1433 1323 1514 ἀπόστολος,
1347 1432 1408 1500 Διά
1423 1433 1477 1499 τόν

325 1535 435 1619 νόμον,
457 1534 645 1624 συνραλύντως
658 1539 735 1622 ἔλεγε
751 1545 792 1625 τηῖ
809 1538 915 1602 ἐαυτοῦ
931 1541 1041 1626 κυρίῳ,
1068 1535 1122 1620 οῦχ
1135 1541 1186 1602 ῖνα
1201 1536 1348 1627 καταλύσῃ
1362 1535 1417 1602 τόν
1429 1535 1477 1601 νύ·

326 1665 397 1721 μον,
421 1635 480 1704 ἀλλ’
500 1641 551 1703 ἵνα
571 1636 720 1728 πληρώση.

410 1740 447 1806 ιδ’
463 1743 514 1806 καί
528 1739 574 1823 κβ
589 1738 674 1824 Σγόλ.
706 1738 763 1806 Ἐν
782 1748 822 1829 τῷ
841 1739 922 1831 νόμῳ
939 1743 1096 1827 γέγραπται
1115 1741 1177 1824 ὅτι,
1208 1744 1240 1808 ἐν
1257 1743 1477 1828 ίτερσγλαίσσοις

325 1847 375 1910 καί
397 1848 516 1926 χείλεσιν
537 1844 646 1928 ἑτέροις
662 1842 775 1926 λαλήσω
798 1841 874 1927 πρός
894 1842 947 1909 τόν
967 1843 1039 1910 λαόν
1059 1851 1172 1910 τοῦτον.

410 1945 447 2011 ιδ’
461 1949 513 2011 καί
529 1945 576 2029 κβ
588 1944 704 2030 Ἔλεγγ.
736 1947 780 2010 El
794 1944 835 2028 μή
853 1945 1002 2032 ἐπλήρωσε
1017 1945 1121 2028 κύριος
1142 1946 1178 2011 vd
1195 1944 1228 2012 ίν
1244 1953 1285 2035 τῷ
1302 1945 1385 2036 νύμρ
1403 1971 1476 2030 προ-

327 2050 472 2132 ειρημένα,
490 2052 534 2123 τίς
549 2041 585 2131 ήν
597 2053 676 2131 χρεία
688 2047 741 2114 τόν
754 2046 919 2114 ἀπόστολον
932 2046 1101 2132 ὑπομνῆσαι
1112 2047 1148 2113 τό
1161 2047 1220 2114 ἀπό
1235 2051 1330 2131 νόμον
1343 2051 1376 2114 ίν
1387 2055 1477 2136 καινή

326 2151 459 2240 διαθήκη
474 2149 661 2236 πληρούμενα
666 2179 676 2230 3
704 2148 757 2227 Ὡς
771 2153 821 2216 καί
835 2147 854 2216 6
867 2151 963 2234 σωτήρ
979 2154 1085 2229 ἔδειξεν
1100 2149 1146 2216 &a
1158 2149 1249 2228 αύτὸς
1263 2144 1301 2234 ήν
1314 2147 1333 2216 6
1347 2153 1400 2217 καλ
1414 2149 1478 2215 τότε

327 2253 451 2343 ἐννόμῳ
467 2253 606 2336 λαλήσας,
636 2256 686 2318 καλ
702 2252 776 2319 κατά
792 2252 912 2337 ἀπειλήν
927 2251 1030 2338 ύρίσας
1046 2251 1162 2331 αὐτοῖς,
1184 2256 1290 2339 λέγων,
1316 2253 1373 2318 Διό
1389 2279 1477 2338 προς-

328 2357 449 2442 οίηθησα
470 2363 506 2446 τή
526 2363 611 2445 γενεᾷ
627 2355 734 2444 ταύτῃ,
760 2358 809 2421 καλ
826 2354 925 2435 είπον,
954 2355 1013 2421 ’Aet
1026 2363 1192 2422 πλανῶνται
1207 2363 1243 2446 τῇ
1258 2359 1381 2443 ιωιρῦίμ,
1413 2359 1475 2431 καί,

318 2459 440 2543 Ὧμοσα
451 2461 478 2523 εί
490 2457 695 2534 είςελεύσονται
709 2462 751 2534 είς
763 2458 817 2542 τήν
829 2457 1013 2526 κατάπαυσίν
1026 2485 1092 2540 μου.
1126 2457 1182 2524 Διό
1197 2461 1248 2523 καί
1261 2461 1293 2524 ἐν
1306 2458 1477 2544 ἓτερογίιίσ-

329 2585 392 2638 σοις
407 2566 592 2647 ἐπηγγείλατο
610 2567 730 2644 λαλῆσαι
745 2559 860 2642 αύτοῖς,
878 2558 934 2637 ,αίς
956 2563 1005 2626 καί
1023 2561 1155 2644 ἐλύλησε,
1184 2563 1235 2626 καί
1257 2557 1313 2626 ούιι
1330 2563 1477 2643 είςήλθον.

333 2671 426 2730 Τοῦτο
444 2662 499 2750 γάρ
515 2660 677 2748 εύρίσκεται
690 2665 781 2750 λόγων
796 2673 860 2739 τοῖς
875 2661 968 2728 αῦτοῦ
980 2673 1143 2746 μαθηταῖς,
1164 2661 1248 2745 Ὑμῖν
1260 2665 1381 2728 ιλίῦοται
1393 2671 1477 2744 λαλῖς·

328 2789 377 2831 σαι
392 2763 428 2831 τοί
445 2764 589 2852 μυστήρια
605 2774 656 2849 τῆς
670 2771 826 2850 βασιλείας,
849 2769 972 2841 ἐκείνοις
986 2765 1018 2831 δὲ
1034 2767 1066 2831 ἐν
1079 2770 1271 2852 παραβολαῖς,
1291 2769 1344 2830 ἵνα
1358 2767 1477 2848 βλέπον.

327 2895 373 2945 τες
390 2867 430 2952 μή
446 2869 588 2951 βλέπωσι,
618 2870 669 2932 καί
683 2867 720 2932 τοί
737 2871 809 2952 ἑξῆς.
855 2873 1013 2950 Πανταχοῦ
1030 2872 1132 2934 τοίνυν
1155 2871 1187 2932 ἐν
1207 2873 1243 2958 τῇ
1262 2875 1353 2957 καινῇ
1368 2867 1403 2934 τό
1418 2865 1476 2932 ἀπό

329 2977 454 3048 παλαιᾶς
465 2968 652 3054 πληρούμενα
666 2975 754 3037 παντί
765 2998 807 3058 τρε
822 2973 915 3051 σαφές
929 2973 1005 3035 ἐστιν
1020 2969 1067 3036 ὅτι
1079 2967 1134 3054 σύγ
1149 2972 1250 3058 ἓιίρου
1264 2977 1344 3036 θεοῦ
1359 2973 1410 3036 καί
1421 2971 1476 3034 ἑτέ-

329 3101 401 3161 ρου,
424 3071 494 3139 ἀλλά
514 3079 568 3138 τοῦ
591 3070 683 3138 αύτοῦ
704 3076 737 3137 αἱ
756 3072 812 3138 δύο
835 3077 982 3156 διαθῆκαι
1002 3077 1194 3138 συνίστανται.
1532 3065 1533 3154 ή

1532 3199 1533 3250 ί

414 3279 446 3345 ιε’
461 3281 512 3343 καί
524 3276 568 3363 κγ’
582 3278 667 3362 Σχόλ.
698 3281 742 3344 Αἰ
754 3286 890 3364 γυναῖκες
902 3280 933 3344 ἐν
946 3280 1083 3366 ἐκκλησίᾳ
1096 3275 1271 3364 σιγάτωσαν,
1294 3275 1333 3342 οῦ
1348 3274 1404 3362 γύρ
1416 3277 1475 3348 6²3·
1532 3269 1533 3296 ί

329 3384 462 3462 τρέπεται
485 3378 586 3457 αύταῐς
605 3389 713 3446 λαλεῖν·
744 3379 813 3446 ἀλλά
833 3379 1117 3460 ύποτασσὲσθωσαν,
1145 3377 1250 3455 καθοίς
1271 3381 1323 3444 καί
1346 3377 1365 3444 6
1389 3377 1533 3460 νόμος
1532 3405 1533 3408 ’

331 3487 411 3572 λέγει.

416 3613 440 3653 ιε
440 3585 512 3652 ’καλ
527 3589 571 3672 κγ’
582 3583 699 3672 ’Έλεγγ
731 3589 773 3651 Εἰ
793 3585 868 3652 κατὰ
888 3586 942 3652 τόν
963 3585 1055 3668 νόμον
1076 3580 1301 3650 θιατάσοετατ’
1282 3610 1298 3649 ο
1322 3581 1408 3669 ῦγιος
1426 3587 1478 3646 τοῦ
1532 3595 1533 3712 ή

331 3697 408 3757 θεοῦ
424 3687 587 3765 ἀπόστολος
591 3688 656 3816 ττήν
670 3686 851 3766 εὐταξίαν
814 3715 850 3778 τη
869 3686 939 3777 ἆγίμ
952 3695 1006 3754 τοῦ
1023 3695 1099 3753 θεοῦ
1114 3689 1262 3774 ίκκλησία,
1283 3683 1343 3752 οῦκ
1356 3687 1478 3760 &mc

333 3791 470 3876 ῦνόμος,
499 3789 549 3874 ἀφ’
566 3784 659 3878 ούπερ
674 3789 729 3875 τήν
743 3789 876 3868 εύταξίαν
890 3795 1120 3873 μετακομίζεεαι,
1147 3785 1217 3854 οῦῦλ
1233 3785 1388 3874 ἀλλοτρίαν
1407 3795 1478 3854 θεοῦ

333 3894 455 3980 ύπάρηει
477 3892 494 3960 6
514 3894 620 3977 νόμος,
652 3891 706 3976 τήν
726 3903 851 3980 γυναῖκα
871 3891 1083 3970 καθυποτάξας
1104 3915 1145 3980 τρι
1131 3888 1256 3973 ἀνδρί.
1301 3891 1478 3976 Συνιρίοκει

332 3997 387 4086 γῦρ
408 4000 458 4063 καλ
480 3994 633 4085 ἀποοτόλῳ
654 4005 740 4063 τοῦτο
763 3999 794 4062 ἐν
815 4003 851 4085 τῇ
872 4003 926 4080 τῆς
948 3999 1099 4077 ἐκκλησίας
1119 3996 1297 4080 νομοθεσίᾳ,
1333 3993 1377 4069 ὅς
1397 4015 1476 4075 φησι,

215 4141 265 4187 με.
277 4129 321 4174 ιιι,
337 4099 451 4176 Καθοίς
466 4101 516 4166 καί
533 4097 551 4164 6
566 4097 657 4180 νόμος
672 4101 753 4184 λέγει.
784 4105 852 4164 Ποῦ
868 4099 900 4163 δὲ
917 4095 996 4162 εἶπεν
1013 4094 1030 4163 6
1046 4095 1152 4179 νόμοςς
1182 4093 1266 4160 Ἀλλά
1283 4097 1315 4162 ἐν
1329 4103 1372 4185 τρῖ
1390 4099 1478 4162 είκεῖν

333 4203 386 4270 τόν
402 4201 478 4270 θεόν
495 4200 570 4286 πρός
591 4199 644 4284 τήν
664 4199 748 4266 Εύαν
763 4199 870 4282 εύθύς,
903 4199 987 4286 Πρός
1007 4197 1059 4265 τῦν
1076 4197 1170 4284 ἀνδρα
1190 4219 1245 4263 σου
1265 4195 1477 4283 ήοίποστροφή

335 4329 404 4387 σου,
426 4308 477 4372 καί
492 4302 581 4381 αύτύς
595 4325 649 4370 σον
665 4301 817 4388 κυριεύσει.
863 4305 905 4368 El
919 4301 973 4390 γάρ
989 4303 1040 4367 καί
1057 4303 1088 4367 ἐν
1103 4299 1201 4378 ἀλλοις
1214 4298 1327 4380 τύποις,
1350 4297 1423 4366 ἀλλά
1437 4303 1479 4366 ἐν

368 4460 409 4512 59.
423 4479 470 4528 συγ
454 4464 621 4530 γγειςιτειιιιλ.
629 4465 746 4514 Ριλουιιιε
770 4463 888 4514 λῖθτῖλιο
955 4457 996 4512 ῦίλ
1013 4462 1048 4510 σο
1069 4459 1142 4509 edidit
1157 4461 1269 4510 Ρτίαυῖιιτ
1288 4471 1317 4510 ιτ
1338 4459 1392 4508 ud.
1410 4459 1479 4508 Γωίτ.

336 4531 387 4580 λεια
404 4529 519 4597 συνέχεια
922 4525 1082 4598 ίκβαβνλῦν
1099 4529 1154 4580 τελεῖ.
1164 4529 1240 4590 princ„
