3078 5012
341 287 403 348 628
763 297 883 351 SANGTI
901 299 1070 351 EPIPHANH

333 413 392 479 Ἢν
409 412 466 501 γάρ
485 413 522 480 σύ
538 413 683 499 βδελύττει
700 420 921 500 σαρκοφαγίαν,
951 413 969 482 ό
986 419 1091 501 κύριος
1106 412 1225 498 Ἰησοῦς
1241 415 1314 499 μετά
1330 425 1390 483 τῶν
1402 415 1470 482 αύτοῖ

342 524 486 599 μαθητῶν
501 519 666 606 βέβρωκεν,
697 521 835 584 ἐπιτελῶν
852 516 885 584 τό
903 518 1000 603 πάσχα
1015 515 1049 585 τό
1065 515 1140 584 κατά
1153 517 1253 602 νόμον.
1300 523 1362 585 Καλ
1377 519 1416 604 μη
1427 519 1470 603 λέγε

341 618 387 685 ὅτι
402 619 420 685 δ
436 623 530 704 ἔμελλε
544 619 706 706 μυστήριον
723 624 869 700 ἐπιτελεῖν,
891 627 978 688 τοῦτο
997 621 1188 706 προωνόμαζε
1203 623 1304 708 λέγων,
1329 625 1409 688 Θέλω
1424 617 1470 704 μεθ’

341 717 424 804 ύμοῖν
445 733 551 810 φαγεῖν
572 721 605 789 τό
627 723 732 807 πάσχα.
765 722 839 790 Ἵνα
860 723 916 810 γάρ
938 723 1013 791 κατά
1029 723 1127 790 πάντα
1139 727 1252 811 τρόπον
1267 725 1470 813 καταισχύιχσε

339 821 516 908 ἡάλήθεια,
539 823 595 892 ούκ
612 829 642 892 έν
657 835 693 916 τῇ
710 824 784 917 άρχῇ
800 836 881 892 ποιεῖ
892 825 925 892 τό
940 825 1115 916 μυστήριον,
1136 831 1187 893 ῖνα
1202 827 1244 911 μὴ
1259 825 1392 919 άρυήσχ,
1411 825 1470 900 άλλί,

340 930 430 1010 φησί,
459 928 548 994 Μετά
564 927 597 995 τό
613 934 769 1012 δειπνῆσαι
786 928 886 1012 λαβεῖν
900 929 969 996 τάδε
989 933 1040 995 καλ
1058 929 1143 1010 τάδε,
1175 933 1225 998 καὶ
1244 927 1306 996 εἷπε
1324 929 1412 996 τοῦτό
1428 933 1470 994 ἐστι

339 1029 409 1096 τάδε
425 1033 476 1098 καί
487 1031 572 1112 τάδε,
595 1037 632 1077 ⁴⁶
642 1034 693 1098 καί
708 1029 763 1098 ούκ
778 1036 856 1098 είασε
872 1032 964 1100 τόπον
977 1040 1013 1123 τῇ
1027 1037 1213 1122 ῥᾳδιουργίᾳ.
1247 1031 1365 1111 Ἕδειξε
1377 1029 1470 1120 γάρόο

340 1132 412 1215 μετά
428 1133 461 1199 τό
478 1137 660 1222 βεβρωκέναι
676 1133 709 1201 τό
727 1134 823 1220 πάσχα
839 1134 873 1201 τό
890 1135 964 1202 κατά
981 1135 1051 1213 τούς
1066 1133 1251 1217 Ἰουδαίους,
1273 1139 1406 1204 τουτέστι
1418 1131 1470 1218 μοι’

340 1234 373 1300 τό
396 1240 565 1321 δειπνῆσαι,
587 1230 658 1322 ἧκεν
679 1241 729 1306 έπί
749 1237 784 1305 τό
806 1237 976 1324 μυστήριον.

426 1441 512 1526 Σηόλ.
529 1442 580 1526 ξβ.
613 1445 673 1510 Καὶ
687 1442 823 1524 όνέπεσε,
846 1446 896 1511 καλ
911 1448 943 1511 οῖ
955 1442 1072 1512 δυόδεκα
1088 1441 1245 1511 όπόστολοι
1259 1443 1316 1510 σύν
1329 1443 1417 1535 αύτῷ,
1434 1445 1471 1508 καί

341 1541 436 1626 εἶπεν,
465 1543 627 1635 Ἐπιθυμίᾳ
644 1545 819 1630 έπεθύμησα
835 1555 922 1614 τοῦτο
939 1545 972 1614 τό
989 1545 1087 1631 πάσχα
1101 1555 1209 1634 φαγεῖν
1222 1545 1290 1631 μεθ’
1304 1545 1404 1632 ύμοῖν,
1427 1545 1470 1630 πρό

340 1654 393 1714 τοῦ
415 1673 451 1729 με
471 1657 588 1714 παθεῖν.

416 1747 534 1837 Ἕλεγχ.
551 1750 603 1834 ξβ.
633 1749 785 1818 Ἀνέπεσεν
800 1749 819 1818 ό
834 1752 942 1838 σωτὴρ,
965 1745 991 1818 ό
1003 1757 1161 1836 Μαρκίων,
1182 1754 1234 1818 καί
1246 1755 1279 1820 οῖ
1289 1751 1404 1820 δοῖδεπσ
1415 1749 1471 1818 άπά-

340 1860 436 1919 στολοι
457 1851 517 1936 μετ’
537 1851 637 1922 αύτού.
681 1857 724 1919 Εἰ
740 1852 861 1920 άνέπεσε
878 1857 929 1922 καλ
945 1857 1157 1935 συνανέπεσον,
1188 1852 1225 1922 ού
1240 1854 1367 1922 δύναται
1381 1861 1428 1940 μία
1441 1855 1474 1917 λί-

340 1961 384 2033 ξις
398 1953 452 2038 την
466 1961 613 2039 σημασίαν
626 1959 700 2040 ἔχειν
714 1959 815 2043 έτέραν
830 1966 867 2004 ⁴⁶
876 1959 927 2025 καλ
941 1959 1056 2044 ἑτέραν,
1078 1955 1136 2022 κάν
1149 1983 1180 2022 τε
1194 1965 1231 2048 τῇ
1244 1955 1312 2046 άξίᾳ
1327 1961 1378 2024 καλ
1389 1956 1474 2044 τρόπῳ

340 2061 402 2141 έχοι
415 2056 470 2141 τήν
483 2058 640 2146 διαφοράν.
668 2057 712 2124 Ἢ
722 2056 777 2146 γάρ
793 2059 897 2138 δόσεις
909 2063 960 2127 καί
973 2059 1043 2137 τούς
1058 2059 1175 2126 δυόδεκα
1187 2059 1307 2144 δοκήσει
1321 2057 1474 2126 άναπεπτα

338 2163 436 2241 κε’ναι,
467 2159 488 2244 ἢ
510 2163 561 2228 καί
582 2158 673 2228 αύτόν
695 2160 820 2251 άληθείᾳ
840 2162 934 2249 σάρκα
953 2167 1056 2246 έχοντα
1073 2161 1225 2248 άληθινῶς
1242 2161 1475 2230 άναπεπτοτπένα

341 2266 412 2340 Καὶ,
432 2261 597 2354 Ἐπιθυμίᾳ
611 2263 786 2348 έπεθύμησα
799 2273 887 2331 τοῦτο
904 2265 936 2332 τό
950 2265 1049 2349 πάσχα
1063 2274 1170 2352 φαγεῖν
1185 2263 1253 2348 μεθ’
1267 2263 1354 2348 ύμοῖν
1366 2265 1421 2352 πρό
1434 2271 1475 2330 τοῦ

340 2393 375 2450 με
390 2376 516 2447 παθεῖν,
544 2369 594 2432 ἰ’να
611 2370 690 2456 δείξῃ
707 2365 804 2450 πάσχα
820 2366 879 2454 πρά
895 2376 949 2434 τού
964 2368 1087 2444 πάθους
1102 2367 1195 2434 αύτοῦ
1213 2371 1246 2434 έν
1260 2375 1301 2458 τᾳῖ
1319 2368 1402 2460 νόμᾳ
1417 2393 1476 2452 προ·

338 2469 525 2554 τυπούμενον
544 2472 594 2534 καί
611 2468 765 2553 γινόμενον
786 2468 820 2535 τό
838 2471 960 2557 βέβαιον
975 2469 1067 2537 αύτοῢ
1085 2477 1139 2537 τοῦ
1154 2470 1292 2552 πάθους,
1321 2476 1372 2538 παλ
1388 2472 1478 2538 έντελέ

338 2593 440 2658 στερον
461 2570 729 2658 προσκαλούμενον,
761 2573 811 2638 καλ
827 2569 1032 2640 ύτιοδεικνύων
1054 2571 1094 2650 ός
1115 2575 1166 2640 καλ
1187 2569 1205 2638 ό
1227 2572 1312 2658 ἅγιος
1330 2569 1480 2646 α’πσστολόο

339 2695 428 2757 φησι,
452 2673 650 2762 Παιδαγωγός
665 2672 736 2758 ἡμῖν
756 2677 918 2761 47γίγονεν
936 2673 954 2742 ό
970 2675 1062 2759 νόμος
1076 2678 1118 2752 είς
1136 2675 1273 2762 Χριστόν.
1318 2681 1364 2742 Εί
1377 2679 1407 2743 δέ
1420 2702 1477 2740 παι-

338 2775 472 2863 δαγωγός
494 2774 512 2844 ό
533 2775 625 2859 νόμος
647 2780 687 2854 είς
711 2776 855 2864 Χριστόν,
878 2776 934 2845 ούκ
956 2775 1105 2865 άλλότριος
1128 2784 1260 2866 Χριστοῦ
1283 2776 1300 2844 ό
1321 2779 1419 2865 νόμος.

423 3084 509 3170 Σχόλ.
522 3083 573 3171 ξγ’.
606 3087 767 3173 Παρέκοψε
779 3085 824 3166 τό,
848 3089 976 3173 48Αέγω
990 3084 1071 3170 ύμῖν,
1093 3085 1138 3152 Ου’
1150 3085 1191 3171 μὴ
1205 3085 1293 3174 φύγω
1307 3084 1380 3154 αύτό
1393 3083 1478 3170 όπάρ-

338 3215 364 3255 τι
371 3239 381 3268 ,
404 3191 460 3264 έως
482 3187 565 3255 έδάν
586 3196 732 3278 πληρωθῇ
754 3191 786 3256 έν
807 3197 843 3279 τῇ
864 3193 996 3278 βασιλείᾳ
1013 3196 1067 3256 τοῦ
1087 3196 1173 3257 θεοῦ.

216 3334 269 3382 11⁸2·
281 3323 325 3368 ns.
415 3288 532 3377 Ἔλεγχ.
548 3289 597 3376 ξγ’.
633 3297 726 3358 Τοῦτο
749 3300 873 3374 περιεῖλε
896 3294 947 3357 καλ
970 3290 1229 3382 δρρᾳδιούργησεν,
1260 3294 1311 3358 ἰ’νο
1334 3295 1426 3376 δῆθεν
1443 3287 1479 3372 μά

338 3392 454 3476 ποιήσει
477 3397 510 3460 έν
530 3401 567 3483 τῇ
584 3398 714 3484 βασιλείᾳ
736 3402 790 3460 τοῦ
806 3401 882 3462 θεοῦ
899 3393 999 3480 βρωτά
1013 3394 1034 3478 ἢ
1049 3394 1141 3475 ποτά,
1169 3393 1224 3461 ούκ
1240 3392 1327 3472 εἰδοῖς
1343 3393 1362 3461 ό
1377 3391 1480 3476 πτηνά

339 3501 393 3578 δης
414 3495 459 3562 ὅτι
476 3493 655 3580 όντιμίμημα
672 3505 733 3562 τοῖν
748 3498 884 3583 έπιγείων
903 3499 1026 3564 δύναται
1042 3494 1115 3565 εἶναι
1130 3496 1315 3580 πνευματικά
1331 3499 1383 3564 καί
1399 3500 1479 3563 έπου-

338 3597 439 3680 ράνια,
461 3599 738 3684 μεταλαμβανόμευα
754 3597 794 3676 άς
810 3597 893 3684 ἡμεῖς
909 3597 965 3666 ούκ
981 3603 1110 3684 οῖδαμεν.
1155 3608 1316 3686 Μαρτυρεῖ
1326 3599 1383 3687 γάρ
1399 3597 1482 3664 πάλιν

336 3697 355 3766 ό
371 3699 484 3786 σωτήρ,
511 3705 559 3768 καλ
578 3705 651 3789 λέγει
668 3702 728 3780 ότι,
759 3708 931 3768 Καθίσεσθε
949 3706 999 3770 ἐπί
1015 3711 1067 3787 τῆς
1080 3705 1222 3789 τραπέζης
1235 3729 1310 3785 μου,
1338 3705 1483 3776 ἐσθίοντες

336 3805 388 3870 καί
413 3807 550 3880 πίνοντες
572 3807 602 3870 έν
627 3812 662 3894 τῇ
686 3807 816 3894 βασιλείᾳ
840 3811 898 3871 τοῖν
921 3804 1065 3892 ούρανοῖν.
1111 3805 1201 3871 ⁶⁰”H
1221 3807 1376 3894 παρέκυψε
1398 3803 1483 3870 πάλιν

336 3912 443 3985 ταῦτα,
471 3910 522 3971 ῖνσ
538 3910 631 3991 δῆθεν
647 3905 756 3997 ποιήση
771 3905 807 3972 τά
822 3911 854 3973 έν
867 3915 907 3997 τᾳῖ
923 3908 1005 3998 νόμᾳ
1024 3907 1066 3993 μή
1081 3912 1182 3992 έχοντα
1198 3906 1292 3974 τόπον
1307 3909 1338 3973 έν
1353 3915 1390 3998 τῇ
1404 3912 1483 3990 βασι-

336 4109 429 4178 αύτοῦ
450 4114 482 4178 έν
502 4118 543 4201 τᾳῖ
564 4109 625 4198 όρει
647 4115 679 4178 έν
698 4111 785 4203 δόξης
817 4109 888 4178 Ἀλλ’
908 4111 997 4180 ούδέν
1013 4111 1168 4199 δυνήσεταί
1188 4139 1233 4192 τις
1252 4113 1330 4202 πρός
1347 4113 1402 4197 τόν
1420 4109 1485 4194 α’λάγ

335 4223 430 4280 θειαν.

370 4401 410 4454 45.
428 4406 472 4458 καί
483 4403 529 4460 οόκ
542 4407 624 4461 ελασεν
636 4403 665 4461 ού
675 4403 749 4462 τόπον
761 4411 812 4460 ασελ.
822 4413 895 4462 λαστ.
962 4406 1003 4464 47.
1018 4409 1116 4478 γέγονεν
1130 4403 1232 4477 όνόμος
1247 4411 1298 4462 eod.
1309 4413 1390 4472 Vane„
1400 4415 1423 4458 τί
1434 4411 1487 4458 in&
1510 4397 1511 4460 ί

371 4468 411 4520 46.
428 4473 471 4524 καὶ
483 4473 567 4536 ἑτέραν
582 4479 645 4527 σοιτί
656 4479 686 4525 σο
696 4477 750 4528 edit.
765 4483 839 4541 prino.
859 4481 897 4529 Επ
930 4481 984 4528 edit.
1000 4483 1081 4530 Ρειου.
1116 4471 1205 4546 γίνοιτ’
1223 4475 1238 4533 ό
1255 4477 1333 4544 κόμας
1348 4481 1400 4529 edit
1410 4481 1487 4542 φτίτιι.
1510 4493 1511 4512 ¹

337 4536 388 4585 οοσ.
402 4539 474 4590 λεια.
492 4543 712 4594 οδὶτοσΨιλαυίυο.
931 4545 1023 4613 γένοιτο
1041 4543 1055 4601 δ
1072 4543 1149 4614 νόμος
1164 4549 1216 4598 σοιλ
1227 4549 1327 4612 Ma.
