3106 4990
372 307 507 375 seusun
524 309 586 362 crs.
601 311 619 360 ι.
638 309 774 363 romrn.
792 311 1027 367 susumus
1212 303 1274 366 489
1376 363 1382 373 .

124 427 258 514 quiddmu
275 449 361 513 quum
376 427 544 514 superiores
558 449 661 494 omnes
675 429 704 494 in
719 430 856 515 opinione
872 453 924 496 suo
941 433 1048 518 posuit.
1096 431 1212 500 Etenim
1226 436 1275 520 qni

123 551 166 595 ex
188 551 288 596 eorum
312 531 665 616 propensissimum,
699 534 882 598 occasionem
902 545 1004 599 uectus
1026 557 1042 599 a
1062 535 1183 616 Marco,
1216 559 1274 603 non

124 634 228 700 eodem
245 645 341 698 tumen
358 656 415 719 quo
428 633 484 698 iste
500 634 585 698 modo
601 637 733 714 redimit,
758 638 809 700 sed
826 638 910 702 aliam
927 639 1068 722 quondam
1086 641 1228 704 eiusmodi
1245 640 1273 704 in

122 736 248 800 niobem
272 737 437 802 vindicandi
462 737 603 802 rationem
630 737 780 804 observet.
825 737 902 804 Sunt
927 741 1004 804 enim
1029 762 1067 805 ex
1093 742 1162 826 ipsis
1187 743 1274 828 ntiqui

123 840 174 924 qui
193 839 288 904 oieum
308 861 382 924 eque
400 850 592 926 temperatum
612 841 697 926 capiti
718 843 869 906 morientis
888 855 1063 927 aspergunt,
1097 855 1273 928 unguentum

122 941 193 1022 aiii,
225 942 300 1027 qood
324 938 548 1025 Opobeissmum
573 955 697 1021 vocent,
733 953 762 1006 et
783 965 897 1029 uquam.
944 942 1133 1011 irrrooetione
1159 931 1273 1032 quidem

122 1046 226 1110 eedem
251 1056 372 1110 utuntur
391 1067 475 1131 quam
499 1057 527 1109 et
548 1043 682 1110 Marcum
704 1045 870 1110 adhibuisse
891 1047 1058 1129 docuimus,
1093 1050 1274 1134 paucissimis

121 1147 274 1214 uocabulis
290 1150 445 1214 adiunctis.
492 1145 537 1212 Ea
552 1168 640 1234 porro
654 1157 701 1212 est
714 1148 893 1214 huiusmodi=
917 1155 1018 1226 Hesio,
1045 1155 1150 1234 Upim,
1174 1157 1273 1233 Egna-

121 1271 276 1331 urcmpsue,
307 1253 502 1325 Meucduldrir,
532 1254 683 1325 Nomomc,
715 1257 806 1328 Duce,
833 1257 1013 1334 Acpburour,
1038 1259 1184 1336 spumas,
1208 1261 1273 1318 Iesu
1321 1327 1322 1330 Ἴ

119 1355 264 1414 Nasone.
311 1350 395 1436 Ques
411 1351 525 1437 quidem
544 1374 580 1418 eo
596 1352 720 1418 oonsilio
736 1354 857 1435 faciunt,
883 1367 914 1420 nt
929 1356 981 1442 qui·
994 1356 1049 1420 sub
1066 1357 1177 1422 exitum
1195 1359 1271 1422 ritae

120 1453 229 1518 tatibus
246 1455 533 1541 comprecationibos‘
544 1455 681 1520 instructi
696 1457 806 1522 fuerint
819 1479 882 1521 eom
899 1479 975 1542 aqua
991 1468 1022 1522 ct
1037 1459 1115 1539 uico,
1139 1461 1202 1524 siro
1218 1481 1271 1524 un·

120 1568 243 1642 guento,
267 1557 427 1622 commistis
444 1577 461 1622 a
475 1558 675 1644 superioribus
692 1557 906 1645 Principntibns
923 1581 957 1626 se
973 1559 1173 1627 potestatibus
1188 1570 1271 1628 codr-

120 1659 183 1724 oeri
199 1659 349 1744 riderique
365 1672 523 1745 nequeant,
543 1671 630 1746 atque
646 1671 678 1724 ut
692 1661 815 1726 interior
827 1662 956 1748 ipsorum
973 1663 1058 1728 bomo
1074 1685 1189 1730 sorsum
1204 1687 1271 1751 pos·

120 1759 162 1826 sit
181 1783 198 1828 a
218 1761 334 1826 nemine
351 1773 525 1848 conspectus
549 1765 687 1828 evadere.
733 1761 847 1849 Quippe
869 1766 1040 1851 corporibus
1062 1768 1128 1832 istis
1149 1778 1271 1832 censent

120 1885 187 1930 cum
210 1866 321 1950 relique
346 1865 425 1930 onrni
447 1876 582 1931 cremore
605 1866 714 1930 relictis
738 1867 890 1932 evolantes
915 1869 981 1932 bino
1005 1871 1134 1955 ipsorum
1159 1871 1271 1935 animus

119 1967 283 2046 erudiunt,
314 1969 361 2052 qui
377 1969 407 2031 in
423 1969 537 2032 deiectu
555 1979 706 2046 versetur,
736 1969 895 2048 assistere,
918 1971 1082 2057 ibidemque
1099 1975 1172 2059 apud
1190 1974 1270 2038 ibium

116 2071 307 2135 commorari.
353 2067 413 2136 Sed
433 2069 603 2135 interiorem
623 2071 785 2151 bominem,
818 2073 865 2156 qui
888 2074 984 2138 anima
1006 2075 1070 2161 ipsu
1089 2097 1271 2162 corporeque
1296 2141 1305 2150 ,

115 2171 214 2257 megia
227 2171 347 2238 intimus
362 2183 424 2250 est,
448 2173 534 2238 eitius
550 2173 666 2253 oderri3
690 2195 774 2258 qoem
791 2194 831 2239 cx
850 2177 993 2262 superiori
1011 2175 1177 2242 Pleromate
1193 2179 1270 2242 deri·

116 2286 218 2340 vetum
242 2275 423 2340 existiment.

205 2478 343 2546 Ceterum
366 2501 439 2567 quos
462 2483 498 2546 ad
521 2502 586 2546 eum
609 2481 723 2544 modurn
741 2481 902 2563 illuserint,
936 2483 976 2547 ite
996 2485 1138 2548 cohortati
1158 2469 1270 2551 solenti
1289 2499 1347 2568 cip.
1363 2499 1405 2550 tn.

115 2581 194 2662 Ubi,
224 2584 375 2668 inquiunt,
406 2584 441 2647 ad
462 2580 646 2669 Principatus
667 2595 698 2648 ct
718 2581 885 2649 Potoulates
907 2595 974 2671 post
995 2587 1103 2653 obitum
1126 2589 1267 2666 cumeris,

114 2697 266 2750 memento
284 2688 355 2752 baec
370 2686 410 2750 nti
429 2686 518 2750 rerba
535 2687 684 2771 proterasr
707 2689 864 2770 Egofilius
876 2711 894 2751 o
908 2694 1008 2765 Putre,
1033 2703 1062 2752 et
1074 2713 1106 2753 eo
1122 2696 1207 2754 Patre
1222 2697 1274 2774 qur·

113 2801 185 2852 aare
198 2811 292 2852 omues
306 2793 413 2864 ceiam,
438 2811 473 2851 uc
481 2793 629 2870 peremti
641 2801 763 2871 tempore
769 2795 856 2872 filius
873 2798 938 2855 ueur'
954 2806 986 2854 ut
999 2798 1090 2856 omneis
1107 2807 1162 2858 tom
1176 2799 1269 2858 uirens

114 2913 201 2975 pam
215 2897 329 2973 probato
348 2913 507 2966 cernerent,
539 2913 590 2954 uec
609 2897 718 2956 orunriro
737 2905 827 2956 mmm
843 2899 952 2970 alienu,
985 2902 1036 2960 scd
1054 2901 1094 2959 od
1110 2901 1268 2960 Achamoth

108 2999 304 3078 pernitentiis,
338 3017 410 3078 quoe
430 3017 493 3057 eum
505 2997 692 3078 seminarit,
725 2999 783 3058 sibi
796 3001 851 3058 r'rto
860 2999 1028 3082 fabricauit.
1076 3003 1163 3080 Origo
1178 3022 1268 3081 porro

113 3119 178 3161 mea
201 3110 246 3160 est
263 3097 300 3159 ob
321 3121 353 3159 ro
368 3102 453 3160 decta
474 3102 601 3179 pmoure
616 3103 833 3174 occurruerint,
865 3123 951 3183 coque
968 3124 1081 3164 rursum
1099 3106 1172 3164 uude
1188 3115 1267 3164 ortus

112 3221 178 3263 sum
194 3205 353 3280 mgr‘addor.
401 3197 485 3283 Quae
503 3201 709 3281 condixerit,
743 3202 865 3266 subinde
882 3223 899 3266 e
917 3201 1115 3266 Poteststibus
1134 3215 1266 3288 ereptum

113 3303 154 3368 ad
169 3301 349 3366 conditorem
366 3302 487 3386 eiusque
504 3304 661 3390 stipatores
678 3305 808 3389 adusque
826 3305 946 3389 primurn
966 3301 1134 3389 Ogdoadem
1153 3305 1264 3368 efferri.

113 3403 267 3490 Siquidem
291 3415 358 3490 post
380 3416 543 3470 creatorem
568 3407 654 3469 etium
676 3407 724 3470 isti
747 3406 916 3470 inferiorem
938 3427 1006 3471 esse
1028 3408 1131 3470 volunt
1149 3405 1267 3470 Hebdo-

111 3509 248 3586 madem‚
276 3509 427 3596 ipsumque
449 3508 479 3572 in
502 3507 677 3592 Septenariu
699 3519 833 3572 octavum
856 3529 941 3586 esse,
972 3510 1023 3573 sed
1046 3510 1075 3572 in
1099 3510 1213 3574 deicolo
1236 3521 1266 3573 ct

112 3611 283 3695 ignoremis
297 3613 498 3677 coustitutum.
537 3607 642 3676 iubent
655 3612 745 3695 igitur
758 3631 836 3691 eum,
857 3613 905 3696 qui
921 3633 960 3676 ex
978 3613 1032 3675 troc
1046 3611 1106 3675 vito
1122 3612 1266 3677 discesse-

111 3714 171 3792 rit,
197 3724 360 3778 creatorem
375 3712 498 3798 ciusqnc
512 3713 634 3778 comites
651 3715 726 3778 bunc
743 3715 771 3777 in
787 3715 902 3779 ruodum
918 3714 1043 3799 eiioqois
1069 3719 1124 3777 Vos
1136 3737 1190 3798 ego
1205 3739 1266 3780 sum

109 3821 267 3899 pretiosum
285 3821 376 3897 magri
391 3839 473 3899 W'
483 3819 595 3900 smnriru
610 3821 661 3880 ilio
675 3839 747 3901 quue
761 3839 809 3880 oos
822 3822 957 3880 condidit.
1003 3822 1040 3880 Si
1050 3823 1173 3881 radicem
1187 3841 1266 3882 rrum

114 3931 210 3981 mou
226 3929 315 3980 mater
329 3924 460 3999 mourut,
485 3941 538 3999 ego
555 3925 678 3982 nonime
692 3926 797 4002 mmm,
822 3933 852 3984 et
866 3925 939 3983 rende
953 3927 1005 3983 erin
1023 3927 1100 3997 scio,
1125 3935 1209 4005 utque
1223 3928 1266 3984 r'n·

114 4033 277 4102 corruptum
299 4025 470 4102 Sups‘cuta'um
494 4025 608 4096 invoco,
640 4044 711 4104 quoe
731 4029 805 4086 circat
825 4029 853 4086 iu
875 4029 961 4086 Putre
979 4027 1136 4108 diuo-rique
1157 4037 1267 4087 vestrm

114 4136 206 4187 auom
221 4135 280 4200 est,
313 4128 373 4187 eries
391 4145 463 4206 quoa
477 4135 592 4186 matrem
611 4147 666 4188 uon
685 4127 783 4200 dubet,
815 4147 850 4188 oc
867 4132 1064 4208 mecumgens
1081 4132 1189 4210 quddam
1208 4149 1266 4190 mu·

115 4237 185 4290 mem
193 4273 203 4302 ,
227 4231 279 4290 red
290 4251 306 4290 e
313 4230 425 4311 semrirc
441 4229 625 4312 octasemiua
640 4249 689 4290 our
700 4233 854 4310 prodromi,
879 4235 979 4292 moturi
992 4235 1095 4311 igme
1112 4251 1197 4304 sure,
1221 4253 1265 4292 se-

113 4353 242 4412 queesse
256 4334 342 4393 rodurn
356 4335 530 4394 munuum.
570 4336 677 4412 Atego
691 4344 807 4395 matrem
820 4332 880 4411 eiius
894 4337 1014 4414 appello.
1056 4330 1170 4414 Quibus
1185 4334 1264 4397 aurii-

113 4488 135 4536 Δ
168 4483 277 4540 brunes.
296 4485 404 4545 Pronus,
423 4487 476 4534 iesu
493 4483 605 4536 Nsseriu.
744 4487 802 4536 Ger.
819 4487 862 4536 ΙΙΙ.
879 4513 913 4525 -
931 4486 953 4537 1.
973 4489 1161 4538 introruentes
1177 4487 1263 4554 φησὶν.

190 4555 299 4604 numito
314 4549 356 4608 τὸν
372 4549 501 4620 codrum.
742 4555 766 4608 2.
784 4551 882 4610 Tunicae
897 4558 981 4606 corrice.
995 4557 1114 4606 Percotes.
