3072 4986
318 293 361 362 ,68
741 297 1045 354 οιαοιιεειειιιυιι

321 427 403 506 βίοις
416 416 602 495 άναστάσεινς
617 422 729 504 νεκρῶν
741 415 775 482 τί
793 426 931 501 σημείου,
954 413 991 482 οῦ
1007 415 1109 499 μέντοι
1122 439 1154 502 γε
1170 419 1322 501 τηλαυγῶς
1343 414 1468 498 κικῆρυ·

323 548 403 590 κται·
425 521 476 586 καί
490 523 630 606 ἔσπαρται
645 522 677 586 έν
692 515 795 595 αῦταῖς
808 520 876 606 περί
888 525 943 584 τοῦ
961 525 1138 602 μονογενοῦς
1153 521 1223 584 νίοῦ
1241 523 1296 584 τοῦ
1310 524 1396 597 θεοῦ,
1418 517 1469 580 καί

325 626 394 708 περί
415 629 469 690 τοῦ
493 619 579 708 άγίου
595 621 775 705 πνεύματος,
797 623 846 690 ταί
865 619 940 686 κατοί
956 618 1092 686 εἰδώλων.
1139 618 1179 685 Τό
1197 619 1229 684 δέ
1243 619 1468 704 τηλαυγέστερον

326 729 358 804 ἐν
371 723 474 802 αῦταῖς
488 727 644 810 μοναρχίας
661 725 718 806 ίχει
738 721 793 806 τῆν
809 720 983 810 είςαγωγῆν,
1007 724 1038 787 ίν
1052 722 1083 786 δέ
1099 729 1135 812 τῇ
1150 727 1293 810 μοναρχίᾳ
1312 745 1467 804 πνενματι-

326 835 387 905 κῶς
403 823 518 911 ῆτριάς
538 829 598 894 ἐστι
612 827 865 912 καταγγελλομένη.
912 827 953 890 Οί
969 824 1000 888 δέ
1018 823 1168 906 δεξάμενοι
1192 821 1243 889 τόν
1258 823 1352 906 νόμον
1371 823 1413 898 είς
1434 818 1468 886 τό

326 936 520 1014 μετατεθῆυια
541 935 594 1010 τῆς
614 931 845 1012 είδωλολατρείος
861 928 911 992 καί
931 923 984 992 τόν
999 927 1051 990 ἕνα
1065 923 1140 992 θεόν
1152 927 1310 1012 έπιγνῦναι
1326 921 1471 990 ίστεουδά-

203 1053 298 1112 μακε.
330 1041 454 1114 σθησαν.
500 1027 555 1106 Οίς
569 1027 606 1096 οῦ
624 1032 740 1116 γίγονεν
755 1029 899 1112 ἐπιμέλεια
917 1025 950 1094 τό
967 1025 1173 1114 άκριβέστερον
1187 1029 1355 1112 ἐπιγνῶναι
1384 1031 1471 1107 Σφα-

325 1136 420 1210 λίντες
433 1133 467 1199 δέ
485 1134 517 1198 οί
527 1138 674 1212 τοιοῦτον,
701 1132 752 1196 καί
768 1129 809 1214 μῆ
827 1137 980 1216 τηλαυγῶς
993 1128 1026 1196 τό
1046 1137 1106 1194 πᾶν
1122 1131 1211 1215 μίρος
1227 1137 1281 1212 τῆς
1301 1133 1425 1204 πίστεως
1440 1151 1471 1190 τε

324 1238 377 1302 καί
390 1242 445 1318 τῆς
463 1231 604 1318 ἡμετέρας
625 1239 702 1318 ζωῆς
720 1231 752 1298 τό
771 1230 937 1318 άκρίβασμα
951 1231 1172 1313 κατειληφότες,
1194 1227 1341 1318 ἠγνόησαν
1355 1230 1410 1314 μέν
1426 1230 1473 1294 νί-

325 1345 406 1426 κροῖν
427 1335 599 1414 άνάστασιν,
628 1337 678 1402 καί
699 1333 871 1414 άπιστοῦσι,
900 1341 1015 1417 πνεῦμα
1033 1333 1065 1399 δέ
1084 1333 1169 1419 δγιον
1192 1330 1228 1399 οῦ
1248 1335 1473 1418 παραδέχονται,

327 1442 378 1506 καί
394 1437 449 1524 γάρ
467 1434 624 1522 ἠγνόησαν.
670 1440 730 1501 Καί
753 1436 829 1519 αῦτη
853 1433 874 1520 ῆ
896 1439 1007 1521 αἵρεσις
1031 1433 1180 1501 άθετοῦσα
1203 1436 1256 1518 μίν
1274 1442 1384 1520 νεκρῶν
1401 1433 1473 1500 οίνά·

327 1563 442 1620 στασιν,
465 1536 668 1621 άπωθονμίνη
690 1540 722 1605 δέ
744 1543 993 1624 είδωλολατρείαν,
1024 1541 1056 1604 έν
1075 1535 1150 1628 αάτῆ
1172 1537 1204 1602 δέ
1226 1541 1476 1624 είδωλολατροῦσοι

327 1639 389 1710 κατ’
405 1639 544 1727 άγνοιον,
575 1640 625 1707 διά
645 1639 679 1707 τό
700 1638 931 1726 ἀποκεκρύφθαι
955 1639 991 1706 τά
1010 1643 1115 1706 είδωλα
1132 1646 1192 1704 τοῖν
1212 1637 1358 1724 τεσσάρων
1374 1641 1479 1704 ἐθνῶν

329 1745 362 1812 ἐν
382 1751 423 1832 τρί
447 1741 509 1828 όρει
531 1749 572 1832 τρῦ
601 1741 694 1830 ’παρ’
711 1741 813 1820 αῦτοῖς
828 1745 958 1828 Γαριζείν
979 1743 1281 1824 σεσυκοφαντημένως
1294 1742 1479 1830 καλουμένῳ.

334 1852 382 1932 Tg&
410 1841 466 1929 γάρ
494 1847 664 1935 βουλομένῳ
695 1843 827 1932 άκριβῦς
856 1847 924 1929 περί
951 1852 1005 1910 τοῦ
1025 1843 1118 1928 όρονς
1144 1846 1273 1926 Γαριζείν
1297 1846 1481 1927 ἐρευνᾶσθαι

329 1947 423 2012 ίοτίον
442 1945 488 2011 ότι
511 1943 588 2032 πρός
606 1954 641 2037 τῆ
656 1945 769 2036 Ἵεριχρό
793 1955 901 2012 κεῖνται
927 1945 962 2012 τοί
984 1945 1039 2012 δύο
1059 1945 1129 2031 όρη,
1159 1944 1241 2013 τότε
1262 1953 1315 2011 τοῦ
1333 1947 1481 2030 Γαριζείν,

328 2050 380 2116 καί
396 2045 429 2114 τό
446 2055 499 2114 τοῦ
513 2047 621 2132 Γεβῦλ,
643 2051 736 2137 πέραν
751 2055 804 2114 τοῦ
816 2046 975 2134 Ἰορδάνου
995 2046 1071 2134 πρός
1092 2055 1128 2138 τῆ
1145 2045 1271 2138 άνατολῆ
1287 2055 1340 2132 τῆς
1353 2045 1484 2132 Ἱεριχοῖ,

332 2148 442 2233 οίςίχει
458 2148 491 2216 τό
511 2150 747 2236 Δευτερονόμιον
770 2152 821 2216 καί
836 2147 938 2234 Ἰησοῦ
960 2157 1014 2216 τοῦ
1032 2157 1123 2234 Ναυῆ
1147 2147 1168 2233 ῆ
1190 2154 1299 2234 βίβλος.
1343 2153 1484 2218 Είδαλο-

329 2259 484 2338 λατροῦσιν
506 2244 561 2318 οῦν
575 2251 749 2338 άγνοοῦντες
763 2254 797 2318 έιι
817 2259 871 2318 τοῦ
887 2251 1075 2336 πανταχόθεν
1094 2254 1244 2338 προςέχειν
1261 2250 1336 2339 πρός
1356 2250 1390 2318 τό
1406 2251 1485 2337 ὅρος

301 2353 304 2360 ’
331 2357 417 2444 ἐντῷ
432 2353 541 2431 αότοός
555 2351 708 2438 εῦχεσθαι,
730 2358 825 2438 δῆθεν
838 2354 884 2420 δτι
901 2351 1043 2440 ἡγίασται.
1085 2351 1246 2421 ’Λδῦνατον
1265 2352 1320 2441 γάρ
1340 2352 1393 2437 τῆν
1409 2383 1485 2440 γρα-

332 2455 394 2540 φῆν
409 2456 579 2539 ψεύσασθαι
593 2455 783 2537 φάσκουσαν,
796 2455 937 2539 Ἔμειναν
954 2461 1108 2534 ποιοῦντες
1123 2454 1176 2522 τόν
1195 2456 1303 2540 νόμον,
1324 2457 1375 2522 καί
1390 2483 1487 2543 προς-

330 2566 490 2635 κννοῦντες
511 2557 547 2622 τά
564 2555 661 2624 αῦττδν
677 2562 783 2624 είδωλα
807 2561 864 2636 ἕως
886 2566 940 2642 τῆς
959 2555 1086 2645 σήμερον
1108 2555 1232 2644 ἡμέρας,
1262 2555 1304 2637 οίς
1323 2560 1487 2642 ἐμφέρεται

331 2662 364 2726 ἐν
386 2666 422 2750 τῆ
444 2658 565 2750 τετάρτη
587 2667 646 2726 τῦν
667 2666 834 2728 Βασιλειῦν.

197 2787 265 2856 st·
281 2783 314 2855 ρ’,
414 2758 597 2848 Ἐλίγχονται
618 2762 651 2826 δέ
667 2759 751 2828 αῦτοί
765 2759 951 2846 πανταχόθεν
966 2763 1034 2846 περί
1047 2768 1160 2848 νεκροδν
1181 2759 1377 2840 άναστάσεως,
1398 2769 1487 2845 προῦ-

331 2887 383 2928 τον
410 2860 468 2928 άπό
498 2871 552 2928 τοῦ
574 2861 677 2946 Ἅβελ,
713 2861 759 2929 ότι
787 2862 859 2947 μετά
889 2863 921 2929 τό
948 2861 1110 2930 άποθανεῖν
1133 2862 1166 2930 τό
1202 2861 1275 2946 αίμα
1310 2865 1490 2949 προςδιαλέ·

331 2989 411 3051 γεται
433 2971 475 3053 τῷ
498 2963 633 3054 δεσπότῃ.
675 2961 760 3049 Αίμα
784 2967 816 3031 δέ
840 2963 877 3032 οῦ
900 2964 982 3050 ψυχὴ
1009 2964 1155 3052 τυγχάνει,
1190 2963 1248 3030 ἄλλ’
1275 2969 1307 3032 ἐν
1332 2969 1436 3048 αίματι
1467 2965 1492 3052 ἡ

333 3064 426 3150 ψυχῆ.
469 3068 530 3130 Καί
548 3064 603 3134 οῦκ
617 3064 706 3147 εἶπεν,
727 3065 765 3132 Ἡ
776 3067 857 3152 ψυχῆ
874 3072 932 3156 βορι
948 3065 1022 3152 πρός
1038 3067 1087 3148 μέ,
1110 3066 1225 3143 δεικνδς
1240 3067 1287 3134 ότι
1304 3069 1382 3134 ἐστιν
1398 3069 1493 3146 ἐλπίς

334 3165 518 3244 άναστάσεως
541 3175 600 3234 τῶν
621 3168 772 3251 σωμάτων.
813 3168 896 3235 Ἀλλά
918 3171 969 3234 καί
988 3167 1087 3252 Ἐνοίχ
1109 3173 1248 3252 μετετέθη
1271 3177 1325 3236 τοῦ
1349 3167 1391 3252 μὴ
1408 3173 1495 3237 ίδεῖν

334 3269 480 3352 θάνατον,
502 3272 551 3336 καί
568 3268 620 3354 οῦχ
638 3268 800 3356 ηόρίοκετο.
841 3270 926 3338 Ἀλλά
948 3274 999 3337 καί
1016 3271 1121 3358 Σάρρα
1143 3270 1214 3353 μετά
1239 3269 1272 3336 τό
1296 3280 1495 3354 νεκρωθῆναι

334 3370 426 3457 αῦτῆς
442 3372 495 3455 τῆν
516 3371 630 3460 μήτραν
653 3375 702 3438 καί
727 3369 781 3454 τῆν
806 3371 926 3458 1πηγὴν
943 3372 995 3456 τῆν
1012 3371 1075 3439 κατ’
1090 3372 1215 3456 ἐθισμόν
1226 3377 1413 3460 ξηρααθῆναι
1431 3368 1495 3441 αῦ-

332 3483 385 3552 θις
402 3472 680 3560 άναζαογονουμένη
696 3478 738 3550 τίς
752 3473 916 3557 καταβολὴν
930 3477 1104 3560 σπέρματος,
1118 3477 1168 3540 καί
1181 3471 1203 3557 ἦ
1220 3478 1403 3560 ’πρεσβῦτις
1418 3483 1499 3542 κυί-

334 3596 447 3642 σκουσα
465 3579 567 3644 τέκνον
584 3573 647 3642 κατ’
662 3578 834 3662 ἐπαγγελίαν
856 3574 906 3642 διά
927 3575 980 3660 τῆν
1002 3580 1104 3643 ἐλπίδα
1125 3585 1178 3660 τῆς
1197 3574 1391 3654 άναστάσεως.
1442 3579 1499 3646 Οῦ

336 3674 395 3757 μῆν
411 3679 443 3742 δέ
461 3676 532 3744 άλλό
551 3681 605 3743 καί
619 3674 729 3761 Ἰακοίβ
747 3675 954 3760 ἐπιμελόμενος
978 3686 1037 3762 τιόμ
1062 3683 1146 3744 ἰδίαν
1162 3675 1286 3758 όστίοιν,
1308 3675 1350 3755 σός
1361 3675 1399 3742 οῦ
1414 3685 1501 3764 ιτερί

336 3773 553 3860 ιίττολίυμέναν,
576 3781 739 3846 ίνετέλλετο.
772 3777 818 3844 Οά
831 3779 924 3862 μόνον
940 3781 972 3846 δέ
986 3778 1057 3846 άλλό
1074 3782 1124 3846 καί
1141 3777 1255 3864 Ἰωσῆφ
1269 3787 1304 3871 τῆ
1320 3778 1394 3869 αῦτῆ
1411 3777 1503 3850 άιιο-

335 3883 445 3965 λονθίρι
467 3880 664 3964 ἐντελλόμενος
684 3889 737 3966 τῆς
759 3878 944 3958 άναστάσεως
965 3879 1110 3963 ῦπέφαινε
1127 3880 1159 3950 τό
1177 3879 1280 3959 είδοςρ
1311 3880 1356 3948 Οό
1372 3881 1437 3966 μῆν
1461 3889 1504 3954 δὲ

336 3975 408 4043 άλλά
426 3980 475 4043 καί
490 3976 511 4061 ἦ
527 3979 640 4066 ῥάβδος
652 3991 705 4048 τοῦ
717 3981 831 4067 Ἀαρῶν
847 3981 865 4066 ῆ
879 3981 1065 4067 βλαστήσασα
1080 3981 1155 4068 ξηρά
1169 3975 1244 4049 οῦσα
1258 3975 1350 4059 αὖθις
1366 3987 1505 4069 καρπόν

336 4077 459 4165 ἤνεγκεν
472 4083 513 4156 είς
526 4083 629 4146 ἐλπίδα
646 4091 735 4168 ζωῆς,
758 4083 794 4149 τά
806 4083 895 4168 νεκρά
911 4083 1031 4168 σοι’ματα
1046 4083 1132 4168 ῆμῦν
1150 4084 1364 4168 άναστῆσεσθαι
1380 4095 1507 4168 σημαί-

337 4203 447 4260 νουσα,
469 4185 511 4258 είς
533 4180 691 4249 διάστασιν
708 4188 739 4251 δέ
761 4189 903 4270 φέρουσα.
948 4189 1007 4250 Καί
1033 4184 1053 4270 ἡ
1074 4195 1128 4253 τοῦ
1149 4190 1306 4264 Μωῦσέως
1323 4188 1355 4252 δέ
1373 4187 1524 4272 ῥάβδος

371 4370 395 4422 3.
412 4389 462 4438 παρ
485 4366 571 4430 αίτοίς
588 4373 632 4424 λοι.
627 4373 777 4457 ,θοολίρετί
769 4383 801 4426 ταί
816 4391 891 4426 emen·
925 4381 985 4435 τοῖς
1014 4379 1101 4428 Vocula
1112 4395 1149 4430 τω
1163 4383 1217 4429 σιτία
1228 4395 1296 4443 παρα
1307 4391 1352 4428 οτι
1361 4379 1419 4428 τοῦ.
1433 4381 1511 4434 ωιτ-

338 4441 410 4490 datio.
439 4443 534 4490 Ρτίουίο
546 4442 636 4501 placuit
653 4456 720 4506 παρα
734 4438 836 4504 τούτοις
865 4447 893 4494 λιι
926 4447 976 4508 (λίς.

337 4509 388 4556 τοο.
405 4509 702 4573 λλεδίρ.ιλτδίλιίίι“οιιί
723 4512 807 4574 λτςθατ
826 4507 894 4577 παρὰ
964 4513 1024 4563 (λιι.
1038 4515 1139 4564 u1.-
1164 4509 1523 4614 1.ιτηχῆντῆνοοδ.ωιτ·ρ
