3106 4990
378 261 513 312 rossan
531 261 593 313 tta.
606 263 626 316 Ι.
642 261 724 314 ΤΟΜ.
737 261 780 313 111.
797 261 896 314 HAER.
909 261 968 314 xl..
1188 251 1246 312 541

96 388 212 440 testatas
226 392 303 454 sunt,
327 401 345 442 a
360 385 410 442 deo
425 385 572 445 ordinatae
585 394 662 458 sunt,
687 383 728 446 ait
743 382 901 467 apostolas.
946 387 1045 464 Itaque
1057 387 1110 464 qui
1117 387 1254 464 potestati

93 486 218 556 resistit,
251 486 300 545 dei
314 487 489 547 ordinationi
505 491 623 548 resistit.
671 489 745 548 Nam
761 490 905 566 principes
926 507 981 547 uon
997 497 1066 547 suut
1082 498 1182 548 contra
1201 488 1248 547 bc·

92 607 176 660 uum,
208 589 260 647 scd
277 607 332 668 pro
354 589 442 663 bono,·
474 611 564 670 neque
584 601 654 651 sunt
673 593 951 662 commessationum,
982 592 1033 650 scd
1044 610 1100 668 pro
1117 595 1244 651 ueritate.

94 692 145 749 Vis
165 701 258 750 nutem
280 711 336 751 non
355 695 452 752 minere
463 699 652 771 potestatem?
693 696 799 753 Bonum
809 693 881 775 suc,
914 701 942 752 et
957 691 1071 752 tatetn
1087 695 1195 753 laudem
1212 715 1250 754 em

92 792 157 852 a'iia.
202 793 267 854 Non
282 797 353 854 enain
369 799 431 855 ome
446 802 547 856 caussa
560 797 688 875 gladium
701 805 810 874 portet.
852 797 990 855 Dm'enim
1005 798 1132 856 mina'sten
1147 797 1249 856 adbuc

90 897 183 973 ipsum
201 897 336 957 aduersus
351 899 487 958 scelerate
503 903 641 978 quisptam
655 909 799 978 gerentem
816 917 834 958 a
849 901 900 958 deo
917 901 1095 959 constitutus.
1143 893 1248 960 Vides·

91 1015 131 1058 ne
148 1005 181 1058 ut
196 996 267 1059 baec
282 999 379 1062 mundi
397 1009 526 1083 potestas
544 1021 560 1064 a
575 1001 630 1063 dcc
645 999 772 1062 stabilita
791 999 845 1078 sit,
877 998 1023 1083 gladiique
1040 999 1085 1062 ius
1100 999 1250 1062 obtineat?

89 1095 200 1182 Neque
223 1119 295 1164 vero
318 1101 345 1164 id
364 1101 498 1180 abunde,
532 1123 616 1186 quam
638 1121 653 1164 a
677 1102 732 1164 dec
753 1103 788 1165 ad
804 1101 1007 1166 vindicandum
1029 1101 1144 1186 accipit.
1191 1096 1248 1166 Ce-

89 1211 189 1264 terum
205 1203 281 1286 quod
299 1202 441 1268 eiusmodi
460 1205 520 1268 sint
540 1205 569 1267 in
587 1204 694 1268 mundo
713 1204 891 1290 principatus
908 1225 943 1268 ac
960 1213 1137 1290 potestates,
1164 1225 1248 1268 nemo

88 1302 207 1366 itionum
229 1325 329 1390 regem
354 1316 507 1391 propterca
528 1325 628 1392 regem
651 1327 718 1371 csse
742 1307 911 1390 negaverit,
942 1307 993 1370 sed
1011 1307 1050 1370 ita
1070 1305 1247 1392 principatus

88 1405 160 1469 ilios
181 1427 215 1470 ac
233 1418 393 1492 potestates
415 1409 444 1472 in
466 1409 572 1472 mundo
590 1429 657 1474 esse
679 1408 832 1488 fatebitur,
863 1420 895 1473 ut
911 1409 1026 1474 interim
1046 1409 1160 1473 iliorum
1181 1428 1247 1473 esse

88 1529 192 1592 regem
210 1520 364 1594 agnoscat.
410 1508 700 1597 igiturbocipsum,
732 1513 805 1596 quod
822 1511 852 1576 in
870 1512 958 1576 terris
975 1511 1097 1585 accidit,
1129 1513 1248 1576 demon-

88 1609 261 1690 strauimus,
286 1635 344 1677 non
359 1635 426 1678 esse
440 1613 504 1698 regi
520 1614 698 1700 principatus
713 1615 887 1694 contrarios,
912 1617 964 1679 sed
979 1616 1015 1679 ad
1031 1613 1142 1698 imperii
1159 1613 1247 1678 totins

88 1713 373 1779 administrationem
394 1727 548 1801 terraeque
570 1716 797 1780 moderationem
817 1717 981 1796 subiectos3
1012 1717 1060 1780 ubi
1080 1715 1185 1780 caedes
1203 1717 1247 1780 vi-

89 1817 248 1881 delicatas
263 1819 372 1903 praelia
386 1819 456 1898 siut,
474 1819 716 1903 ignorantiaeque
732 1841 768 1883 ac
784 1820 964 1904 disciplinae,
982 1818 1150 1884 observatio
1166 1819 1247 1882 deni-

89 1940 148 2004 que
173 1919 268 2004 legum
291 1941 325 1984 ao
349 1921 558 2006 transgressio.
609 1917 702 1986 Curius
727 1921 769 1985 rei
794 1921 890 2006 gratia
913 1932 1073 2008 potestates
1095 1923 1246 1986 institutae

87 2033 177 2099 sant,
209 2035 239 2086 ut
258 2023 292 2086 ad
313 2033 408 2108 aptam
431 2025 518 2089 totius
540 2023 620 2087 orbis
640 2025 887 2110 compositamque
905 2025 1145 2110 gubernationem
1164 2045 1247 2110 prae-

89 2126 171 2188 clare
194 2145 210 2187 a
234 2126 288 2190 deo
312 2127 527 2192 constituantur
551 2148 585 2190 ac
609 2138 751 2210 regantur
773 2127 922 2192 universa.
969 2125 1048 2191 idem
1067 2138 1097 2192 ct
1114 2128 1144 2220 ip
1163 2128 1245 2191 coeio

87 2248 206 2313 quoque
224 2229 396 2314 contingere
413 2251 536 2296 necesse
552 2241 615 2310 est,
648 2249 741 2313 eoque
757 2231 868 2314 magis,
899 2231 974 2314 quod
989 2229 1119 2318 iliicuoec
1136 2229 1245 2294 invidia

86 2352 144 2394 nec
161 2330 336 2410 aemulatio,
361 2353 455 2416 neque
472 2333 568 2418 legum
587 2331 710 2398 violatio
731 2353 786 2397 nco
805 2333 909 2398 seditio
926 2333 983 2396 alia
1000 2333 1054 2412 sit,
1079 2353 1136 2396 non
1154 2331 1245 2396 iusiu-

87 2433 230 2511 randum,
256 2455 314 2498 non
335 2435 454 2520 rapina,
479 2456 537 2499 non
555 2437 661 2520 aliquid
679 2433 834 2500 eiusmodi.
881 2431 982 2518 Quare
998 2433 1119 2498 alterius
1136 2435 1243 2519 negotii

86 2553 195 2600 caussa
214 2533 382 2601 Potestates
405 2536 550 2600 stabilitae
571 2549 650 2601 suut.
697 2535 857 2602 Cuiusnam
877 2539 968 2601 vero?
1010 2535 1157 2600 Nimirum
1179 2557 1244 2621 pro-

86 2647 155 2724 pter
172 2637 336 2703 divinarum
349 2640 463 2703 laudum
479 2649 653 2704 concentum
670 2649 700 2702 et
714 2639 908 2704 immortalem
922 2639 999 2705 iiiam
1018 2639 1144 2703 numinis
1162 2659 1245 2723 prae·

86 2741 277 2805 dicationem.
323 2736 417 2807 Cuius
438 2741 533 2825 gratia
556 2763 686 2806 summus
708 2742 757 2806 itte
779 2743 852 2806 deus
872 2765 906 2806 ao
925 2743 1058 2827 princeps
1076 2740 1172 2805 omnis
1192 2761 1246 2806 ex·

84 2863 157 2928 pers
178 2843 307 2907 invidiae
323 2865 406 2907 suum
426 2845 530 2929 cuique
547 2843 680 2922 iliorum,
711 2864 784 2928 quos
803 2844 958 2929 produxit,
990 2855 1193 2908 ornamentum
1210 2865 1243 2907 ac

84 2947 177 3011 decus
200 2944 348 3025 attribuit,
384 2956 416 3009 ut
437 2947 550 3031 imperii
576 2947 621 3012 sui
646 2947 785 3032 splendor
808 2959 894 3032 atquc
919 2947 1095 3032 sempiterna
1119 2947 1244 3032 dignitas

84 3059 229 3133 perpetuo
251 3049 427 3112 celebretur.
473 3046 621 3132 Quocirca
644 3052 835 3116 uehementer
854 3060 953 3114 errant
974 3049 1022 3114 isti
1042 3049 1090 3132 qni
1110 3049 1156 3113 dei
1175 3071 1242 3133 gra·

84 3152 155 3214 tiam
181 3149 329 3231 ignorant.

172 3248 246 3316 tttot
265 3273 338 3318 vero
356 3253 476 3340 insuper
491 3255 650 3336 affirmant,
675 3257 751 3341 quod
770 3275 786 3319 a
806 3275 852 3318 me
867 3264 952 3318 antea
970 3253 1077 3317 dictam
1095 3262 1157 3331 cst,
1181 3250 1243 3315 dia·
1266 3257 1325 3326 Cep.
1344 3260 1375 3310 v.

82 3354 184 3420 bolum
207 3356 347 3440 septimae
366 3353 543 3437 Potestatis,
569 3358 623 3422 boc
641 3368 688 3421 est
705 3356 853 3434 Sabaoth,
878 3377 945 3420 esse
966 3356 1065 3419 biium.
1112 3351 1241 3419 Sabaoth

82 3480 174 3544 porro
192 3455 366 3522 ludaeorum
381 3479 450 3523 esse
468 3461 571 3538 deuna,
604 3459 686 3524 ouius
703 3460 796 3524 maius
815 3458 889 3523 iilius
907 3458 947 3522 sit
965 3457 1112 3521 diaboluss
1144 3457 1191 3540 qui
1210 3457 1241 3520 io

83 3571 165 3626 terra
184 3559 350 3624 consistens
367 3560 480 3646 parenti
498 3583 552 3626 suc
569 3561 739 3625 reluctetur.
784 3560 918 3624 Eundem
935 3579 1007 3623 vero
1024 3569 1173 3644 parentem
1190 3579 1240 3621 oe·

82 3685 140 3747 quc
162 3663 322 3740 eiusmodi,
347 3663 401 3726 boc
421 3674 467 3727 cst
484 3665 606 3742 maium,
631 3682 718 3740 esso,
744 3682 837 3746 neque
857 3663 941 3726 deum
960 3671 1055 3724 tamen
1074 3661 1153 3726 ittum
1174 3681 1240 3726 esse

81 3767 132 3850 qui
158 3765 365 3851 comprehendi
392 3779 534 3850 nequeat,
568 3765 619 3828 sed
644 3766 681 3828 ad
706 3765 852 3828 sinistram
875 3761 1054 3826 Potestatcm
1078 3763 1237 3850 pertinere.

81 3869 207 3933 Addunt
226 3879 255 3932 et
271 3868 356 3931 aliam
372 3868 536 3932 istiusmodi
554 3867 697 3932 saboiam:
723 3867 866 3931 diabolum
884 3866 918 3928 ad
939 3863 1034 3930 Evam
1052 3867 1237 3930 accedentem

80 3995 148 4036 cam
165 3992 199 4035 ea
215 3969 334 4056 perinde
349 3991 384 4034 ac
400 3971 446 4035 vis
461 3991 525 4034 oum
541 3964 662 4036 muliere
679 3969 754 4033 solct
768 3968 1006 4032 consuetudinem
1022 3967 1169 4047 babuisse,
1188 3969 1238 4032 de·

81 4096 139 4159 quc
163 4095 198 4138 ea
215 4070 340 4139 Caicum
363 4084 392 4139 et
408 4072 534 4137 Abelum
553 4071 732 4158 suscepisse.
778 4067 827 4134 Es
847 4091 903 4155 quo
924 4073 1031 4135 iactum
1049 4080 1186 4134 asserunt
1207 4080 1238 4132 ut

79 4177 110 4241 in
127 4177 255 4242 aiteram
271 4197 347 4242 unas
362 4177 546 4262 insurgeret,
570 4195 623 4261 pro
641 4195 676 4242 ea
691 4173 829 4238 videlicet
844 4173 953 4238 invidia
968 4193 1026 4258 qua
1042 4171 1072 4237 io
1087 4191 1122 4238 ae
1138 4181 1237 4235 mutuo

80 4369 171 4416 tucius.
678 4365 731 4416 cod.
749 4365 867 4415 tuscano.

114 4433 177 4482 Car·
191 4433 222 4483 V.
242 4460 275 4471 -
300 4433 323 4485 l.
341 4433 408 4500 γῆς,
424 4436 487 4498 quod
501 4435 646 4485 desideratus
712 4432 737 4483 2.
756 4433 829 4496 Vutgo
847 4429 932 4498 pacis.

78 4503 105 4553 in
119 4501 175 4554 cod.
188 4501 285 4567 Mic.
302 4506 323 4554 at
338 4503 406 4554 cittis
422 4504 501 4566 tum,
525 4505 601 4556 adieci
616 4517 646 4554 ea
