3100 4984
412 353 545 405 rauaatr
564 351 626 403 ura.
642 353 661 403 t.
679 351 759 405 rou.
775 353 816 404 ru.
834 352 932 404 uasa.
1185 339 1247 404 427

91 473 238 538 uinearum
256 473 393 559 stirpem,
418 471 555 538 videlieet
574 469 715 553 Setinum,
737 473 872 559 protulit,
897 495 990 558 aquo
1008 473 1177 540 uuiversum
1195 495 1246 560 qe·

91 597 147 641 nus
166 576 313 640 horarinurn
333 576 472 641 manavit.
517 573 672 640 Postremo
691 575 829 660 principia
854 587 883 639 et
904 586 1065 661 potestates
1088 587 1246 664 naturaque

92 680 195 744 otalii
218 680 315 746 omnia
338 689 480 744 statuunt.

179 883 252 949 vlt.
288 883 471 948 Arohonliri.
519 882 623 950 Plures
640 883 688 948 isti
705 885 740 948 ad
760 885 904 971 prinsipes
923 885 1061 950 uniuersa
1081 887 1246 950 relerentes

93 1009 292 1074 quaecumque
309 990 384 1052 taeta
400 987 518 1054 suntab
537 987 594 1052 illis
609 999 672 1052 orta
686 987 835 1052 definiunt.
883 986 1000 1052 Habent
1014 999 1044 1052 et
1062 989 1247 1053 foedissimae

92 1091 236 1176 quoddam
259 1089 387 1154 libidinis
407 1111 513 1174 geraus.
560 1086 666 1155 Carnis
686 1091 931 1154 resurrectionem
955 1102 1106 1176 respuunt.
1153 1089 1247 1156 Vetus

93 1193 319 1258 Testamentum
337 1191 518 1258 calumniose
537 1192 683 1258 reiiniunt.
730 1189 910 1278 Quamquam
934 1203 964 1257 et
985 1195 1039 1258 laon
1061 1205 1091 1257 at
1108 1215 1185 1258 novo
1202 1195 1246 1260 iu·

91 1316 184 1382 super
206 1317 413 1381 nonaruuquam
436 1305 571 1373 utantur,
605 1295 769 1379 exquibus
793 1295 923 1378 singulas
946 1296 1066 1360 rosulas
1086 1296 1188 1360 eallide
1212 1295 1247 1360 ad

91 1409 222 1464 naculum
245 1421 327 1464 suam
351 1399 582 1462 aorommodaat.

181 1498 268 1565 Vlll.
304 1498 495 1566 Cerdoniaui.
541 1496 723 1565 scardona
740 1499 798 1564 orti
815 1511 899 1580 suut,
931 1499 1248 1586 quiqueruubllsru-

93 1604 150 1668 clio
174 1625 305 1668 errorem
329 1605 468 1668 hauserat
490 1604 574 1668 noris
597 1602 723 1667 iuuentis
746 1603 878 1670 adauxit.
926 1606 971 1667 Ae
995 1627 1059 1668 eum
1084 1601 1248 1668 Romame

94 1703 185 1794 Syria
204 1709 352 1792 proiectus
370 1717 467 1786 esset,
496 1703 604 1792 Hygini
625 1727 713 1792 popae
734 1706 912 1793 temporibus
932 1728 985 1770 sua
1004 1707 1137 1791 dogmata
1156 1708 1248 1770 disso-

94 1809 230 1874 miuarit.
279 1807 345 1873 Duo
373 1830 461 1894 porro
486 1809 626 1895 principia
649 1810 794 1874 contraria
819 1811 946 1874 iuvieem
970 1809 1104 1874 affirmat.
1150 1805 1250 1894 Negat

94 1909 247 1976 Christum
272 1933 339 1977 esso
362 1911 504 1997 genitum.
548 1909 733 1976 Mortuororu
757 1911 964 1976 excitationem
990 1933 1055 1976 earm
1081 1922 1182 1976 veoere
1206 1921 1249 1976 te·

93 2025 242 2080 stameuto
265 2015 372 2079 reiicit.

181 2115 242 2182 ΙΧ.
276 2115 501 2182 Marcionistae.
547 2115 661 2182 Marcio
679 2118 817 2183 oriundus
838 2139 877 2182 ex
896 2115 990 2183 Ponto
1006 2117 1144 2204 episeopo
1167 2127 1249 2203 patre

95 2232 181 2286 natos
206 2231 268 2300 est,
300 2243 317 2282 a
341 2243 398 2306 quo
422 2219 458 2282 ob
481 2205 605 2304 virginis
627 2231 757 2306 stuprum
780 2222 891 2286 eieotus
914 2241 952 2285 ex
975 2221 1100 2285 ecelesia
1123 2217 1247 2284 Romam

96 2322 221 2408 aufugit.
267 2320 323 2388 Ubi
341 2344 404 2387 cum
422 2323 522 2400 abiis,
546 2323 594 2408 qui
613 2335 671 2388 tum
688 2324 830 2388 ecelesiae
847 2334 1014 2410 praeerant,
1039 2321 1247 2409 poeniteutiam

96 2427 205 2491 lrustra
227 2426 421 2512 postulasset,
457 2425 628 2490 catholicam
654 2427 737 2490 fidem
763 2447 929 2513 oppugnare
956 2427 1091 2490 instituit.
1137 2423 1248 2510 Quam·

95 2528 197 2594 obrem
215 2529 269 2592 tria
287 2549 353 2592 esse
372 2527 511 2615 principia
529 2530 621 2608 dixit,
644 2528 769 2608 bouum,
793 2530 900 2593 iustum
919 2539 949 2593 et
965 2526 1083 2592 malum.
1128 2526 1249 2593 Novum

96 2641 303 2696 testamentum
320 2652 335 2694 a
353 2643 453 2696 vetere
469 2633 657 2716 eiusdemque
671 2643 790 2696 aarotore
808 2631 933 2696 alienum
950 2651 1017 2698 esse
1033 2632 1141 2696 donuit.
1174 2627 1249 2698 Car·

96 2735 141 2800 ais
157 2735 405 2799 resurrectionem
421 2735 549 2799 sustulit.
579 2731 649 2798 Nou
665 2755 752 2798 unum
769 2735 910 2821 baptismo
924 2735 1076 2814 duntaxat,
1095 2734 1249 2800 sedetiam

95 2837 150 2900 tria
166 2847 233 2924 post
249 2836 384 2902 delictum
398 2837 539 2921 irtduignt.
570 2834 628 2900 Pru
643 2837 763 2901 mortuis
777 2837 892 2901 illorum
908 2836 1125 2902 catechumenis
1140 2837 1251 2922 baptis·

97 2961 173 3004 mom
190 2939 239 3004 alii
256 2940 428 3026 suscipiunt.
459 2938 636 3004 Melioribus
652 2942 785 3004 ooulerre
802 2939 974 3027 baptismum
990 2940 1054 3005 sine
1072 2941 1130 3005 ullo
1147 2941 1251 3004 disuni-

95 3043 174 3107 miue
198 3043 350 3128 permiitit.

181 3143 225 3210 X.
261 3143 462 3211 Laaoianistaa.
508 3143 658 3212 Luoiauus
684 3145 728 3211 lais
752 3145 913 3232 antiquior,
947 3167 1005 3210 uon
1031 3145 1104 3209 altor
1127 3144 1176 3209 ille
1201 3143 1249 3229 qui

97 3243 294 3314 Constantino
309 3250 470 3335 imperante
488 3247 600 3329 lloruit,
625 3251 654 3314 in
671 3251 804 3314 omnibus
817 3245 980 3314 Marcionis
998 3247 1131 3334 vestigiis
1148 3247 1249 3312 iultao·

95 3351 143 3416 sit.
191 3351 257 3416 Eut
279 3350 449 3437 quibusdam
472 3352 593 3417 adiretis
616 3352 789 3417 cumulatius
811 3351 917 3438 aliquid
940 3351 1047 3414 dooere
1069 3350 1189 3416 studuit.

179 3553 241 3624 Xl.
280 3557 439 3644 Apelliaui.
490 3556 610 3642 Apelles
635 3557 769 3622 similiter
794 3568 880 3642 atque
901 3553 1018 3622 Marcio
1046 3568 1074 3621 et
1099 3553 1249 3622 Larianus

96 3662 229 3748 quioquid
255 3663 402 3727 eonditum
429 3671 475 3724 est
497 3681 560 3723 eum
587 3661 650 3745 ipso
677 3659 828 3723 conditore
853 3660 1011 3744 vituperat.
1056 3657 1126 3724 Non
1152 3670 1249 3724 tamen

96 3765 169 3844 tria,
200 3775 234 3828 ut
249 3763 309 3842 illi,
340 3763 496 3850 principia,
529 3763 956 3840 sedurrumtaotnminruxit,
987 3763 1145 3848 itidemque
1164 3764 1248 3827 deum

98 3887 183 3931 noum
207 3887 244 3931 ac
266 3886 433 3953 supremum
458 3877 488 3930 et
508 3864 633 3930 nominis
657 3877 826 3950 expertem,
859 3867 905 3950 qui
926 3866 1103 3950 singularem
1125 3866 1248 3932 alterum

97 3969 309 4052 procreaverit.
356 3966 415 4052 Qui
433 3989 497 4034 oum
516 3969 609 4033 malus
627 3969 789 4047 evasisset,
814 3970 949 4034 mundum
973 3989 1025 4033 sua
1045 3969 1093 4034 illa
1112 3970 1249 4056 improbi-

97 4079 154 4137 tate
177 4073 317 4137 condidit.

180 4172 256 4240 ΧΙΙ.
292 4173 460 4242 Seueriani.
508 4171 640 4239 Severus
660 4171 706 4237 laio
726 4172 837 4259 Apellis
857 4175 971 4239 asseula
989 4175 1088 4241 vinum
1106 4197 1141 4240 aa
1161 4177 1248 4242 vitem

130 4363 169 4418 13.
185 4363 232 4431 τήν
249 4363 356 4420 παλαιὰν
372 4368 470 4419 roomo
485 4367 596 4417 marusa.
723 4363 762 4415 15.
779 4355 934 4418 Ἀπιλλιανοῖ
948 4365 1046 4416 torono
1058 4367 1167 4416 nomos.
1205 4367 1249 4418 lle·

131 4429 171 4486 tt.
187 4435 275 4498 καιροῦ
291 4430 446 4501 riqoopdaour
457 4433 507 4500 τῆς
519 4431 656 4500 ἐκκλησίας
687 4447 748 4497 pona
765 4427 946 4516 ’Aadlqioaot

96 4508 166 4567 mart
181 4503 280 4554 inumata
295 4505 405 4554 maturo.
727 4499 765 4554 16.
783 4501 948 4572 dunpouptaur
964 4504 1062 4554 trumo
1077 4504 1187 4555 Demeae.
