3096 4988
319 313 456 366 runtnu
474 313 537 368 nte.
550 315 570 366 ι.
587 314 668 366 nou,
682 315 713 366 ιι.
731 315 831 367 annu.
846 315 948 367 xxxr.
1150 304 1211 368 325

49 433 201 520 apostolus
215 433 360 519 loquitur,
383 453 469 519 quam
486 433 718 500 aedificationem
736 435 800 514 dei,
825 454 899 520 quae
917 447 964 500 est
978 435 1007 500 iu
1025 437 1098 518 bde,
1120 448 1208 521 atque
1223 449 1364 506 efflant·

49 537 136 601 iidem
153 537 196 600 illi
212 537 314 601 callida
331 537 548 620 artificiosaque
565 535 699 600 oratioue
713 536 914 623 imperitorum
932 538 1046 604 animos
1063 541 1210 625 decipiant

50 661 83 702 ae
98 640 182 704 velut
197 640 331 724 captivos
344 637 506 724 abripient,
531 639 598 702 dum
615 649 646 702 et
659 640 778 703 oracula
796 640 894 704 diviua
907 642 1069 724 depravant
1083 653 1113 707 et
1128 657 1209 707 recte

51 743 125 806 dieta
152 761 307 828 perperam
331 741 580 827 interpretantur,
613 751 673 804 tram
698 761 769 807 vero
795 763 879 827 quem
902 743 1042 829 plurimos
1064 744 1100 808 ab
1124 745 1208 808 buius

51 845 183 910 universi
208 845 358 909 conditore
385 855 414 908 et
436 843 606 908 ordinatore
628 845 683 908 deo
705 845 777 910 falsu
801 845 924 930 quadam
947 846 1089 911 abductos
1109 848 1208 932 speeie

51 947 229 1032 cognitionis
251 947 281 1010 in
303 947 462 1033 perniciem
486 945 619 1025 trabant3
649 949 732 1031 quasi
755 949 906 1012 sublimius
929 948 1036 1033 aliquid
1059 971 1094 1012 ao
1114 949 1207 1014 maius

50 1071 84 1114 eo
104 1052 312 1115 demonstrare
332 1050 462 1136 possint,
495 1049 543 1134 qui
563 1050 677 1114 eoelum
699 1060 882 1137 terramque,
913 1071 947 1114 ac
965 1071 1040 1136 quaa
1056 1051 1093 1114 iis
1113 1052 1207 1116 eonti-

49 1164 155 1218 nentur
170 1154 285 1232 omoia,
310 1151 489 1238 procrearit:
514 1153 589 1216 adeo
606 1163 637 1216 ut
648 1153 796 1238 simplices
814 1155 990 1240 minimeque
1006 1155 1099 1218 malos
1114 1153 1207 1218 bomi-

50 1277 99 1320 ues
126 1255 234 1320 ineatis
257 1255 441 1320 sermonibus
464 1255 500 1318 ad
523 1255 656 1319 veritatis
682 1255 898 1341 indagationem
924 1256 1029 1320 blande
1052 1256 1207 1321 admodum

50 1359 186 1437 illiciant,
211 1377 306 1444 oeque
320 1368 418 1423 tamen
437 1357 542 1422 blande
560 1357 625 1421 illos
642 1357 673 1421 in
690 1358 813 1422 exitium
830 1357 995 1444 impellant,
1019 1360 1086 1424 dum
1101 1359 1207 1423 adner-

51 1483 98 1526 sus
114 1481 217 1526 rernm
236 1457 374 1546 opilioem'
385 1481 506 1547 pronam
525 1460 561 1524 ad
579 1459 807 1526 maledicendum
825 1461 1000 1548 impiamque
1017 1472 1145 1526 mentem
1161 1462 1206 1526 io·

50 1563 170 1642 iiciont,
205 1564 282 1648 quod
302 1583 405 1628 verum
428 1585 445 1626 a
468 1563 544 1626 lalso
561 1563 731 1628 discernere
748 1563 917 1648 quibuscum
938 1574 1027 1648 agunt
1045 1575 1203 1649 nequeant.

51 1664 117 1732 Non
135 1665 216 1730 enim
235 1665 348 1730 laleitas
366 1666 444 1730 nuda
460 1685 495 1730 ac
514 1665 640 1752 simplex
654 1666 842 1751 proponitur,
868 1686 904 1730 ne
919 1667 981 1730 suis
998 1666 1206 1753 integumentis

51 1768 166 1834 evoluta
186 1767 363 1856 deprehendi
382 1768 468 1832 lacile
485 1768 594 1855 possit,
629 1768 681 1832 sed
701 1767 843 1853 speciosis
859 1769 1019 1834 involucris
1042 1770 1117 1833 miro
1135 1770 1206 1834 arti·

51 1871 112 1936 leio
131 1871 296 1958 perpolita,
328 1881 358 1934 ιι
377 1883 502 1936 externa
520 1889 623 1958 pompa
642 1879 729 1956 atque
749 1872 827 1935 enltu
843 1872 969 1935 veritate
986 1872 1048 1958 ipsa
1066 1871 1205 1958 quodam·

52 1976 132 2038 modo
147 1973 298 2040 veriorem
313 1993 380 2038 sese
395 1975 543 2039 radiorum
561 1973 655 2038 oculis
669 1973 819 2054 subiiciat3
844 1975 1084 2058 quemadmodum
1101 1975 1137 2039 ab
1152 1975 1205 2040 ali·

52 2097 103 2160 qno
125 2079 216 2162 longe
240 2097 326 2160 quam
350 2097 405 2141 nos
429 2077 641 2163 praestantiore
670 2078 706 2141 de
729 2077 871 2141 eiusmodi
893 2079 1116 2162 pronunciatum
1139 2089 1202 2142 ests

51 2177 226 2265 Exquisitae
241 2199 374 2264 gemmae
388 2201 422 2243 ac
436 2180 667 2266 pretiosissimae
681 2181 836 2264 smaragdo
853 2180 975 2244 similem
991 2181 1027 2244 ab
1044 2180 1204 2245 artilieibus

52 2283 109 2346 beri
129 2283 257 2346 vitreum
278 2282 423 2367 lapillum,
455 2303 513 2347 nou
535 2283 600 2347 sine
619 2283 741 2368 quadam
760 2283 838 2347 illius
857 2281 981 2362 iniuria,
1011 2284 1067 2347 uisi
1084 2291 1203 2369 praesto

52 2385 86 2446 sit
99 2385 147 2470 qui
164 2385 351 2451 discernendi
369 2385 472 2472 peritia
489 2385 603 2468 valeat,
628 2387 734 2471 quique
752 2397 815 2450 arte
833 2405 885 2449 sue
904 2387 994 2450 fretus
1012 2387 1203 2450 adulterinam

53 2487 124 2552 illam
139 2509 285 2574 gemmam
302 2489 523 2573 simulatumque
539 2488 703 2573 dignoscat.
740 2485 801 2553 Sed
816 2509 880 2552 eum
898 2507 949 2552 aes
962 2501 1086 2574 argento
1099 2489 1204 2554 misee-

54 2601 106 2668 tur,
131 2592 199 2677 quis
217 2590 273 2655 boc
290 2592 375 2656 laeile
391 2592 564 2675 sincereque
578 2592 744 2656 discernat?
788 2588 985 2673 Quamobrem
1002 2613 1039 2656 ne
1056 2593 1103 2679 qui
1120 2593 1203 2678 culpa

55 2705 149 2758 nostra
174 2704 312 2778 tanquam
334 2714 406 2758 oves
430 2715 447 2758 a
469 2693 560 2780 lupis,
592 2693 636 2756 sic
655 2693 691 2757 ab
708 2693 765 2758 illis
783 2693 981 2780 abripiantor,
1014 2716 1087 2780 quos
1104 2696 1356 2764 commemorante

54 2797 171 2880 pellibus
190 2807 287 2860 tectos
305 2797 484 2881 ignorarint,
508 2796 670 2860 cuiusmodi
688 2797 836 2862 cavendos
854 2817 922 2862 eesc
939 2797 1074 2863 domiuus
1091 2799 1205 2885 praeci·

55 2899 106 2984 pit,
135 2919 263 2986 qnorum
281 2899 385 2964 similis
401 2919 517 2978 sermo,
544 2898 692 2963 dissimilis
710 2909 756 2963 est
770 2899 902 2980 animus,
934 2901 1134 2965 necessarium
1154 2925 1206 2988 pu·

56 3005 124 3083 tari,
148 3023 218 3067 cum
233 2999 264 3064 in
280 2998 449 3082 Valentini,
474 3013 505 3067 nt
519 3012 672 3082 asserunt,
696 3001 902 3088 discipulorum
918 3005 1146 3070 commentarios
1162 3006 1207 3068 iu·

56 3105 187 3187 riderim,
222 3127 287 3170 cum
310 3105 420 3190 aliquot
442 3105 528 3168 etiam
552 3125 592 3169 ex
613 3103 727 3168 illorum
748 3123 870 3168 numero
888 3108 1067 3190 congressus
1088 3107 1204 3186 luerim,

56 3205 115 3286 tibi,
144 3208 355 3289 ocarissime,
387 3218 558 3293 portentosa
579 3207 628 3270 illa
651 3227 686 3270 ac
705 3208 848 3292 profunda
866 3208 1033 3292 siguificare
1052 3209 1203 3293 mysteria,

57 3331 122 3394 quae
138 3311 258 3396 quidem
276 3331 333 3374 non
352 3311 387 3374 ad
406 3320 520 3396 captum
538 3309 666 3373 omnium
685 3309 810 3388 iaciunt,
835 3311 911 3394 quod
928 3331 985 3373 nou
1004 3329 1106 3374 omues
1122 3329 1206 3374 cero·

58 3411 129 3476 bmm
147 3413 335 3499 exspueriut,
358 3423 392 3478 ut
402 3423 433 3477 et
447 3424 477 3477 tu
491 3413 617 3498 cognitis
633 3412 668 3475 iis
682 3411 829 3475 universis
845 3412 892 3496 qui
910 3423 1005 3478 tecum
1020 3422 1090 3476 suut
1103 3411 1205 3474 eadem

59 3513 237 3582 declaresae
251 3536 385 3596 moneas,
409 3515 450 3580 uti
466 3515 640 3586 altissimum
655 3513 735 3578 illum
751 3513 892 3578 stultitiae
907 3525 993 3599 atque
1010 3514 1039 3576 in
1054 3508 1204 3578 Cbristum

59 3615 249 3706 blasphemiae
265 3619 409 3705 gurgitem
425 3618 566 3684 devitent.
600 3615 703 3701 ltaque
720 3617 813 3700 quoad
827 3617 857 3680 in
873 3637 919 3681 mo
933 3615 1020 3680 situm
1035 3615 1092 3680 erit
1104 3635 1205 3680 eorum

59 3721 100 3803 qui
115 3723 227 3787 erroris
246 3722 331 3786 bodie
349 3721 481 3808 magistri
501 3731 585 3799 sunt,
612 3719 746 3783 nimirum
762 3717 924 3784 Ptolemaei
942 3718 1063 3804 eiusque
1080 3729 1206 3783 sectato·
1304 3777 1310 3790 ,

59 3841 113 3886 rem
137 3825 186 3910 qui
210 3845 253 3890 ex
271 3822 422 3889 Valentini
446 3823 548 3888 schola
571 3823 778 3900 effloruerunt,
812 3821 987 3886 seutentiam
1010 3833 1148 3886 accurate
1171 3843 1206 3887 nc

60 3922 179 3993 breviter
194 3947 356 4014 exponam,
380 3927 461 3991 etad
479 3947 542 3991 eam
559 3926 742 3991 relutandam
759 3926 865 3990 idonea
882 3947 935 4011 pro
952 3926 1009 3989 mei
1026 3935 1126 4012 captus
1141 3925 1207 3990 cxi-

59 4029 159 4109 guitate
174 4039 348 4117 argumenta
361 4049 529 4115 suggeram,
548 4028 652 4114 quibus
667 4049 742 4113 quae
755 4027 791 4092 eb
806 4027 863 4093 illis
880 4029 1015 4094 dicontur
1026 4029 1207 4115 perabsurda

60 4129 224 4219 minimeque
245 4132 364 4196 scutati
384 4143 582 4196 consentanea
604 4151 671 4196 esse
695 4130 951 4196 demonstrabitur.
999 4130 1133 4195 Tametsi
1153 4153 1204 4195 ne-

61 4281 209 4374 facilemque
219 4285 401 4354 incompteid
413 4286 543 4354 explorare
554 4303 613 4354 pos·
683 4283 721 4339 lb.
740 4283 867 4356 ἐπιβολήν,
884 4289 946 4350 qued
961 4289 1051 4339 benoei
1065 4289 1161 4348 Iatour.
1176 4287 1208 4335 le-

59 4353 104 4402 su?
116 4355 437 4422 summensteten,
449 4369 564 4419 perquem
575 4358 613 4420 fn·
646 4359 689 4420 ptt,
701 4358 806 4419 quodque
818 4359 950 4419 suspicetur
963 4361 995 4406 eet
1007 4359 1056 4406 tom
1067 4356 1158 4414 Petne,
1170 4366 1208 4403 re·

59 4423 131 4473 u'tlm
144 4427 252 4476 ndttbito
265 4425 366 4474 medrito
378 4425 484 4475 merobis
498 4429 614 4488 receptum
646 4426 810 4476 ιιιιιιιιιιοι.
822 4427 877 4476 Ven.
904 4427 1052 4488 Vutpoectet
1065 4418 1208 4489 impe-alala.

58 4491 196 4554 winulorum
215 4495 328 4543 Ιιιιιιιιιιι
343 4495 511 4544 ιιιιιιιίιιιιιιιι.
547 4495 614 4544 llus·
684 4491 723 4544 ll.
739 4490 783 4546 ris
800 4489 911 4559 Χριστὸν
928 4494 979 4544 ced.
995 4493 1048 4542 Vsu.

57 4565 127 4612 rums
140 4563 300 4624 νφιιιιιιιιιιιι
316 4563 405 4612 meme
420 4555 547 4626 ἀκέραιος,
684 4561 722 4613 15.
744 4555 878 4615 dedecere
903 4559 949 4614 ael
972 4553 1118 4626 driencurte
1140 4563 1210 4624 eupet

90 4629 125 4682 tt.
142 4627 212 4698 παρὰ
228 4645 276 4682 aon
294 4631 392 4682 babetur
408 4633 433 4680 ιἰι
452 4631 529 4682 editis.
648 4629 699 4680 ced.
717 4633 771 4682 Ven.
