3078 5012
313 287 375 352 σου
730 252 1039 352 ιιαοτιιιιτιιιτιι

316 414 369 484 τόν
381 413 502 502 τρόπον.
545 413 656 492 Εάθάς
668 415 720 500 μδν
733 413 789 501 γάρ
805 417 837 482 ἐν
851 423 887 505 τῇ
901 413 975 506 άρχή
991 413 1086 482 πάντα
1100 411 1139 480 τά
1151 410 1202 482 άπ’
1217 411 1307 500 άρχής
1322 421 1365 504 τῷ
1381 424 1468 484 Ao*

313 525 352 607 κᾷ
366 520 661 605 πεπραγματευμένα,
681 519 829 585 τουτέστιν
845 515 886 594 οἷς
898 521 988 604 λέγει,
1009 515 1183 602 Ἐπιιδήπερ
1198 520 1302 584 πολλοὶ
1315 520 1467 604 ἐπεχείρη-

313 643 383 701 σαν,
404 623 455 686 καί
471 619 507 686 τά
525 623 607 704 ίξῆς,
629 623 679 686 καί
693 618 731 686 τά
745 621 810 706 περί
826 628 879 704 τῆς
892 618 1054 703 Ἐλισάβεε,
1074 622 1126 686 καί
1137 627 1192 686 τοῦ
1206 618 1330 704 άγγέλου
1344 617 1467 706 εόαγγε-

311 725 461 806 λιζσμένου
475 721 529 806 τήν
545 727 670 808 Μαρίαν
684 724 853 808 παρθένον,
881 721 1020 790 Ἰωάννου
1035 748 1066 790 τε
1079 725 1129 790 καί
1146 727 1311 808 Ζαχαρίου,
1341 725 1396 788 καί
1412 731 1468 805 τῆς

192 853 242 898 ηις.
254 841 299 887 ιιι.
313 827 344 892 ἐν
360 825 495 908 Βηθλείμ
511 824 673 910 γεννήσεως
689 830 885 912 γενεαλογίας,
914 827 965 892 καί
985 833 1040 909 τῆς
1058 833 1113 892 τοῦ
1129 830 1330 908 βαπτίσματος
1348 823 1466 892 όκοθέ·

311 949 397 1008 στας,
424 935 517 994 ταῦτα
534 925 631 993 πάντα
647 926 816 1014 περικόψας
830 925 1017 1012 άπεπήδησε,
1046 929 1098 996 καί
1114 925 1206 1013 άρχήν
1220 935 1274 994 τοῦ
1293 924 1466 1014 εόαγγᾰίυυ

311 1033 391 1108 ἐταξε
409 1028 531 1112 ταύτην·
553 1027 602 1096 Ἐν
619 1038 659 1118 τῷ
675 1028 923 1120 πεντεκαιδεκάτῳ
940 1033 997 1098 ἐτει
1018 1035 1155 1115 Τιβερίου
1170 1034 1337 1114 Καίσαρος,
1359 1033 1410 1096 καί
1428 1027 1465 1094 τά

311 1134 386 1215 ἑξῆς.
427 1129 584 1198 Ἐντεῦθεν
602 1125 657 1198 οὖν
673 1125 762 1208 οὗτος
775 1131 906 1219 άρχεται,
935 1135 987 1200 καί
1002 1131 1039 1200 ου’
1052 1131 1124 1198 καθ’
1139 1131 1239 1216 είργιόν
1255 1131 1347 1198 πάλιν
1362 1133 1463 1214 ἐπιμό-

311 1259 371 1312 νει,
403 1231 473 1298 άλλά
493 1231 529 1298 τά
549 1235 601 1316 μὲν
623 1231 663 1312 ιός
684 1244 828 1320 προεῖπον
847 1234 1046 1323 παρακόπτει,
1075 1234 1111 1302 τά
1131 1236 1164 1300 δέ
1182 1239 1376 1320 προςτίθησιν
1397 1233 1463 1302 ὄντα

310 1335 406 1416 κάτει,
440 1333 495 1402 οόκ
519 1332 621 1421 όρθοῖς
642 1340 784 1420 βαδίζον,
816 1335 888 1404 άλλά
910 1339 1201 1427 ἐρρητδιουργημίνας
1220 1337 1319 1404 πάντα
1342 1363 1461 1423 περινο-

310 1440 435 1518 στεόωυ,
456 1440 506 1504 καί
528 1441 613 1506 ἐστιν.

394 1641 428 1708 α’.
460 1640 612 1710 Ἀπελθάν
631 1647 728 1722 δεῖξον
744 1645 868 1712 σεαυτόν
888 1652 929 1734 τῷ
948 1647 1035 1731 ίερεΐ,
1055 1647 1106 1711 καί
1126 1645 1302 1730 προςίνεγκε
1320 1647 1391 1732 περί
1408 1653 1463 1712 τοῦ

309 1754 501 1831 καθαρισμοῦ
517 1767 587 1826 σου,
616 1745 722 1823 καθείς
735 1750 891 1832 προςέιαξε
906 1755 1060 1831 Μαϋσής,
1087 1740 1175 1838 ίναή
1192 1745 1358 1834 μαρτύριον
1373 1755 1463 1814 τοῦτο

309 1845 394 1930 όμῐυ·
418 1846 487 1914 άνθ’
508 1841 545 1916 οὗ
567 1847 647 1915 εἶπεν
667 1847 685 1915 ό
706 1848 818 1936 σωτήρ,
840 1853 897 1926 Είς
918 1848 1078 1937 μαρτάριον
1099 1846 1209 1924 αότοῖς.

393 1949 429 2033 β’.
453 1951 520 2017 Ἵνα
533 1953 565 2017 δὲ
579 1954 674 2035 είδήτε
688 1951 734 2019 ότι
750 1955 884 2030 ἐξουσίαν
899 1955 956 2035 ἔχει
973 1949 991 2018 ό
1006 1950 1074 2029 υἱός
1087 1958 1141 2019 τοῦ
1157 1950 1325 2038 άνθράκου
1341 1951 1463 2033 άφιέναι

310 2050 454 2140 άμαρτίας
475 2057 523 2120 ἐπί
544 2059 597 2138 τῆς
616 2062 679 2140 γῆς.

394 2155 428 2243 γ’.
464 2155 577 2241 Κύριός
598 2159 675 2223 ἐστιν
696 2154 714 2222 ό
735 2155 801 2233 αδδς
821 2163 875 2223 τοῦ
897 2155 1064 2242 άνθροίπου
1084 2159 1136 2224 καί
1156 2163 1211 2222 τοῦ
1231 2155 1394 2240 σαββάτου.

392 2256 426 2324 δ’.
458 2256 752 2348 ἸοόδανἸσκαριοίθ,
775 2258 809 2335 δς
826 2260 938 2344 ἐγένετο
951 2257 1114 2346 προδότης·
1137 2255 1200 2326 dni
1217 2263 1316 2340 τοῦδε,
1339 2260 1462 2342 Κατέβη

309 2358 368 2444 μετ’
390 2358 503 2443 αόταῖν,
524 2363 595 2446 ἔχει,
619 2364 738 2449 Κατίβη
761 2364 791 2428 ἐν
813 2359 921 2438 αότοῑς.

392 2462 421 2530 ε’.
453 2467 513 2530 Καὶ
536 2471 596 2540 πᾶς
617 2462 635 2531 ό
656 2463 740 2548 όγλος
759 2462 851 2547 ἐζήτει
867 2462 1015 2530 δ’πτεσθαι
1031 2459 1135 2530 αόταῦ.
1179 2464 1260 2528 7Καὶ
1281 2459 1374 2540 αότδς
1390 2461 1462 2530 ἐπά-

310 2591 365 2650 ρας
385 2564 456 2643 τοάς
477 2565 654 2650 όφθαλμοδς
676 2566 776 2633 αότσῦ.

391 2667 425 2743 ς’.
456 2668 541 2735 Κανά
560 2669 598 2734 τά
619 2667 694 2736 αόεά
715 2673 837 2736 ἐποίουν
857 2677 920 2745 τοῖς
940 2666 1108 2752 προφήταις
1129 2671 1161 2734 σί
1179 2668 1301 2750 πατέρες
1322 2664 1416 2750 όμσίκ.

391 2769 423 2848 ζ.
455 2772 543 2856 Λέγω
565 2771 597 2837 δὲ
621 2769 732 2854 βόμῖν,
753 2769 900 2854 τοσαότην
916 2773 1013 2836 πίστιν
1030 2767 1100 2838 τόδὲ
1120 2773 1153 2837 ἐν
1173 2775 1213 2859 τῷ
1229 2767 1344 2853 Ἰσραήλ
1362 2761 1461 2854 σάρον.

390 2871 426 2957 η’.
460 2876 709 2960 Παρηλλαγμίνον
728 2872 778 2954 κδ,
801 2870 961 2958 Μακάριος
985 2871 1044 2950 οδς
1063 2870 1115 2939 ἐάν
1136 2872 1178 2956 μή
1199 2875 1403 2960 σκανδαλισθῇ
1425 2873 1461 2937 ἐν

310 2978 389 3059 ἐμοί·
418 2973 515 3059 10εέγε
535 2974 591 3062 γάρ
614 2973 655 3052 σός
676 2974 752 3061 πρός
771 2973 917 3058 Ἰωάννην.

391 3077 432 3143 θ’.
462 3074 563 3154 Αότός
581 3079 639 3143 ἐστι
655 3080 722 3163 περί
740 3070 777 3143 οὗ
793 3079 968 3164 γέγραπται,
988 3073 1066 3142 Ἰδοδ
1082 3075 1138 3162 lyd
1157 3073 1320 3142 άπσστίλλοτ
1339 3073 1392 3141 τόν
1408 3073 1460 3161 ἔγ-

306 3177 391 3266 γελόν
413 3207 472 3263 μου
493 3180 552 3267 πρό
574 3177 735 3265 προςόπου
756 3201 821 3246 σου.

393 3283 419 3349 ι’.
450 3285 511 3348 Καί
526 3281 666 3358 είςελθοίν
682 3285 723 3360 τίς
739 3282 791 3348 τόν
807 3278 892 3348 σίτου
910 3287 964 3348 τοῦ
981 3285 1149 3367 Φαρισαίου
1165 3284 1332 3364 κατεκλίθη.
1374 3276 1459 3346 Ἡδὲ

308 3384 382 3470 γυνή
395 3392 486 3452 στᾶσα
502 3384 597 3452 όπέσα
611 3383 632 3468 ή
644 3381 825 3470 άμαρταλός,
846 3382 927 3470 παρά
938 3382 1007 3461 τοάς
1020 3383 1125 3464 πόδας,
1147 3385 1245 3468 ἔβρεξε
1256 3392 1319 3460 ταῖς
1332 3381 1462 3468 δάκρυσι

307 3485 376 3565 ναός
397 3487 508 3566 πόδας,
531 3491 580 3552 καί
602 3485 723 3570 ήλειψε,
745 3488 796 3553 καί
817 3490 970 3568 κατεφίλει.

392 3589 438 3656 ια’.
470 3593 529 3655 Καί
545 3588 648 3670 πάλιν,
670 3589 755 3672 Αὕτη
770 3597 833 3665 τοῖς
849 3588 992 3675 δάκρυσιν
1008 3589 1107 3674 ἐβρεξί
1120 3613 1178 3672 μου
1193 3586 1263 3666 συός
1277 3586 1384 3668 πόδας,
1406 3589 1459 3654 καί

307 3690 425 3774 ήλειψε,
447 3695 496 3758 καί
519 3697 675 3775 κατεφίλει.

392 3791 439 3875 ιβ’.
474 3791 538 3859 Οόκ
554 3791 644 3879 είγεν,
666 3791 703 3858 Ἡ
714 3792 809 3879 μήτηρ
829 3792 921 3860 αότοῦ
937 3795 989 3862 καί
1004 3797 1036 3860 οἱ
1048 3791 1173 3875 ἀδελφοί
1186 3790 1298 3871 αότοῦ,
1320 3789 1390 3858 άλλά
1406 3789 1459 3874 μό-

306 3923 373 3978 νον,
394 3893 433 3961 Ἡ
449 3895 544 3980 μήτηρ
565 3919 621 3962 σου
641 3899 692 3962 καί
714 3899 745 3962 σί
763 3893 886 3978 άδελφοί
907 3918 970 3962 σου.

393 3996 438 4085 ιγ’.
470 3996 628 4064 Πλεόνταν
650 3997 749 4066 αὐτῶν
769 3996 963 4080 άφόπνασεν·
996 3995 1067 4066 όδέ
1088 3999 1221 4084 ἐγερθεὶς
1241 3999 1398 4081 ίκειίμησε
1418 4003 1459 4086 τῷ

308 4101 406 4191 άνὲμρε
427 4102 534 4191 καλιῇ
556 4099 700 4192 θαλάσση.

187 4229 237 4276 με.
251 4221 297 4264 σει
395 4202 441 4270 ιδ’.
473 4201 602 4290 Ἐγίνετο
619 4205 652 4270 δέ
667 4207 698 4270 ἐν
714 4208 754 4294 τῷ
765 4201 890 4289 όπάγειν
904 4201 1004 4284 αότόν,
1026 4203 1202 4289 συνέπνιγον
1217 4199 1310 4268 αότόν
1325 4206 1357 4268 οἷ
1370 4200 1459 4286 όγλσι

341 4393 365 4446 7.
383 4397 445 4446 Haec
455 4397 534 4456 υττσο,
546 4391 599 4446 Καὶ
612 4387 691 4454 ου’τδε
701 4391 864 4460 ἐπάραςτοιίς
930 4393 955 4446 8.
973 4390 1039 4462 όμῖν,
1057 4395 1120 4458 quod
1132 4393 1279 4446 σιιίσααίια
1288 4397 1370 4460 υυλςο,
1385 4397 1461 4446 οδλια·

309 4453 457 4527 όφθαλμεδς
473 4457 565 4521 αόταῡ,
590 4466 660 4528 νυλρο
681 4467 734 4513 ιαπσ
756 4466 818 4514 πολε
833 4464 868 4514 αδ
901 4478 930 4516 ετ
945 4465 997 4514 ασσ.
1015 4464 1134 4514 Vaticano.

306 4541 402 4592 ιεουπιτ
417 4531 517 4580 ταλασίαν
533 4535 617 4581 tracta.
652 4533 678 4581 V.
694 4531 765 4592 infra.
935 4527 959 4582 9.
977 4521 1014 4591 ὣς
1030 4531 1066 4581 αλ.
1078 4532 1154 4594 princ.
