3078 5012
373 303 509 356 ruuuuu
526 303 589 356 nte.
601 305 622 356 ι.
638 303 722 358 rou.
734 303 777 356 nt.
794 301 892 354 nunu.
903 302 984 355 xnu.
1193 289 1254 354 tut

187 419 291 488 lieint.
309 419 431 489 xxm.
463 421 540 489 Cum
557 425 603 490 dei
622 423 699 489 hiine
713 425 838 509 ipsamet
851 423 961 487 veritas
977 433 1075 501 esset,
1108 421 1253 486 neminem

103 543 207 590 eornm
224 527 271 611 qni
288 545 321 590 ee
335 525 372 590 de
387 525 447 592 vite
463 527 667 611 consequenda
680 527 908 611 interrogarent,
934 523 1047 588 tetcttir.
1093 521 1255 609 Siquidem

100 635 135 692 nt
150 627 240 692 vitam
258 626 384 694 hnmano
402 631 504 714 generi
525 629 711 707 conciliaret,
744 627 872 692 advenit.
918 623 1019 710 Quare
1038 648 1102 690 cum
1125 638 1155 690 et
1177 627 1255 692 vitae

100 739 223 794 nostrae
246 752 346 796 curem
369 734 512 817 gesserit,
545 733 625 796 etei
651 733 698 816 qni
719 733 812 817 legem
837 741 971 796 servaret
992 727 1145 794 affuturam
1165 729 1254 794 vitam

100 831 280 912 ostenderit,
312 833 363 898 sed
386 845 416 900 et
438 855 503 899 eum
527 837 575 920 qui
598 855 663 900 cum
683 835 748 919 iege
767 835 830 920 ipsa
848 841 1046 897 consentanee
1064 830 1257 917 responderat

100 934 255 1020 praeclare
277 935 390 1002 dixisse
414 947 539 1002 testum
562 939 665 1017 inerit,
698 936 763 1023 quis
786 936 843 1000 erit
864 946 921 998 um
944 955 1049 999 vecors
1071 953 1105 998 ao
1124 933 1255 1018 stupidus

101 1033 252 1101 Marcioni
270 1049 302 1103 nt
323 1039 491 1118 inhaereat,
522 1040 570 1125 qui
589 1039 645 1104 deo
660 1039 701 1103 ilii
718 1039 888 1117 maledicat,
919 1059 1009 1123 aquo
1025 1059 1083 1102 uon
1102 1037 1188 1100 modo
1206 1037 1253 1100 ies

100 1139 131 1204 in
149 1139 299 1219 homiues,
322 1143 375 1206 sed
392 1153 423 1206 et
439 1141 586 1228 evangeiii
602 1151 649 1206 est
663 1143 755 1226 gretia
773 1142 921 1220 derivata,
946 1150 977 1204 ut
990 1161 1023 1204 se
1040 1139 1164 1205 hominis
1176 1137 1255 1202 iilius

99 1242 253 1307 errorihns
273 1243 405 1326 addicet,
439 1246 487 1330 qui
509 1265 604 1330 neque
622 1264 661 1308 ex
682 1241 747 1329 iege
765 1265 859 1328 neque
875 1263 914 1308 ex
930 1242 1034 1330 spiritu
1049 1252 1151 1308 sancto
1167 1241 1254 1306 uliam

99 1343 252 1410 doctrinae
274 1366 346 1411 suae
370 1347 540 1432 particulam
563 1346 766 1432 expresserit?

184 1444 427 1514 sehetxxtv.
461 1453 607 1524 dedicit,
640 1453 710 1529 Qrsr's
727 1462 849 1512 omnum
867 1451 981 1512 debebit
993 1453 1128 1524 omr'ernn,
1158 1449 1393 1514 essendone

97 1555 138 1614 sd
156 1554 235 1614 dim
252 1555 342 1614 metiris
355 1565 453 1626 noete,
474 1555 623 1634 postulone
637 1565 696 1614 tres
709 1558 822 1634 penes?
864 1553 911 1616 Ac
926 1552 1081 1637 deinceps,
1105 1555 1203 1624 Petite,
1227 1561 1256 1612 et

98 1655 224 1716 dnbr'tnr.
274 1658 342 1734 (iuri
363 1660 435 1717 curin
456 1677 494 1717 erc
515 1656 591 1717 codr's
613 1665 658 1716 est
674 1667 773 1736 poter,
804 1677 823 1717 u
845 1677 900 1738 quo
911 1658 999 1738 fllrise
1012 1666 1093 1737 petat
1102 1659 1208 1736 pe'seern
1226 1665 1256 1716 et
1269 1659 1324 1708 tua
1338 1665 1369 1710 tt·

93 1777 152 1837 pro
165 1761 246 1837 ps'ree
259 1769 414 1838 serpentem
432 1759 595 1820 dedititii?
622 1769 676 1820 out
687 1779 743 1838 pro
760 1779 811 1820 oco
829 1763 1025 1839 scorpionem?
1067 1761 1104 1820 Si
1118 1777 1187 1838 ergo
1206 1779 1255 1818 cos

97 1879 164 1920 cern
185 1863 248 1921 sitis
270 1863 341 1921 moli
358 1865 448 1922 noeto
469 1862 541 1922 hun
561 1863 645 1934 doto,
670 1873 775 1942 peneto
796 1865 888 1940 magis
903 1867 1010 1941 peter?

184 1959 287 2026 Reict.
303 1958 427 2024 XXIV.
462 1959 582 2024 Euhoe
599 1961 664 2025 icoo
683 1962 757 2026 rsiri
774 1963 899 2026 hominis
914 1963 1119 2048 superstitiosa
1136 1972 1166 2026 et
1182 1963 1253 2026 otie-

96 2073 178 2128 ctats
195 2065 298 2150 religio
318 2062 513 2128 convincitur.
558 2061 627 2127 Nou
650 2063 726 2128 enim
744 2065 870 2150 optimae
885 2063 1007 2130 alicuine
1024 2065 1168 2129 mercedis
1186 2085 1255 2150 gre-

96 2165 158 2246 tia,
182 2179 231 2231 sut
250 2187 303 2252 spe
321 2166 545 2250 consequendae
561 2165 787 2231 immortalitatis
804 2167 956 2245 indoctus,
979 2168 1031 2232 sed
1050 2187 1091 2232 ex
1107 2168 1254 2253 impietate

95 2289 133 2332 ac
150 2269 308 2353 pestiferae
325 2267 471 2353 opinionis
486 2266 613 2332 ieisitate
628 2269 760 2332 ciborum
775 2269 994 2354 temperantiam
1009 2269 1148 2334 edhihnit.
1179 2270 1254 2334 Aui-

95 2371 185 2436 matis
201 2371 277 2435 enim
294 2349 376 2434 vesci
394 2369 539 2456 prohibet,
564 2389 598 2434 ac
613 2392 681 2435 reos
699 2391 765 2436 esse
782 2371 889 2435 iudicio
905 2381 986 2457 putat
1000 2372 1067 2436 iilos
1084 2373 1132 2456 qni
1148 2392 1253 2438 carnes

94 2475 273 2557 degustent,
305 2483 441 2558 nuquam
459 2473 573 2538 ruimus
592 2475 757 2538 comedant.
805 2469 891 2556 Quod
914 2474 1027 2558 quidem
1053 2475 1186 2559 inprimis
1208 2485 1255 2538 est

94 2575 268 2640 eheurdnm.
305 2573 412 2660 Neque
427 2577 504 2640 enirn
517 2596 587 2640 caro
602 2586 660 2653 est,
684 2576 736 2640 sed
752 2575 782 2638 in
797 2576 934 2640 earnihns
950 2577 1028 2640 inest
1042 2576 1150 2641 anima.
1189 2575 1253 2641 Ne·

95 2697 156 2764 qne
177 2697 250 2742 vero
271 2678 424 2742 hrntornm
445 2678 570 2741 enimam
592 2679 712 2764 perinde
734 2688 821 2762 etque
844 2679 990 2742 homiuum
1009 2680 1166 2765 pretiosam
1186 2699 1254 2744 esse
1362 2697 1365 2707 ¹

95 2781 239 2860 dicimos,
270 2782 322 2845 sed
341 2781 376 2844 ed
396 2781 485 2844 vitam
502 2782 643 2844 corruat
659 2761 832 2844 snimhlihns
850 2801 1033 2846 concessare.
1077 2781 1119 2846 tt
1133 2782 1183 2846 itte
1202 2782 1255 2845 mi·

93 2885 242 2952 serrimns
258 2905 324 2947 eum
337 2882 532 2948 sectatoribus
545 2883 609 2946 suis
621 2883 742 2948 eandem
758 2883 905 2948 hominum
920 2905 987 2949 esse
1002 2904 1076 2969 quae
1091 2885 1120 2948 in
1134 2885 1254 2968 reliquis

93 2985 295 3052 animantibus
317 2985 448 3050 cernitur
469 2985 595 3048 animam
614 2985 777 3050 existimet.
823 2984 909 3068 Quod
933 2987 961 3050 ei
984 2987 1088 3071 dogma
1108 2987 1254 3072 plerisque

95 3111 164 3154 cnm
185 3087 252 3152 aiiis
269 3099 314 3151 est
332 3087 502 3152 haeresibus
520 3107 684 3152 commone.
730 3085 808 3154 Nam
825 3099 855 3152 et
871 3087 1047 3154 Valentinus
1063 3100 1092 3153 et
1108 3085 1253 3153 Cciorha-

93 3213 148 3258 sus
165 3202 196 3254 et
213 3189 348 3256 Gnostici
364 3207 466 3254 omues
483 3211 519 3254 uc
535 3187 704 3254 Manichaei
719 3191 918 3256 traductiones
937 3194 1074 3276 quasdam
1091 3191 1251 3254 animarum

93 3305 188 3380 atque
206 3295 237 3356 in
255 3293 338 3356 varia
357 3313 481 3379 corpora
496 3293 638 3357 transitus
655 3313 722 3357 esse
741 3293 897 3371 definiunt,
922 3297 996 3378 quod
1016 3299 1051 3358 ad
1068 3316 1120 3359 eos
1138 3294 1252 3380 quidem

94 3396 234 3462 homines
250 3395 353 3459 attinet
366 3395 414 3481 qni
431 3395 461 3460 in
475 3396 658 3480 ignoratione
674 3406 841 3459 versantur.
872 3393 917 3460 De
933 3397 1037 3482 quihus
1053 3398 1153 3462 neseio
1166 3419 1251 3482 quern

95 3498 229 3564 iehuiem
252 3497 407 3562 commenti
432 3506 517 3576 eunt,
550 3497 645 3562 redire
667 3496 804 3562 videlicet
825 3498 967 3578 animem,
999 3521 1033 3564 ac
1056 3520 1089 3564 se
1110 3499 1141 3564 in
1163 3521 1251 3564 unum

94 3601 235 3688 qnodque
255 3600 442 3664 animantium
461 3600 600 3679 induere,
633 3601 727 3664 donec
742 3601 938 3685 cognitionem
955 3602 1059 3687 adepta
1078 3603 1135 3682 sit,
1166 3613 1252 3688 atqrm

94 3707 140 3769 ita
158 3712 284 3789 purgata
301 3703 499 3788 dissolutaque
522 3703 551 3766 in
569 3703 710 3768 coelestia
732 3703 796 3766 loce
813 3704 995 3788 commigret.
1042 3701 1102 3769 Sed
1120 3705 1252 3790 inprimis

94 3825 206 3872 venun
224 3804 294 3869 iilud
309 3805 453 3868 somnium
468 3805 548 3870 ontio
566 3806 685 3890 negotio
697 3805 891 3870 convincitur.
937 3804 1054 3870 Etenim
1073 3806 1140 3892 qnid
1155 3809 1252 3893 reipsa

93 3917 222 3996 geratur
242 3907 320 3972 scire
343 3927 429 3972 nemo
450 3908 554 3973 melius
577 3917 672 3992 potest
691 3927 776 3992 qoam
794 3904 879 3972 iectu
895 3905 1032 3974 Christus
1050 3910 1183 3974 dominus
1200 3930 1252 3974 no·

93 4023 173 4088 ster,
199 4009 248 4095 qni
262 4011 480 4096 recuperandae
496 4011 561 4076 orie
576 4009 705 4094 perditae
719 4011 813 4094 gretie
828 4011 989 4090 descendit,
1015 4012 1070 4077 hoc
1084 4023 1131 4076 est
1145 4023 1178 4078 nt
1191 4011 1253 4076 erri-

94 4133 163 4180 mee
184 4114 325 4178 liberaret
345 4113 510 4194 hominum,
541 4133 663 4198 quornm
683 4113 799 4178 utititeti
814 4134 850 4177 sc
865 4114 1027 4180 rationihns
1044 4114 1179 4180 seruiens
1195 4125 1251 4180 tatu

94 4217 159 4284 iliis
176 4236 248 4301 qnae
265 4216 326 4282 dixi
344 4237 428 4302 qnam
445 4217 616 4301 corporihns
631 4215 703 4301 ipsis
717 4217 877 4282 remedium
894 4217 1007 4298 attulit3
1032 4227 1133 4303 utpote
1149 4239 1253 4303 corpo·

94 4419 184 4459 rernm
198 4409 257 4457 teter
271 4406 329 4456 tere
345 4407 392 4458 duc
404 4407 520 4458 comtuta
531 4420 607 4458 coeno
623 4421 658 4458 re-
693 4409 775 4459 reue.
808 4403 837 4461 sd
855 4391 933 4473 ἱερέας
949 4409 1004 4458 edit
1017 4409 1092 4470 petre

95 4481 162 4528 utera
726 4473 765 4528 tc.
786 4479 892 4528 ronne
913 4478 1075 4540 mnam
1099 4480 1132 4526 er
1155 4469 1252 4541 dorec-

131 4539 176 4598 74.
192 4540 225 4598 cd
242 4541 305 4612 epia
321 4546 372 4596 end.
386 4547 475 4609 Vnde„
499 4546 590 4597 ettnde
605 4545 660 4596 edit.
692 4560 762 4612 nou,
780 4539 817 4605 uie
833 4538 905 4598 αὐτοί
922 4559 1001 4612 φασι,
1018 4541 1061 4598 καὶ
1078 4540 1145 4599 κατὰ
1161 4549 1210 4596 eeu.
