3112 4984
412 362 546 414 ennena
564 363 628 414 ata.
640 363 660 414 1.
676 363 757 416 ron.
770 365 802 416 tr.
819 363 1024 420 uacamxvr.
1229 359 1285 424 tat

1 497 2 520 ³
135 478 332 564 piumloram
349 479 474 566 etrepitu
495 481 585 566 inqui
603 481 780 549 adorabatur
795 483 962 549 admonitus
978 505 1047 549 eece
1070 487 1198 552 emedio
1219 493 1288 556 euh-

1 591 2 642 ῑ
136 582 285 660 traheret,
310 602 349 646 ne
361 603 427 646 eum
444 583 525 647 larva
540 584 588 648 ille
605 605 641 648 ac
657 584 734 670 turpi
751 585 845 670 effigie
862 585 1139 670 deprehenderetur.
1184 589 1300 657 liniun-¹

134 703 211 747 uero
227 683 363 748 stolidum
379 683 449 750 illud
465 685 702 751 stultissimorum
718 686 865 751 hominum
881 700 1074 752 commentum
1090 710 1154 754 cum
1167 693 1204 756 ed
1217 715 1287 758 con-

1 861 2 864 Ἴ
133 784 313 850 aimundum
331 786 470 870 perfacile
485 797 544 864 eat,
568 799 628 852 tum
646 788 708 852 unu
724 807 758 852 au
774 786 898 852 ludibrio
915 789 1044 873 dignum.
1088 789 1207 858 Etenim
1223 797 1287 859 sire

1 949 2 954 ,
133 887 165 951 ia
181 888 399 967 calumniae,
423 888 470 952 cui
487 889 559 953 haec
576 909 660 954 ancre
676 890 832 968 iaciebant,
856 890 1053 975 aspectabilis,
1077 895 1217 958 occultari
1232 897 1287 960 mi-

1 1001 2 1034 t
135 987 218 1052 nime
237 999 370 1074 poterate
394 989 459 1053 nive
474 991 614 1056 occultari
634 993 749 1078 penitus
765 1001 896 1076 poterat,
920 1013 979 1056 non
996 993 1054 1056 inm
1073 1005 1136 1080 erat
1154 1008 1287 1082 aepacta-

1 1147 2 1176 ,
134 1090 217 1156 bilia.
262 1089 350 1174 Quod
370 1091 440 1156 item
458 1093 622 1157 ullomodo
641 1095 876 1158 contraeundum
891 1095 990 1177 urgeri
1007 1106 1114 1179 puteat.
1158 1094 1285 1163 stanin

1 1203 2 1285 p
133 1191 232 1256 videri
248 1205 378 1278 poteret,
402 1213 509 1279 corpur
528 1195 629 1280 utique
645 1207 724 1276 erat,
749 1216 807 1260 non
822 1195 959 1281 spiritua:
982 1195 1028 1260 ein
1044 1197 1136 1262 luisse
1153 1201 1286 1284 apiritam

1 1295 2 1324 ¹
134 1295 287 1373 dixerint,
311 1315 368 1358 non
385 1295 464 1360 inter
480 1317 517 1360 ea
531 1297 696 1363 censendae
716 1299 773 1361 erit
791 1317 865 1381 quae
885 1298 1012 1363 discerni
1035 1298 1128 1363 oculis
1150 1315 1283 1385 possunt.

135 1393 216 1480 Quid
235 1396 325 1480 igitur
341 1397 484 1462 attinebat
501 1419 567 1463 eum
593 1398 642 1482 qui
662 1399 814 1463 oculorum
835 1419 925 1464 aenan
949 1399 1059 1485 percipi
1083 1403 1216 1485 nequiret
1236 1404 1286 1467 illo

134 1497 397 1562 tintinnabulorum
410 1501 508 1564 souitu
523 1501 608 1584 ingen
624 1521 697 1564 auae
712 1501 900 1586 latehrneque
915 1501 1090 1566 ccneulerel
1118 1499 1193 1568 Cum
1209 1507 1286 1570 enim

132 1600 164 1664 id
180 1611 285 1664 natura
304 1601 422 1664 insitum
443 1601 564 1666 haberet
583 1615 615 1664 ut
631 1603 724 1666 videri
750 1613 942 1688 conpenset,
966 1605 1098 1686 proiecto
1119 1605 1174 1669 nisi
1197 1607 1287 1671 vellet

133 1703 292 1766 anemine
315 1702 477 1766 videretur.
522 1700 608 1787 Quod
629 1725 703 1768 vero
726 1714 807 1768 eseet
829 1705 864 1767 ab
891 1704 990 1788 aliquo
1012 1719 1203 1792 accepemus,
1227 1729 1286 1772 nou
1371 1787 1375 1803 ι

132 1801 205 1866 illud
222 1805 400 1868 necessitate
419 1805 620 1890 contingeret,
645 1806 729 1890 quasi
747 1827 811 1870 enm
830 1806 970 1870 inlunem
988 1819 1017 1870 et
1033 1819 1165 1892 apertum
1181 1821 1286 1875 natura

133 1904 338 1990 prodnaiem,
355 1907 406 1970 sed
422 1905 604 1992 induigentia
618 1909 739 1992 quedem
754 1908 862 1993 potius,
881 1927 976 1992 neque
994 1909 1034 1972 ita
1051 1920 1083 1974 ut
1098 1911 1195 1976 subito
1207 1923 1287 1976 metu

133 2017 224 2090 atque
241 2027 282 2070 ex
298 2006 456 2093 improviso
473 2020 647 2095 praeterque
661 2009 911 2094 expectationem,
933 2028 1091 2094 suppresso
1110 2012 1159 2076 illo
1174 2015 1284 2092 sonitu,

134 2108 231 2193 palam
249 2129 284 2174 ee
305 2108 460 2174 videndum
479 2112 644 2196 praeheret.
689 2109 735 2174 lta
759 2111 838 2176 omni
860 2131 899 2174 ex
917 2121 1000 2196 purte
1018 2112 1089 2176 dalea
1106 2113 1222 2178 illorum
1242 2126 1286 2179 et·

136 2231 193 2295 qne
215 2211 356 2275 ementita
374 2212 450 2276 ratio
472 2215 608 2279 concidit.
656 2209 715 2279 Sed
739 2214 796 2277 alia
820 2213 961 2298 quaedam
982 2214 1103 2300 plurima
1120 2227 1190 2280 eunt
1211 2235 1287 2302 quae

134 2313 291 2397 nugatorie
308 2323 397 2396 atque
410 2314 538 2378 inaniter
554 2315 664 2379 iactare
682 2316 790 2380 nolent.
827 2316 918 2399 Atqui
933 2335 1027 2400 neque
1044 2315 1122 2380 illico
1136 2328 1181 2381 eat
1194 2317 1286 2382 inter·

136 2414 234 2476 iectus
252 2412 414 2479 Zachariae
429 2426 459 2479 et
475 2425 540 2501 post
554 2428 648 2482 crtum
670 2413 790 2481 loanuie
806 2416 1008 2496 anduennio,
1032 2417 1126 2501 deque
1141 2439 1178 2482 eo
1197 2440 1232 2483 ac
1249 2419 1286 2483 de

137 2511 250 2580 Christi
268 2517 397 2580 advectu
413 2529 444 2581 et
465 2517 595 2582 eiusdem
615 2521 773 2582 secundum
794 2538 913 2582 carnem
931 2537 985 2603 per
1004 2518 1136 2604 spiritum
1153 2531 1285 2585 nanctum

1 2623 2 2640 ¹
135 2617 254 2680 ebeeta
269 2618 387 2701 virgine
409 2617 507 2682 Maria
527 2619 717 2704 generatione
734 2619 910 2684 vaticinatus
925 2631 971 2684 est
986 2619 1031 2684 hie
1043 2621 1159 2688 verbine
1192 2627 1234 2685 Et
1253 2635 1284 2684 tu
1297 2643 1424 2704 cneum

129 2741 207 2802 puer
217 2723 357 2801 propheta
370 2723 505 2782 cinimiae‘
516 2725 675 2784 wanberti:
694 2723 821 2802 prner'dt'e
836 2727 909 2784 enim
926 2734 993 2785 unte
1003 2725 1105 2804 smera
1115 2727 1287 2806 dominipe-

135 2843 206 2884 rane
222 2826 283 2883 utha
301 2827 380 2896 er'ue,
403 2827 442 2884 nd
456 2828 641 2886 conuertenda
658 2828 744 2886 eorde
756 2835 872 2906 patrum
894 2827 923 2886 iu
931 2827 1016 2906 filu'ue
1034 2837 1064 2886 et
1078 2829 1286 2909 molcepumtee

134 2929 176 2986 uel
190 2929 371 3006 murnum
391 2934 450 2986 eto.
495 2923 613 3008 Quanta
630 2946 703 2988 vero
720 2926 756 2990 ud
773 2945 876 2990 eorum
899 2927 1049 2990 mendacia
1071 2929 1284 3008 convincenda,

137 3036 300 3110 contraque
320 3025 541 3092 abominandam
556 3027 636 3091 illam
655 3027 801 3090 libidinem
817 3049 834 3091 a
852 3027 937 3092 nohis
951 3029 1049 3093 afferri
1069 3032 1207 3115 possuntt

223 3127 326 3210 Atque
342 3140 374 3192 ut
390 3129 427 3192 de
444 3128 559 3192 illorum
579 3125 706 3207 Levitis,
730 3129 772 3194 aie
785 3130 863 3194 enim
879 3131 1036 3215 appellunt,
1060 3131 1191 3196 nonnihil
1206 3132 1284 3196 dica·
1295 3139 1436 3207 capxnl.

137 3249 221 3306 mue,
246 3227 293 3291 ieti
313 3251 371 3292 nou
395 3251 460 3293 cnm
483 3229 671 3309 mulieribus,
702 3231 753 3294 aed
777 3253 877 3296 secum
899 3231 1026 3296 invicem
1051 3234 1227 3309 misceatur,
1250 3254 1285 3296 ac

136 3329 251 3394 seilicet
265 3332 420 3417 praecipua
437 3331 515 3395 iuter
535 3331 601 3394 illos
617 3331 757 3414 dignitate
774 3354 808 3396 ac
822 3333 907 3397 laude
922 3335 1173 3398 commendantur.
1208 3331 1283 3396 Tum

136 3453 210 3496 nero
231 3453 283 3496 eoe
298 3453 401 3496 omnen
422 3432 557 3496 derident
577 3432 625 3516 qui
649 3433 840 3498 monasticum
856 3434 934 3499 vitae
950 3455 1044 3519 genus
1060 3435 1186 3518 amplexi
1203 3445 1282 3512 sunt,

136 3545 189 3598 aut
207 3535 372 3599 caetitatem
394 3535 649 3620 virginitatemque
673 3537 861 3619 profitentur,
885 3537 960 3622 quod
979 3538 1087 3600 druetra
1105 3536 1133 3599 id
1150 3536 1205 3600 nihi
1224 3559 1286 3601 mo·

137 3635 244 3700 dentiae
257 3657 295 3700 ae
306 3636 416 3700 lahorie
429 3638 588 3721 imponunt.
612 3633 774 3712 Praeterea
786 3635 978 3722 Evangelium
993 3637 1138 3720 quoddam
1151 3639 1205 3702 auh
1217 3637 1284 3702 Phi-

137 3737 206 3824 lippi
226 3737 404 3804 camdeniani
422 3735 535 3803 Christi
558 3737 690 3822 tacipnti
714 3737 831 3802 nomine
848 3739 1070 3816 circumderunt,
1101 3738 1131 3802 in
1151 3761 1209 3824 qno
1228 3742 1284 3805 ieta

136 3851 313 3904 mature
346 3843 439 3914 Mitt,
463 3840 573 3924 inquit,
597 3845 724 3902 domninus
742 3844 870 3920 aperuit,
894 3841 995 3920 quibua
1013 3845 1106 3904 unciam
1130 3845 1221 3905 uerdr'e
1242 3850 1287 3906 uti

136 3963 199 4004 meur
215 3949 247 4004 e'n
268 3945 374 4004 mlum
392 3947 534 4017 mandit,
557 3965 593 4005 ue
607 3945 834 4024 queamdmodum
849 3945 998 4022 uuahm’que
1014 3947 1172 4006 caedendum
1188 3949 1284 4006 turn-

136 4057 195 4106 mn
211 4047 382 4125 maudein
396 4047 510 4106 meent.-
544 4050 693 4119 m‘mr‘rum,
725 4049 790 4126 ugo
809 4047 939 4124 meipsum
954 4050 1073 4123 agnoui,
1097 4057 1181 4128 utque
1200 4049 1283 4108 rendi-

135 4168 247 4228 punque
261 4149 383 4227 rulhgr':
405 4167 494 4228 neque
508 4151 636 4228 Prthm'pi
642 4150 727 4228 filabo
739 4150 843 4226 genui,
867 4148 917 4206 red
930 4149 990 4207 erite
1006 4151 1116 4210 radices
1131 4151 1281 4228 numni,

136 4271 171 4310 ee
183 4253 322 4330 &upote
335 4250 458 4310 nummu
474 4252 504 4310 t'n
517 4271 602 4310 mum
616 4251 707 4330 coegi,
719 4297 722 4302 ,
732 4260 811 4328 teque
823 4251 892 4308 adeo
906 4252 957 4328 qui
968 4253 1009 4310 ee'e
1022 4255 1104 4312 noui:
1127 4253 1196 4310 Sum
1211 4253 1283 4310 eruin

134 4354 325 4412 eemlertium
341 4371 466 4411 numeru
497 4349 597 4433 Atque
615 4349 669 4414 hoc
686 4349 785 4427 modo,
803 4348 946 4432 inquiunt,
970 4349 1020 4414 illa
1033 4349 1196 4414 dimittitur.
1227 4346 1282 4415 Sin

170 4502 208 4553 tc.
228 4505 290 4553 dicte
303 4507 371 4554 netu
379 4505 489 4554 Petnutue
502 4517 653 4572 ,pnppreeec
667 4501 712 4554 illc
724 4500 833 4566 eonitu“,
841 4517 960 4567 penuque
970 4505 1086 4564 delinit,
1100 4515 1148 4554 non
1160 4507 1213 4566 poet
1224 4519 1283 4570 npe-

133 4567 230 4636 λήψα,
247 4571 290 4624 red
303 4577 357 4634 put
372 4567 478 4624 ardano.
