3100 4984
327 329 390 393 436
751 340 873 394 amen
891 341 1060 392 οειειιιαιι

194 475 261 545 Κεφ,
277 473 310 546 γ’.
405 457 475 524 Ὅτι
495 459 527 523 δέ
543 461 648 539 φίλτρα
664 458 715 522 καί
734 454 868 544 άγιόγιμα
883 456 959 543 πρός
975 455 1017 546 τόΙ
1027 459 1079 522 καί
1095 467 1158 533 τοῖς
1171 455 1305 540 στόμασιν
1320 456 1421 537 αῦττῦν
1437 461 1478 524 ἐν·

235 649 238 656 Ἴ
328 567 453 647 υβρίζειν
469 565 584 642 ἐμποιεῖ
599 551 685 636 οὗτος
702 556 719 625 δ
736 559 867 644 Μάρκος
883 561 975 636 ἐνίαις
990 563 1049 626 τόν
1065 568 1228 646 γυναικοῖν,
1261 564 1289 626 εί
1301 563 1353 626 καί
1370 561 1412 643 μὴ
1426 561 1479 626 πά·

328 687 407 744 σαις,
430 656 517 728 αὗται
532 661 672 738 πολλάκις
688 665 900 749 ἐπιστρέψασαι
916 666 957 738 είς
973 661 1028 748 τήν
1042 666 1196 746 ἐκκλησίαν
1211 672 1266 730 τοῦ
1280 671 1357 730 θεοῦ
1374 667 1478 747 ἐξωμο·

327 767 489 854 λογήσαντο
513 769 564 832 καί
585 764 659 832 κατά
685 765 718 831 τό
741 773 825 849 σῶμα
846 763 1028 850 ιξγρειτῦσθαι
1049 763 1099 831 ὑπ’
1121 763 1230 846 αῦτοῦ,
1262 769 1312 832 καὶ
1334 769 1480 849 ἐρωτικοῖς

326 872 409 938 πάνυ
427 867 518 936 αότόν
532 871 739 951 πεφιληκέναι·
770 868 842 945 όίςτε
855 871 906 934 παλ
922 867 1063 935 διάκονόν
1078 894 1144 934 τινα
1157 876 1217 934 τῶν
1233 871 1264 935 ἐν
1277 878 1313 959 τῇ
1326 866 1410 958 Ἀσίρ
1423 877 1480 934 τόν

326 972 493 1061 ἡμετέρων,
521 970 741 1055 όποδεξάμενον
759 971 851 1038 αὐτόν
868 973 910 1048 είς
925 970 977 1037 τόν
994 969 1079 1038 οίκον
1095 969 1188 1038 αὐτοῦ
1207 981 1374 1057 περιπεσεῖν
1390 972 1479 1061 ταάτη

325 1085 361 1168 τῇ
378 1083 536 1164 συμφορᾷ,
565 1082 618 1158 τῆς
632 1073 774 1161 γυναικός
791 1073 884 1140 αότοῦ
900 1063 1033 1151 ε’όειδοῦς
1046 1072 1250 1160 όπαργοόσης,
1272 1073 1395 1158 κοίτην
1409 1073 1478 1160 γνό-

326 1207 385 1263 μην
401 1181 452 1244 καί
469 1176 502 1243 τό
519 1184 603 1261 στῦμα
618 1181 838 1268 διαφθαρείσης
854 1174 914 1244 όπό
929 1185 983 1243 τοῦ
1000 1177 1098 1264 μάγου
1114 1177 1237 1256 τοῦτον,
1259 1180 1310 1244 καλ
1327 1180 1477 1256 ἐξακολου·

325 1281 463 1365 θησάσης
477 1279 557 1370 αὐτῷ
572 1288 668 1370 πολλῷ
676 1288 716 1369 τῷ
732 1279 835 1371 χρόνῳ.
863 1279 987 1346 Ἔπειτα
1000 1279 1072 1363 μετά
1087 1287 1199 1347 πολλοῦ
1212 1280 1310 1346 κόπου
1325 1288 1386 1346 τοῖν
1399 1279 1477 1345 άδελ·

325 1393 393 1467 φῶν
409 1382 649 1470 ἐπιστρεψάντων
669 1380 793 1466 ιαὐτὴν,
813 1381 866 1448 τόν
880 1381 997 1448 άπαντα
1011 1385 1119 1468 χρόνον
1132 1385 1381 1468 ἐξομολογουμένη
1396 1385 1479 1448 διετέ·

324 1497 403 1568 λεσε,
425 1494 579 1554 πενθοῦσα
593 1488 642 1552 καλ
660 1493 814 1569 θρηνοῦσα
829 1483 875 1567 ἐφ’
893 1478 911 1575 ᾗ
928 1487 1042 1552 ἐπαθεν
1056 1482 1116 1551 άπδ
1131 1492 1186 1552 τοῦ
1201 1484 1299 1572 μάγου
1314 1490 1476 1572 διαφθορᾷ.

326 1594 388 1656 Καί
404 1592 537 1673 μαθηταί
555 1590 587 1654 δέ
602 1586 694 1654 αότοῦ
709 1614 786 1664 τινες
799 1593 1031 1674 περιπολίζοντες
1047 1591 1104 1654 λέν
1119 1597 1181 1664 τοῖς
1194 1585 1297 1665 αότοῖς
1313 1592 1478 1666 ἐξαπατᾶν·

325 1719 372 1770 τες
385 1691 561 1779 γυναικάρια
575 1690 666 1756 πολλά
683 1693 873 1776 διέφθειραν,
895 1696 1020 1768 τελείους
1033 1689 1159 1767 ἐαυτοός
1174 1689 1419 1778 ἀναγορεύοντες,
1440 1689 1477 1767 τός

205 1827 256 1874 ρας.
268 1815 314 1860 νεα
330 1794 455 1880 μηδενός
473 1797 637 1878 δυναμένου
656 1797 834 1877 ἐξισωθῆναι
855 1801 895 1883 τῷ
909 1797 1028 1880 μεγέθει
1048 1801 1101 1877 τῆς
1118 1793 1252 1880 γνοίσεως
1270 1792 1386 1874 αῦτιῦν,
1415 1791 1478 1876 μηδ’

323 1899 361 1966 άν
378 1905 516 1979 Παῦλον,
547 1897 614 1982 μηδ’
630 1896 668 1962 άν
686 1900 802 1982 Πέτρον
819 1901 920 1986 είπης,
952 1895 1019 1980 μηδ’
1035 1895 1121 1964 άλλον
1136 1896 1201 1962 τινά
1219 1903 1279 1962 τῦν
1295 1893 1476 1974 άποστόλων,

324 2000 394 2068 άλλά
413 2006 502 2068 πλείω
520 2000 639 2066 πάντων
655 2002 825 2087 ἐγνωκέναι,
848 2003 899 2064 καί
915 1999 947 2064 τό
964 2001 1092 2085 μέγεθος
1105 2007 1158 2083 τῆς
1173 1999 1307 2086 γνάσεως
1320 2007 1374 2083 τῆς
1390 1997 1476 2084 ιλρρίγ

323 2127 377 2170 του
395 2103 573 2187 8δυνάμειος
589 2102 707 2186 μόνους
716 2105 974 2194 καταπεπωκέναι,
1003 2100 1078 2168 είυαί
1093 2129 1123 2167 τε
1141 2100 1251 2184 αότοῦς
1268 2105 1301 2167 ἐν
1315 2101 1390 2184 ὕψει
1404 2099 1476 2184 ότιέρ

322 2215 421 2274 πᾶσαν
438 2205 577 2290 δύναμιν·
600 2204 647 2270 διό
662 2207 713 2270 καλ
729 2207 894 2290 ἐλευθέρως
906 2205 1003 2271 πάντα
1020 2205 1176 2293 πράσσειν,
1199 2205 1310 2288 μηδένα
1326 2207 1359 2270 ἐν
1375 2205 1477 2288 μηδενί

323 2310 422 2394 φόβον
443 2312 569 2393 ἐχοντας.
614 2306 673 2372 Διά
694 2306 750 2394 γάρ
772 2306 827 2392 την
846 2306 1048 2394 άπολότρωσιν
1064 2307 1248 2394 άιιρατὴτους
1264 2309 1315 2372 καλ
1330 2305 1477 2392 άοράτους

321 2418 500 2500 γίνεσθαι
472 2419 514 2477 τοῑ
533 2417 626 2500 κριτῇ.
672 2414 715 2476 Εί
731 2411 764 2476 δέ
781 2414 832 2476 καί
851 2409 1020 2494 ἐπιλάβοιτο
1038 2408 1150 2492 αῦτῦν,
1181 2407 1384 2492 παραστάντες
1400 2409 1476 2475 mhi

322 2515 393 2598 μετά
411 2541 464 2598 της
481 2512 711 2598 άπολυτροόσεως
728 2512 798 2578 τάδε
815 2517 941 2593 εἴποιεν,
966 2506 1006 2577 Ὦ
1022 2513 1150 2600 πάρεδρε
1168 2520 1244 2580 θεοῦ
1262 2515 1314 2578 καί
1334 2519 1476 2636 μηστικῆς

323 2615 405 2702 4πρά
423 2619 532 2740 αίῦγος
549 2623 658 2702 Σιγῆς,
689 2615 728 2698 ἣν
742 2641 779 2680 τα
770 2613 906 2702 μεγέθη
923 2615 1086 2692 διαπαντός
1102 2613 1295 2699 βλέποντα
1262 2641 1296 2681 το
1315 2615 1478 2739 πρόςωπον

322 2727 375 2785 τοῦ
392 2717 504 2804 πατρός
520 2715 618 2846 ὁδηγῷ
635 2739 682 2784 σοι
699 2719 749 2784 καί
766 2725 975 2806 ίπροςαγωγεῖ
989 2711 1147 2805 6χριόμενα
1161 2716 1334 2784 άνασπῦσιν
1348 2716 1413 2784 άνω
1426 2715 1477 2792 τάς

323 2819 421 2886 αότῦν
435 2819 564 2906 μορφάς,
582 2847 618 2897 ας
632 2848 652 2904 η
644 2819 876 2906 μεγαλότολμος
890 2825 1020 2947 ἐκείνη7
1029 2831 1281 2903 φαντασιασθεῖσα
1293 2819 1393 2885 διά
1358 2847 1393 2886 το
1409 2817 1476 2906 άγα-

323 2921 383 2990 θόν
400 2930 453 2989 τοῦ
469 2923 659 3010 προπάτορος
672 2923 848 3008 προεβάλετο
863 2921 942 3008 ημᾶς
957 2922 1010 3000 τάς
1022 2923 1154 3004 είκόνας,
1176 2923 1241 2991 τότε
1257 2921 1457 3005 ἐνθόμιον”
1418 2947 1477 2988 των

322 3024 382 3092 άνω
400 3024 440 3102 τίς
457 3024 596 3094 ἐνάπνιον
612 3029 733 3108 ἐχουσα,
758 3026 826 3092 ίδοῦ
838 3025 856 3093 ό
870 3026 972 3113 κριτὴς
986 3027 1086 3114 ἐγγδς,
1108 3029 1160 3092 καί
1176 3024 1194 3092 δ
1208 3024 1301 3112 κῆρόξ
1316 3051 1354 3108 με
1368 3023 1477 3091 κελεῦει

275 3133 282 3148 ’
322 3127 541 3215 άπολογεῖσθαι.
585 3127 632 3193 Σδ
650 3131 690 3208 δέ,
717 3127 758 3205 οἷς
774 3132 947 3213 ἐπισταμένη
961 3128 997 3196 τά
1013 3127 1199 3215 άμφοτέρων,
1221 3125 1273 3194 τδν
1287 3125 1364 3212 όπέρ
1379 3125 1477 3212 άμφο-

320 3230 513 3316 τέρωνῆμτδυ
529 3231 632 3318 λόγον,
656 3230 760 3307 ιόςένα
777 3230 862 3312 όυτα,
884 3241 926 3322 τῷ
941 3240 1025 3322 κριτῇ
1041 3231 1238 3318 παράστησον.
1280 3227 1477 3314 Ἦδέμήτηρ
1539 3243 1540 3330 γ

320 3336 429 3418 ταχέως
449 3332 599 3400 αἰιοόσασα
622 3334 734 3400 τούτων
754 3333 808 3418 τὴν
827 3332 989 3420 Ὁμηρικὴν
1002 3333 1108 3411 ’Ἄϊδος
1127 3337 1236 3416 ιιυνέην
1257 3330 1361 3411 αὐτοῖς
1382 3335 1478 3418 περιέ-
1539 3343 1540 3412 ί

321 3446 412 3519 θηκε,
436 3436 512 3522 πρός
527 3435 559 3502 ιδ
575 3433 711 3520 άορότως
724 3440 863 3522 ἐκφυγεῖν
877 3437 930 3502 τόν
944 3437 1061 3523 κριτὴν,
1084 3440 1136 3503 καί
1149 3443 1328 3522 παραχρῆμα
1342 3433 1477 3500 άνασπά·

322 3561 396 3604 σασα
421 3537 531 3615 αῦτοδς
552 3543 592 3615 εἰς
613 3538 664 3605 τόν
686 3548 833 3622 νυμφῦνα
855 3537 1000 3626 είςήγαγε,
1030 3542 1082 3605 καί
1103 3538 1237 3605 όπέδωκε
1253 3547 1319 3615 τοῖς
1340 3541 1479 3604 θίαιποῦν
1539 3585 1540 3636 η

320 3645 469 3723 νυμφίοις.
518 3649 646 3708 Τοιαῦτα
670 3640 732 3725 9δή
757 3644 889 3728 λέγοντες
911 3645 963 3708 καλ
985 3641 1160 3727 πράττοντες
1183 3643 1234 3708 καί
1260 3643 1292 3707 ἐν
1317 3650 1382 3716 τοῖς
1403 3637 1478 3704 καθ’
1539 3645 1540 3710 λ

321 3739 402 3825 ημᾶς
419 3747 535 3825 κλίμασι
554 3752 606 3827 τῆς
621 3741 825 3821 Ῥοδανουσίας
842 3743 951 3820 πολλάς
965 3743 1164 3828 ἐξηπατήκασι
1178 3751 1337 3830 γυναῖκας,
1368 3745 1480 3820 αιτινες

321 3849 599 3931 κεκαυτηριασμέναι
615 3873 669 3929 την
684 3850 851 3930 συνείδησιν
868 3851 901 3912 αί
917 3848 970 3930 μὲν
986 3851 1037 3912 καί
1055 3851 1097 3923 είς
1117 3845 1250 3932 φανερόν
1266 3849 1481 3933 ἐξομολογοῦν-

321 3975 379 4026 ται,
402 3951 434 4014 αί
448 3950 479 4014 δέ
495 3948 721 4032 δυςωπουμευαι
733 3975 831 4028 τουτο
853 3945 948 4039 ηουχη
964 3951 997 4014 δέ
1011 3975 1076 4025 πως
1089 3947 1195 4025 ἐαυτας
1210 3944 1408 4030 αττηλπικυιαι
1420 3975 1481 4032 της
1539 3949 1540 4024 λ

321 4058 396 4134 ζωῆς
412 4058 465 4116 τοῦ
482 4058 573 4130 θεοῦ,
604 4055 679 4118 ἐνιαι
697 4052 749 4136 μίν
767 4054 808 4128 είς
823 4077 857 4116 το
849 4049 1009 4128 παντελές
1026 4049 1207 4135 άπέστησαν,
1238 4053 1312 4117 ἐνιαι
1330 4052 1364 4116 δέ
1382 4053 1479 4134 ἐπαμ-

321 4158 518 4242 φοτερίζουσι,
549 4151 653 4219 καί
620 4180 653 4219 το
677 4180 730 4237 της
752 4157 912 4240 παροιμίας
932 4151 1120 4234 πεπόνθασι,
1151 4152 1223 4238 μήτε
1244 4156 1299 4232 ἐξω
1322 4152 1396 4238 μήτε
1416 4157 1481 4222 ἐσω

354 4376 511 4428 ὓιν.11ῐ.-
528 4377 548 4426 1.
563 4371 705 4442 αότηντοιί.
715 4382 790 4464 λἠιει.
815 4383 875 4433 con·
942 4376 966 4432 4.
983 4381 1121 4445 προαιῦνος
1137 4382 1189 4431 τοῦ.
1204 4382 1282 4430 Pom.
1303 4395 1352 4446 ρεο
1374 4395 1484 4434 neuneu

320 4447 593 4508 πεπαλαίωκεν.
631 4443 795 4514 νυίροαότη.
907 4449 1284 4508 διατείνοιτεποειίπιειρτει.

353 4511 401 4562 ¹2.
394 4529 420 4561 ιο
404 4513 494 4562 οἱίιιίο
481 4531 520 4562 em
533 4512 621 4562 studiis
634 4521 692 4565 τιατ
706 4519 874 4568 αιπίίΒιΙΙευι.
941 4519 965 4567 5.
983 4518 1134 4584 προςαγωγῇ
1153 4517 1204 4567 ασελ
1223 4516 1299 4566 λέιιιί

353 4578 378 4630 3.
395 4579 546 4646 συκαμίνους
561 4583 611 4633 τοῦ.
628 4584 702 4634 Vena.
940 4581 966 4637 6.
982 4587 1034 4638 λοσε
1050 4587 1142 4638 dudum
1158 4586 1194 4634 ἐλα
1209 4591 1360 4636 mm
1374 4599 1406 4638 τε
1425 4591 1484 4641 Vct.
1539 4577 1540 4596 ¹
