3112 4984
309 289 372 352 250
733 299 856 353 δᾸΝὓΤΙ
872 299 1040 354 ΕΗΡΗΔΝΙΙ

307 419 473 502 ἐπιοκοιαῑς
493 414 585 484 αάτδν
603 419 777 497 ιιαταξιοῦν,
796 453 840 468 -
861 414 880 484 ά
896 418 928 483 δέ
944 417 1056 498 ἐφασκε
1072 415 1180 484 τοάτσν
1196 416 1282 502 χάριν
1297 425 1460 503 συνῆφθαι

306 523 359 586 καλ
378 522 465 609 ἐτέρφ
486 521 617 606 γυναικί,
639 517 722 596 λίποις
742 517 899 604 διαδράσοι
918 517 971 595 τάς
991 517 1089 586 αάτάν
1108 525 1293 604 χειροτονίας.

170 620 238 689 Κῑφ·
256 617 284 682 τ’·
389 620 473 688 Ἀλλά
486 620 622 704 ἐπάνειμι
635 619 689 704 τήν
702 618 852 707 ὑφήγησιν
864 629 918 704 τῆς
932 619 1007 688 κατά
1020 619 1073 687 τάν
1085 620 1268 708 πατριάρχητ
1280 619 1459 702 άποθέσειις

306 726 358 790 καί
377 722 471 792 αάτοδ
491 730 544 790 τοῦ
559 721 704 805 Ἰασήπον
725 726 768 799 τίς
784 710 953 806 τοάμφανές
968 721 1045 790 κατά
1061 723 1221 807 λεπτότητα
1237 733 1299 802 τοῖς
1315 727 1459 808 βουλομά-

307 851 371 903 νοις
387 824 570 912 ἐντυγχάνειν
585 824 636 890 διά
652 831 711 890 τολν
732 822 783 890 ὑπ’
801 827 915 891 ἐκείνου
930 822 1025 911 λόγων
1041 827 1108 908 ἐμοί
1123 828 1283 911 είρημίνων
1299 826 1459 910 ποιησάμε·

305 953 365 1005 νος.
410 930 471 992 Καλ
484 926 543 1011 ἤδη
557 927 620 1010 μλν,
642 924 684 1003 άς
699 929 811 1002 ἐκεῖνος
824 924 978 1012 άφηγιῖτο,
1000 933 1054 994 τοῦ
1069 926 1251 1014 πατριάρχου
1262 935 1387 1012 λουτροῦ
1403 955 1459 994 κα·

188 1065 239 1110 ηις.
248 1055 292 1097 ιεο.
306 1031 515 1112 ταξεονμίνου,
537 1027 587 1096 διά
601 1037 660 1094 τοῖν
674 1031 705 1096 ἐν
720 1037 785 1105 ταῖς
799 1027 912 1112 θάριιις
927 1025 1067 1113 άρμογοῖν
1081 1031 1150 1096 είοοι
1165 1030 1375 1114 παρατάττων,
1397 1056 1457 1114 φη-

305 1134 351 1211 σλ,
373 1130 534 1198 κατενόουν
544 1129 581 1196 τά
595 1128 657 1196 άπδ
674 1137 730 1196 τοῦ
744 1128 908 1196 ἐπισκήπτω
921 1135 962 1218 τῷ
976 1129 1138 1221 πατριάρχη
1149 1131 1304 1217 γινόμενα,
1324 1135 1366 1209 είς
1381 1141 1459 1198 νοῦν

305 1258 337 1299 τε
356 1235 477 1316 ἔλαβον,
505 1235 557 1298 καί
576 1230 646 1318 παρ’
668 1235 786 1321 ἐμαυτῷ
807 1229 1011 1315 ἐταμιευάμην.
1054 1236 1115 1298 Καλ
1136 1238 1258 1318 χρυσίου
1278 1231 1368 1318 άλιιήν
1388 1261 1457 1300 τινα

304 1333 488 1418 ἱκανωτάτην
504 1337 579 1417 ἐχειν
596 1333 677 1415 παρά
692 1343 775 1420 χεῖρα
793 1332 811 1400 ά
827 1331 917 1410 αάτδς
934 1332 1132 1420 πατριάρχης,
1161 1337 1291 1412 ἐκτείνας
1304 1333 1358 1419 τήν
1374 1343 1458 1421 χεῖρα

306 1439 436 1503 ἐπίδοικε
449 1443 490 1524 τῷ
506 1433 671 1524 ἐπιστάπγι,
693 1436 817 1517 φάσκον
830 1435 886 1514 δτι,
908 1433 1064 1521 Πράςφερι
1076 1433 1152 1519 άπέρ
1165 1439 1249 1518 ἐμοῦ.
1285 1441 1456 1524 Γέγραπται

304 1537 377 1625 γάρ,
407 1536 457 1604 διά
475 1545 537 1604 τάν
554 1538 666 1622 ίερέων,
676 1545 731 1602 τοῦ
747 1545 825 1606 θεοῦ
841 1536 1036 1619 δεσμεάισθαι
1050 1541 1102 1604 καλ
1115 1537 1240 1604 λάεοθαι
1255 1541 1305 1606 ἐπί
1320 1549 1373 1622 τής
1387 1547 1455 1626 γῆς,

306 1642 358 1706 καλ
375 1642 456 1705 ἐσται
468 1645 559 1704 ταῦτα
576 1641 716 1721 λελνμίνα
731 1641 781 1705 καλ
793 1641 935 1722 δεδεμένα
952 1641 984 1705 ἐν
1001 1647 1041 1728 τῷ
1056 1638 1184 1731 οάρανρῖ.
1225 1638 1277 1718 Ὦς
1291 1634 1348 1708 οὖν
1360 1650 1457 1706 ταῦτα

306 1740 458 1827 ἐπράχθη,
488 1742 579 1824 φησλ,
606 1743 657 1806 καλ
673 1738 834 1827 ἠνοίγησαν
848 1745 882 1806 αλ
897 1739 1010 1825 θάραι,
1039 1739 1172 1825 ήρωτάτο
1187 1739 1248 1809 άπδ
1264 1749 1324 1810 τάν
1340 1746 1458 1809 ἐπιστε-

306 1843 459 1925 πτομένων
475 1839 495 1908 ά
510 1840 692 1928 πατριάρχης
710 1851 774 1919 πῶς
790 1845 852 1926 ἐχοι
867 1841 919 1909 διά
936 1849 991 1908 τοῦ
1007 1843 1216 1927 βοηθήματοςς
1242 1846 1295 1912 ιιτέ
1312 1841 1457 1931 ιίμελάγει

305 1950 463 2022 καλλίονας
476 1947 561 2028 ἐχειν·
583 1946 634 2010 καλ
649 1944 704 2031 γάρ
716 1944 782 2035 ήδει
797 1944 815 2012 δ
829 1947 932 2032 ἐλεγεν.
964 1942 1089 2012 Ἔπειτα
1102 1947 1135 2011 δέ
1148 1943 1260 2032 ήμέρας
1273 1946 1328 2014 δύο
1341 1946 1362 2029 ή
1375 1957 1457 2032 τρεῖς

304 2047 357 2114 τδν
372 2045 511 2132 άριθμδν,
532 2044 673 2122 πολλάκις
687 2055 743 2112 τοῦ
754 2045 919 2114 ἐπισκόπου
932 2049 1180 2130 ἐπιοιεπτομένου
1194 2045 1289 2114 αάτδν
1301 2051 1333 2114 ἐν
1348 2051 1456 2133 ίατροῦ

306 2149 471 2236 προφάσει,
494 2146 677 2231 ἐκοιμήθηά
693 2148 873 2235 πατριάρχης
890 2147 961 2231 μετά
977 2157 1068 2233 καλής
1082 2148 1272 2230 άπιθέσειις,
1298 2150 1457 2235 παραδοὺς

305 2251 358 2318 τάν
370 2255 449 2318 ἴδιον
461 2249 529 2316 υίάν
542 2253 652 2334 κομιδή
665 2252 733 2316 νέον
744 2249 817 2316 ὄντα
827 2249 960 2339 Ἰωσήπφ
975 2275 1005 2316 τε
1015 2254 1069 2316 καλ
1080 2249 1158 2340 άλλρι
1171 2255 1226 2318 τινλ
1239 2249 1455 2318 ἐπιειιιιοτάτω.

310 2353 354 2420 Τά
376 2352 475 2419 πάντα
490 2357 590 2418 τοίνυν
608 2351 768 2438 ἐτράπετο
783 2349 833 2418 διά
851 2358 912 2418 τάν
927 2349 983 2418 δάο
1001 2349 1129 2433 τούτων,
1158 2353 1207 2420 διά
1222 2351 1256 2420 τά
1272 2356 1316 2419 ἐτι
1330 2351 1382 2420 τάν
1397 2379 1455 2420 κα·

305 2455 444 2542 τριάρχην
465 2459 560 2520 παῖδα
579 2453 650 2520 άντα
670 2453 836 2538 νηπιάζειν,
865 2456 916 2520 ταλ
937 2455 970 2520 ἐν
990 2457 1088 2540 χερσλν
1106 2453 1205 2522 αάτάν
1225 2454 1454 2542 άνστρέφεσθαι.

305 2555 354 2622 Ἐν
368 2557 463 2645 τοάτφ
478 2563 520 2646 τῷ
535 2564 629 2646 καιρῷ
645 2564 699 2641 τής
712 2561 847 2632 διανοίας
861 2562 916 2622 τοῦ
931 2553 1076 2639 Ἰωσήπου
1092 2559 1299 2641 ἐιογλονμένης
1314 2557 1456 2635 πολλάκις

306 2657 357 2724 διά
371 2666 430 2724 τῶν
440 2661 605 2743 γενομένων
618 2666 766 2742 μυστικῶν
778 2662 813 2726 ἐν
824 2685 860 2748 τη
872 2657 947 2724 κατά
960 2656 993 2725 τά
1003 2656 1129 2744 λοατρδν
1141 2657 1285 2726 άποθέσει
1298 2661 1455 2726 ἐσκέπτετο

306 2765 334 2826 τί
354 2759 392 2825 άν
413 2760 541 2846 πράξειε.
584 2763 645 2826 Kal
664 2754 702 2844 ήν
719 2764 810 2827 ἐκεῖσε
826 2764 1044 2846 γαζοφυλακίου
1061 2785 1105 2838 τις
1123 2758 1206 2838 οίκος
1222 2763 1457 2847 ἐσφραγιομέτυς

308 2861 399 2940 (Ιάζα
414 2863 448 2927 δδ
461 2860 651 2948 ἐρμηνεάεται
665 2861 739 2929 κατά
753 2862 807 2946 τήν
820 2860 961 2946 Ἑβραλδα
976 2861 1153 2948 Θησανράς).
1200 2869 1325 2929 Πολλάν
1338 2864 1372 2929 δέ
1384 2873 1454 2929 πολ-

307 2961 343 3028 λά
361 2965 581 3046 διανοουμένων
601 2966 670 3050 περί
691 2971 744 3030 τοῦ
760 2969 977 3050 γαζοφυλακίου
997 2963 1104 3030 τούτου
1125 2962 1175 3030 διά
1194 2962 1249 3047 τήν
1265 2969 1414 3050 σφραγῖδα
1435 2963 1456 3030 ά

305 3061 447 3148 Ἰάσηπος
460 3063 627 3148 λεληθότως
641 3065 788 3150 τολμήσας
803 3064 916 3149 ήνοιξε,
938 3068 991 3132 κτλ
1008 3058 1092 3150 εὗρεν
1105 3063 1193 3132 οάδέν
1208 3065 1361 3150 χρημάτων
1375 3064 1456 3149 πλήν

307 3170 428 3249 βίβλους
440 3167 494 3245 τάς
506 3166 582 3254 άπέρ
594 3167 737 3254 χρήματα.
767 3166 986 3254 ’Λναγινάσκοιν
1001 3169 1035 3234 δέ
1046 3171 1078 3234 λυ
1092 3167 1223 3246 ταάταις,
1240 3165 1281 3245 τίς
1293 3167 1350 3250 ήδη
1362 3170 1455 3250 ἐφην,

306 3266 341 3334 κδ
360 3268 435 3335 κατά
450 3267 590 3354 Ἰαάυνιμι
608 3268 774 3357 ευάγγέλιον
792 3269 854 3336 άπδ
873 3267 1012 3346 Ἑλλάδος
1030 3272 1071 3345 εές
1085 3266 1226 3355 Ἑβραΐδα
1243 3267 1348 3352 φωνήν
1368 3295 1456 3352 μετα-

307 3373 425 3454 ληφθέν
438 3371 564 3459 ηὕρετο,
585 3375 638 3438 καλ
653 3370 707 3448 τάς
722 3380 782 3438 τοῖν
795 3371 980 3438 Ἀποοτάλαν
996 3371 1134 3458 Πράξεις.
1180 3369 1226 3438 Οιί
1241 3371 1301 3454 μήν
1314 3369 1387 3438 άλλά
1402 3376 1457 3440 καλ

306 3470 340 3538 vo*
363 3473 438 3540 κατά
455 3481 622 3542 Ματθαῖον
636 3472 796 3560 Ἑβραϊιιάν
815 3473 933 3554 Ιιρυτδν
951 3477 984 3540 ἐκ
1000 3472 1114 3540 τοάταν
1130 3471 1275 3558 α’ναγνοιλς
1293 3472 1381 3540 πάλιν
1399 3475 1458 3558 τήν

307 3573 442 3641 διάνοιαν
459 3577 607 3662 ἐτρύχετο,
637 3575 784 3662 άσχάλλων
799 3577 852 3659 μέι
867 3601 931 3653 πως
945 3579 1012 3660 περλ
1032 3583 1086 3659 τῆς
1103 3580 1226 3652 πίστεως
1239 3583 1295 3642 τοῦ
1311 3583 1457 3660 Χριστοῦ,

306 3673 364 3758 ήδη
378 3679 410 3743 δέ
423 3681 457 3744 ἐκ
469 3678 524 3746 δάο
539 3677 711 3746 άποθέοειον
722 3677 970 3762 άπονυττάμενος,
990 3685 1042 3761 τῆς
1055 3685 1116 3743 τοῖν
1128 3681 1249 3766 βιβλίαν
1261 3673 1459 3764 άναγνιάσεας

306 3779 358 3844 καλ
377 3787 430 3862 τῆς
450 3787 505 3846 τοῦ
527 3781 709 3868 πατριάρχου
731 3787 948 3869 μνστογαγίας,
976 3779 1058 3866 ὅμως
1077 3786 1113 3870 τῇ
1134 3784 1241 3869 ιιορδίρ
1262 3779 1457 3867 ἐσκληράνετο

307 3877 357 3946 οἷα
378 3886 495 3966 γίνεται.

172 3988 239 4059 Κεφ.
257 3989 287 4056 ζ.
396 3979 469 4058 ι’.Ως
484 3985 517 4049 δέ
532 3987 565 4050 ἐν
578 3984 694 4062 τούτοις
709 3989 906 4068 κατετρίβετο,
927 3982 1084 4070 άδράνεττι
1098 3982 1116 4050 ά
1131 3993 1202 4062 παῖς
1214 3981 1233 4050 ά
1246 3987 1460 4064 καταλειφθελς

307 4083 367 4150 mco*
381 4081 484 4166 Ἐλλήλ
500 4087 542 4161 είς
559 4091 751 4173 πατριαρχίαν
762 4086 952 4172 τρεφόμενος·
975 4084 1074 4163 οάδελς
1089 4085 1145 4173 γάρ
1163 4085 1248 4163 άλλος
1262 4083 1385 4171 άρπάζει
1402 4087 1460 4165 τάς

307 4185 398 4272 άρχάς
414 4184 495 4270 παρά
510 4195 573 4264 τοῖς
585 4186 750 4269 Ἰουδαίοις,
772 4186 842 4254 άλλά
855 4187 919 4268 νίὸς
932 4190 1044 4276 πατέρα
1057 4191 1228 4272 διαδίχετειι.
1267 4185 1320 4264 Ὦς
1333 4181 1391 4256 οὖν
1405 4191 1461 4256 ἐπὶ

188 4321 238 4368 ρει.
252 4311 295 4357 ιιι.
307 4286 341 4355 τά
357 4284 483 4371 άτμαῖον
497 4295 550 4371 τής
565 4285 679 4371 ήλικίας
694 4289 711 4356 ά
727 4293 794 4368 νέος
806 4289 924 4376 ήρχετο,
945 4294 1197 4377 προςεφθείροντο
1210 4287 1289 4380 αάτγλ
1302 4313 1381 4367 τινες
1393 4290 1460 4374 ήλι.

307 4415 357 4466 κες
372 4388 458 4477 άργοέ
472 4393 522 4456 καλ
536 4389 643 4467 ἐθάδες
658 4399 767 4457 κακῶν·
789 4391 862 4478 τάχα
877 4393 911 4460 δέ
926 4389 1010 4476 οἶμαι
1023 4391 1139 4472 Ἰούδας
1152 4386 1239 4484 οὗτος
1254 4393 1394 4473 ἐκαλεῖτο,
1418 4392 1462 4460 οά

343 4529 509 4584 cn.v1.-
528 4533 549 4585 λ.
566 4533 606 4584 Sic
618 4533 680 4583 λλδτί.
707 4534 813 4584 Fortem
824 4534 981 4597 τιμοιιτιιδυοι
998 4529 1080 4588 τύπον.
