3080 5002
375 361 510 415 rinnau
528 361 591 413 cre.
607 363 625 412 t.
642 358 724 413 runt.
739 359 782 413 ru.
801 359 898 411 nnuc.
914 359 997 411 xctr.
1202 349 1263 411 647

196 481 301 548 llelut.
322 479 365 548 lll
381 493 411 546 et
423 479 482 546 Xl.
519 479 552 547 Si
571 481 655 546 huius
672 481 762 546 seculi
777 481 923 566 principes
938 491 1007 544 sunt
1021 481 1119 562 multi,
1142 481 1189 566 qui
1202 483 1264 566 qui-

106 587 173 650 dem
192 597 389 666 evacuantur,
414 605 472 649 non
494 584 581 648 trium
602 581 724 669 amplius
744 581 977 668 principiorum,
1000 579 1134 663 Marcio,
1158 585 1264 672 stirpes

105 711 142 753 ac
161 687 276 752 radices
294 685 434 773 indagare
453 687 586 771 cogeris,
618 688 670 750 sed
693 685 778 750 aliam
799 685 979 748 comminisci
1002 686 1145 766 salsulam,
1176 698 1263 772 etque

105 791 264 856 multorum
287 791 322 855 ad
341 789 554 876 Principiorum
577 801 607 853 et
631 789 778 868 radicum,
810 800 840 851 et
862 787 988 872 ingentis
1006 787 1126 852 alicuius
1145 799 1262 874 tragoe-

104 895 172 959 diae
190 893 406 978 inquisitionem
431 902 459 956 te
482 901 669 956 convertere.
717 887 850 976 Cumque
873 889 973 953 nescio
996 890 1062 974 quid
1081 891 1261 958 calumniose

103 995 272 1074 struxeris,
305 1015 399 1080 neque
426 995 502 1058 eninr
527 995 661 1058 invenire
686 993 796 1079 poteris
818 994 1057 1077 quemadmodum
1083 994 1173 1058 verba
1198 995 1259 1076 illa,

104 1107 165 1182 (lui
177 1111 365 1173 moueantur,
398 1099 620 1176 accommodes,
653 1119 693 1161 en
715 1097 770 1160 hoe
788 1096 853 1182 ipso
868 1099 1025 1158 mercandi
1037 1096 1179 1162 vocabulo
1196 1110 1261 1164 ruat

101 1205 153 1269 illa
172 1221 294 1267 necesse
311 1211 368 1282 est,
392 1221 477 1285 mum
492 1199 591 1285 fingis,
614 1197 829 1284 Principiorum
846 1199 948 1277 radix,
974 1219 1079 1262 carens
1095 1200 1159 1286 ipso
1175 1198 1260 1265 Prin·
1393 1194 1398 1205 '

102 1307 193 1392 cipio.
239 1302 383 1389 Quicquid
403 1303 479 1366 enim
498 1302 606 1366 desinit
621 1302 792 1386 aliquando,
823 1303 1030 1385 sempiternum
1050 1323 1117 1366 csse
1135 1324 1192 1367 non
1208 1327 1258 1390 pc

100 1419 181 1472 test:
206 1411 256 1472 sed
276 1407 300 1470 si
318 1406 489 1493 principium
507 1405 621 1489 aliquod
640 1405 715 1468 unde
730 1423 797 1468 esse
814 1405 910 1489 coepit
927 1403 1076 1484 habuerit,
1107 1407 1196 1470 linem
1214 1409 1258 1471 in-

100 1531 193 1597 super
216 1510 368 1574 obtinebit.
414 1505 495 1572 Fieri
518 1507 621 1595 quippe
644 1508 744 1591 nequit
766 1518 798 1570 ut
820 1508 895 1590 quod
915 1507 1085 1592 principium
1103 1508 1192 1573 hahet
1207 1533 1258 1596 pe-

99 1635 195 1678 renne
218 1613 257 1677 sit
278 1633 313 1676 ec
332 1621 515 1697 perpetuum.
562 1609 679 1695 Alioqui
699 1609 765 1694 quid
784 1609 853 1672 illud
867 1609 924 1680 sibi
941 1609 1031 1673 vellet
1047 1612 1122 1695 quod
1139 1611 1255 1695 dicitur,

99 1718 130 1780 id
154 1717 231 1801 quod
254 1727 300 1780 est
319 1716 466 1780 clusense
483 1731 617 1776 caussam
634 1714 709 1797 quod
725 1712 878 1797 aliquando
895 1733 953 1775 non
971 1713 1059 1776 luerit
1076 1725 1107 1778 et
1123 1736 1190 1781 esse
1207 1719 1256 1782 de·

99 1839 180 1882 mum
198 1817 349 1903 coeperit?
393 1815 519 1903 idipsum
537 1835 626 1900 porro
642 1816 717 1900 quod
738 1825 800 1893 cst,
825 1825 908 1901 pater
925 1826 1015 1880 estet
1033 1817 1128 1897 lilius,
1153 1830 1182 1884 et
1195 1806 1257 1907 'spi-

98 1921 326 1985 ritossanctus.
372 1915 481 1984 Cetera
499 1919 614 1998 omnia,
647 1937 720 2002 quae
740 1918 854 1982 condite
878 1929 964 1998 suut,
996 1921 1256 1988 nouesscdicuu·

99 2037 166 2104 tur,
198 2043 273 2109 quae
293 2044 310 2086 a
327 2019 476 2108 Principio
494 2022 618 2106 quodam
638 2030 732 2084 ortum
751 2020 930 2101 habuerunt;
961 2021 1039 2086 inter
1055 2045 1131 2108 quae
1148 2027 1254 2090 malum

97 2129 189 2193 etiam
207 2127 281 2211 quod
299 2125 405 2190 dicitur
416 2125 602 2190 referendum
618 2133 675 2202 est,
699 2123 803 2188 melum
817 2124 934 2209 inquam
950 2126 1024 2209 quod
1040 2126 1075 2188 ab
1091 2125 1255 2194 hominibus

97 2233 158 2296 ianr
174 2223 312 2294 inlunem
327 2229 413 2294 editis
426 2239 569 2312 tamquam
585 2249 601 2290 c
616 2225 758 2311 principio
772 2229 912 2306 manavit,
937 2249 1000 2290 cum
1015 2239 1044 2292 et
1058 2229 1112 2314 ipsi
1125 2233 1255 2315 quaudo-

96 2353 156 2419 que
181 2353 239 2396 non
264 2332 389 2410 luerint,
424 2341 455 2398 et
477 2341 537 2392 tum
558 2349 625 2393 csse
648 2327 753 2392 malum
776 2329 906 2414 coeperit
928 2351 992 2393 com
1018 2341 1046 2394 et
1069 2333 1171 2415 homo,
1205 2337 1253 2421 qui

96 2445 186 2502 antea
202 2455 259 2500 uon
275 2444 350 2516 erat,
375 2433 517 2518 originem
532 2433 656 2517 accepit.
704 2427 804 2514 Quare
820 2431 919 2495 veniet
938 2443 1049 2519 tempus
1067 2456 1131 2499 cum
1146 2439 1252 2503 mulum

97 2539 222 2624 amplius
248 2559 307 2601 non
330 2538 402 2617 erit,
435 2557 498 2600 cum
519 2532 648 2620 Principi
669 2534 724 2620 ipsi
747 2532 864 2597 minime
886 2535 962 2598 istud
987 2537 1144 2622 placuerit,
1175 2543 1250 2625 quod

95 2653 193 2706 ortum
213 2639 387 2725 aprincipio
406 2639 498 2724 ipsum
519 2639 548 2702 iu
566 2637 707 2701 malorum
724 2657 845 2701 numero
861 2649 946 2723 atque
962 2639 1063 2705 ordine
1081 2643 1249 2710 collocarat.

95 2742 193 2829 lgitur
209 2763 267 2806 non
285 2742 379 2806 solum
395 2752 461 2826 post
476 2761 630 2827 corpomm
649 2741 895 2804 resurrectionem
915 2742 1046 2823 desinet,
1071 2746 1122 2809 sed
1139 2745 1250 2812 iamdu-

95 2849 163 2910 dum
181 2845 217 2908 ab
234 2844 297 2931 ipsa
314 2845 387 2929 legis
405 2843 652 2931 promulgatione,
677 2843 735 2906 imo
752 2854 820 2908 ante
838 2845 931 2929 legem
948 2846 1040 2931 ipsam
1058 2849 1087 2910 in
1105 2847 1251 2936 plerisque

94 2947 201 3026 desiit,
233 2949 281 3032 qui
306 2948 394 3011 dmm
416 2969 499 3012 suam
520 2967 560 3010 cx
583 2945 724 3011 naturalis
745 2947 819 3032 legis
838 2949 1018 3035 praescripto
1038 2961 1247 3036 temperarunt.

95 3049 157 3116 Sed
178 3050 267 3114 multo
288 3051 380 3134 magis
398 3059 463 3136 post
481 3046 591 3114 Christi
610 3049 765 3114 salvatoris
785 3051 958 3130 adventum,
991 3053 1166 3137 aeducique
1185 3067 1251 3141 post

93 3163 276 3218 mortuorum
299 3151 560 3217 Resurrectionem
582 3152 669 3238 louge
692 3152 719 3216 id
743 3152 915 3216 cumulatius
939 3154 1062 3218 accidet.
1109 3153 1249 3238 Quando·

96 3257 214 3342 quidem
238 3259 421 3318 Semincntur·
442 3261 471 3318 r'n
494 3261 689 3338 corruptione,
721 3267 845 3336 surgunt
861 3269 952 3318 uatem
974 3261 1003 3318 in
1025 3261 1244 3340 incoruptione,
1262 3280 1344 3326 r-cer.

94 3379 151 3423 nec
172 3357 277 3421 malum
301 3357 422 3443 amplius
446 3368 630 3444 perpetrant,
663 3376 756 3442 neque
777 3358 951 3423 moriuntur.
996 3361 1042 3426 Ac
1065 3373 1246 3428 cessaturum
1261 3331 1337 3388 Μ

93 3461 210 3546 quidem
227 3461 344 3524 omnino
363 3461 469 3524 malum
485 3461 585 3525 eadem
601 3460 649 3524 ille
665 3459 789 3545 aposloli
804 3471 928 3526 testatur
943 3465 1055 3529 oratioe
1086 3471 1247 3548 Prrncr'pmn

92 3567 179 3625 laius
195 3567 300 3638 seculi,
324 3569 567 3645 pru'eoccunntur.
614 3561 736 3647 Exque
754 3585 859 3628 vanum
877 3547 955 3628 tuum¹
972 3565 1041 3631 illud
1058 3568 1161 3653 dogma
1176 3591 1246 3634 eon-

92 3665 182 3744 cidit,
215 3663 348 3730 Marcio!
385 3669 459 3753 quod
477 3666 615 3755 opinione
631 3665 694 3730 ecla
711 3665 866 3730 ccollctum
885 3668 1029 3751 mendox,
1063 3672 1243 3753 inconstans,

89 3765 258 3853 rationique
280 3769 398 3834 minime
420 3782 648 3836 cousentaneum
672 3779 728 3834 cst.

178 3869 280 3935 Schol.
300 3869 342 3936 lV
362 3881 392 3935 et
408 3869 482 3936 ΧΙΙ.
518 3871 664 3960 Scriptum
694 3881 740 3936 est
764 3869 858 3936 enims
893 3877 951 3953 Qec·
970 3882 1177 3958 comprehendit
1197 3901 1244 3942 sc·
1257 3899 1381 3958 cipum.

86 3979 200 4056 pientes
213 3979 244 4036 in
257 3978 363 4037 astruit
377 3997 483 4038 eorum
531 3973 569 4040 Et
585 3979 706 4041 iterumc
731 3979 865 4040 llomrirur
878 3983 957 4042 nouit
967 3987 1139 4063 cognitiones
1155 3983 1242 4045 domi·
1255 4005 1312 4050 tete.
1323 4007 1355 4053 ar.

89 4099 173 4152 mern,
197 4083 264 4159 puris
285 4099 372 4142 cunae
392 4091 469 4142 sunt.

166 4178 281 4252 ‚neruo
301 4178 345 4246 lV
367 4191 398 4245 et
418 4178 492 4245 ΧΗ.
528 4179 608 4247 lstud
634 4182 745 4270 ipsumc
777 4187 919 4266 Scriptum
945 4201 989 4250 est
1011 4200 1064 4251 etc.
1098 4191 1134 4254 ad
1158 4213 1240 4257 usum

88 4419 140 4473 qua
162 4401 283 4471 placuerit
304 4403 340 4456 illi
362 4403 429 4487 quud
455 4413 508 4468 ert,
536 4403 651 4473 quodque
699 4401 743 4484 Ι5.
765 4405 831 4486 dldrl
853 4411 922 4471 culpo
946 4409 1095 4478 cumpton.
1136 4415 1240 4484 „acqua

89 4489 178 4524 censse
194 4471 288 4524 lactum
301 4483 339 4524 eet
351 4491 402 4524 erus
419 4479 468 4525 cett.
502 4477 577 4538 Neque
596 4477 652 4524 Cur»
685 4475 751 4523 σιω*
766 4479 833 4522 mnu
849 4477 982 4528 comeum.

87 4543 175 4662 pm
189 4553 262 4606 nsque
274 4541 384 4595 Petuntur
400 4545 461 4594 lunc
476 4546 552 4596 turum
565 4545 652 4593 intelte-
719 4539 744 4594 6.
762 4535 821 4594 ὄντα
833 4545 884 4594 ccd.
898 4547 970 4597 Vctts.
994 4540 1099 4620 ἄρχοντα
1113 4553 1166 4604 titrrt
1176 4555 1239 4606 edttt.
