3112 4984
394 307 530 362 renutu
547 309 610 362 tre.
621 309 641 360 r.
657 307 738 360 uon.
751 309 784 360 tt
800 307 899 362 utun.
909 307 998 359 xxx.
1210 298 1271 360 tot

122 423 329 514 Ephrainriqce
346 427 530 494 solitudinem
550 428 588 492 ab
605 425 677 492 urbc
694 425 895 492 Hierichuntis
912 427 947 490 sd
964 427 1104 492 montium
1122 427 1190 512 iupa
1208 439 1273 492 ten·

120 530 197 594 denti
219 530 290 594 mihi
312 531 448 596 comitem
472 551 504 595 so
528 529 641 594 itineris
660 523 805 593 adiunxitss
850 528 928 592 Huic
947 550 1003 612 ego
1020 551 1084 592 curn
1104 531 1140 594 de
1161 527 1272 596 Christi

118 632 225 696 domini
240 633 368 698 adremo
383 632 522 698 nonnulla
536 649 741 716 proponerem,
760 630 839 694 nulio
852 631 881 694 in
897 651 931 693 re
944 631 1175 696 contradicebat.
1204 629 1273 715 Qun

118 753 150 796 re
166 734 323 817 plurimum
338 734 510 812 admiratos,
535 732 601 818 quid
617 752 742 796 caussae
756 732 872 796 undem
890 743 971 794 essct
985 732 1130 796 hominem
1145 734 1272 796 interro·

117 836 184 918 qaui
208 838 254 916 (et
271 847 334 900 erat
350 834 459 920 alioqui
477 834 552 918 lepis
568 855 639 898 suae
656 833 785 920 peritus,
819 853 853 897 cc
872 833 1035 918 disputandi
1052 855 1124 898 sane
1142 855 1201 898 non
1218 857 1273 898 ex·

117 941 220 1021 pers),
250 959 305 1001 cur
322 937 440 1022 inquam
458 937 528 1002 mihi
550 936 620 1001 nihil
638 937 848 1021 responderet,
878 955 914 1000 ac
933 937 969 1000 do
989 932 1110 1001 Christo
1130 933 1199 1000 iesu
1220 939 1272 1000 do·

117 1039 197 1105 tninc
220 1051 324 1104 nostro
345 1039 414 1102 mihi
435 1039 628 1104 consentiret.
673 1038 720 1104 Ad
743 1057 817 1122 quae
836 1037 878 1102 iili
896 1037 1037 1115 subiecit,
1068 1037 1272 1102 moribundum

117 1159 150 1204 re
168 1143 342 1226 quandoque
359 1162 377 1206 a
394 1139 512 1204 inducis
526 1139 705 1204 insusurrari
719 1138 774 1204 sibi
790 1139 820 1202 in
835 1159 935 1204 aurem
951 1139 1058 1203 leviter
1074 1140 1205 1219 audisse,
1227 1144 1272 1200 Ie-

118 1263 167 1304 rru
183 1247 315 1304 Christus
332 1246 490 1324 crueffim
507 1246 648 1323 der‘filrhs
663 1246 698 1304 de
715 1253 742 1304 tr
758 1245 902 1304 rirdr'echr‘t.
949 1237 1009 1306 Sed
1028 1241 1100 1306 hnec
1117 1241 1269 1321 hactenus,
1407 1231 1414 1254 ⁸

118 1346 193 1428 quod
217 1346 252 1408 ud
272 1365 335 1408 rem
355 1354 539 1431 praesentem
562 1345 681 1421 attinet,
704 1363 810 1408 revera
833 1352 864 1406 ut
886 1344 1053 1428 accepimus
1072 1344 1148 1408 dicta
1169 1355 1269 1408 sunto.

202 1444 307 1510 Redeo
323 1445 382 1512 ianr
398 1447 434 1511 ad
451 1443 620 1530 losephum.
664 1441 694 1508 is
714 1467 778 1510 com
797 1444 827 1508 in
846 1445 949 1509 morbo
966 1447 1061 1510 adhuc
1078 1456 1175 1523 esset,
1207 1458 1237 1508 et
1254 1467 1269 1508 a
1290 1463 1399 1530 ccpnx.

118 1547 238 1610 seniore
255 1549 333 1612 inter
349 1549 404 1613 alia
422 1548 494 1612 haec
510 1567 584 1632 quae
599 1547 726 1611 diximus
743 1548 922 1625 inaudisset,
952 1551 1032 1609 lesus
1049 1551 1179 1610 Christro
1194 1553 1229 1610 de
1246 1561 1273 1610 te

119 1651 274 1724 incendit,
308 1651 436 1714 animum
457 1649 643 1714 nibilominus
660 1649 841 1714 obfirmabut.
887 1645 981 1732 igitur
1000 1648 1134 1713 dominns
1157 1669 1209 1734 pro
1227 1651 1271 1714 in·

117 1751 200 1835 penti
222 1773 276 1818 soa
299 1771 370 1836 erpa
389 1751 521 1816 homines
541 1749 742 1814 misericordia
760 1750 865 1814 iterum
883 1752 910 1814 ei
928 1772 961 1814 se
980 1751 1009 1816 iu
1027 1752 1138 1816 somnis
1156 1752 1269 1826 obiicit,

120 1858 223 1935 Teque,
244 1853 297 1933 ait,
313 1857 434 1916 sanitati
444 1859 581 1916 restr'tuc:
603 1874 692 1932 surge
707 1857 788 1916 medo
803 1865 833 1914 et
844 1874 920 1915 nunc
934 1857 1041 1916 deorum
1056 1858 1174 1916 creduto
1210 1852 1271 1918 Ve-

116 1975 182 2018 rum
199 1954 248 2018 ubi
264 1955 424 2034 convaluit,
448 1975 486 2020 ne
502 1965 562 2018 tum
575 1955 689 2040 quidem
705 1953 837 2018 credidit.
882 1951 993 2020 lterum
1009 1975 1081 2038 ergo
1097 1967 1271 2040 recuperata

115 2057 176 2120 ium
193 2057 319 2120 sanitate
338 2057 504 2142 pervisum
524 2056 551 2122 ei
569 2055 702 2120 dominus
721 2056 862 2136 offertur,
890 2066 922 2121 et
939 2056 1015 2142 qaod
1033 2057 1159 2122 nondum
1175 2059 1270 2122 oredi-

116 2159 211 2222 disset
228 2169 360 2224 accusat.
406 2155 478 2224 inde
494 2156 671 2243 amplissima
687 2160 826 2243 quaedam
846 2156 1018 2244 promittens
1035 2159 1078 2222 sic
1095 2158 1268 2244 alloquitur:

121 2264 159 2322 Ut
173 2261 236 2334 riti,
261 2261 373 2344 inquit,
396 2265 431 2322 de
444 2264 592 2341 relegebat&
607 2263 752 2341 meuefide
766 2272 889 2334 comtet,
913 2263 1031 2341 siquod
1045 2264 1074 2322 in
1087 2265 1198 2322 nornr'rre
1210 2283 1270 2322 oreo

114 2366 280 2443 prodigium
294 2365 409 2447 efficere
423 2366 556 2436 uoluen'e,
581 2367 712 2443 nrerpmtnr
726 2367 834 2436 ὑιυοοα,
859 2384 912 2442 ego
927 2363 1149 2442 trbiprrnertubu.
1195 2359 1270 2425 Erat

115 2465 147 2527 in
161 2464 236 2528 urbe
252 2463 411 2528 Tiberiade
426 2464 554 2528 furiosus
569 2463 695 2548 quidam,
719 2464 796 2527 nudo
811 2483 935 2548 corpore
950 2463 1197 2542 circumcursans,
1220 2464 1269 2549 qui

115 2586 182 2629 eam
201 2566 319 2650 saepius
334 2565 522 2645 indueretur,
544 2576 578 2630 ut
592 2564 735 2629 eiusmodi
752 2563 899 2628 hominum
916 2585 979 2629 uros
997 2575 1062 2644 est,
1085 2557 1184 2629 restes
1200 2587 1270 2630 suas

115 2667 279 2731 iacemhat.
309 2664 342 2730 in
357 2686 393 2730 eo
406 2665 550 2751 Iosephus
564 2687 640 2751 quae
653 2687 706 2751 per
719 2666 813 2731 visum
827 2678 980 2752 acceperat
994 2666 1126 2751 experiri
1138 2668 1270 2751 gestiens

114 2769 251 2832 dubitare
275 2778 371 2833 umen
391 2768 539 2846 nonnihit,
570 2790 606 2833 ac
624 2769 734 2853 pudore
752 2768 908 2833 retardari.
954 2765 1134 2834 Confirmato
1153 2772 1268 2833 tnndun

115 2870 215 2934 animo
236 2870 314 2934 intra
336 2871 426 2934 aedes
448 2870 580 2948 adducit,
610 2881 640 2934 et
655 2870 782 2935 occlusis
799 2871 912 2936 iuribus
926 2891 1033 2956 equom
1050 2869 1183 2936 manibus
1200 2872 1270 2935 huu-

114 2971 216 3050 fiens,
249 2981 280 3035 et
296 2980 442 3036 amentem
458 2970 538 3036 ilium
558 2993 646 3036 cruce
664 2973 866 3058 consignatum
884 2993 1063 3058 aspergens,
1093 2978 1128 3036 ln
1145 2978 1408 3048 commeruere.

113 3072 223 3157 inquit,
246 3077 312 3134 lesu
326 3076 479 3136 anorenr'
490 3077 627 3154 munifici
639 3079 697 3150 eei,
721 3079 847 3151 doemon,
870 3077 907 3138 ab
921 3079 974 3138 hoe
987 3079 1106 3149 huncne,
1131 3079 1209 3156 r'rque
1221 3095 1268 3136 su·

112 3197 169 3237 nus
180 3186 253 3237 erto.
294 3173 342 3238 Ad
356 3175 429 3238 haec
444 3173 495 3239 ilic
510 3175 676 3240 vociferans
691 3187 723 3240 et
736 3177 813 3240 humi
830 3177 1036 3262 procumbens,
1059 3185 1146 3260 atque
1162 3196 1201 3239 ex
1215 3195 1267 3240 ore

112 3297 234 3362 spumas
248 3296 340 3362 agens
353 3295 480 3360 seseque
493 3276 636 3342 diicnianu
651 3276 700 3342 diu
714 3278 875 3363 permansit
887 3275 1054 3355 immobilis,
1075 3286 1107 3340 nt
1121 3287 1266 3340 mortuum

112 3379 174 3442 ian
187 3398 257 3442 esse
268 3375 411 3463 Iosephus
425 3379 571 3459 crederet,
588 3380 681 3446 donec
694 3380 849 3444 interiecto
862 3379 953 3444 borae
965 3379 1061 3466 spatio
1074 3376 1185 3442 ruitum
1201 3397 1267 3463 per·

112 3479 225 3544 fricans
241 3481 386 3544 surrexit.
432 3477 510 3544 Tum
527 3501 560 3545 ue
580 3482 686 3546 nudum
704 3481 941 3546 animadvertens
959 3480 1107 3544 occultare
1125 3498 1161 3542 ne
1173 3478 1267 3541 mani·

111 3581 168 3646 bns
183 3581 317 3666 pudenda
333 3591 506 3668 protegere,
531 3602 567 3646 eo
584 3603 617 3646 se
634 3583 731 3647 habitu
746 3583 879 3668 corporis
893 3601 961 3646 esse
977 3578 1154 3667 permoleste
1172 3580 1263 3644 ierre.

112 3679 251 3768 lienique
269 3694 352 3748 reste
369 3683 405 3748 ab
420 3683 547 3770 losepho
563 3705 605 3749 ex
620 3684 657 3749 iis
671 3705 793 3768 quarum
810 3685 894 3769 oopiu
910 3693 975 3748 erat
989 3681 1114 3761 iniecta,
1145 3681 1200 3746 sibi
1218 3703 1265 3746 rc·

110 3783 234 3849 uinctus
247 3783 402 3868 animoque
418 3786 596 3871 compositos
612 3807 732 3872 magnes
743 3785 783 3848 iili
799 3785 957 3851 secuudum
971 3787 1051 3846 deum
1065 3785 1175 3868 gratim
1191 3784 1263 3870 egit,

111 3884 197 3950 ouius
216 3905 250 3949 rc
268 3885 411 3952 beneficio
431 3886 584 3952 liberatum
602 3898 795 3971 agnosceret,
827 3887 1008 3972 eundemque
1028 3895 1088 3950 tota
1108 3886 1181 3952 urbe
1198 3907 1264 3970 pcr-

109 3985 256 4072 rniqavit.
301 3984 347 4051 lta
363 3986 537 4054 iudaeorum
552 3988 680 4054 omniurn
695 3989 743 4072 qui
756 3988 822 4053 istic
837 3999 923 4052 erant
935 4007 1023 4052 sures
1039 3987 1171 4053 miraculi
1186 3987 1264 4052 iilius

109 4089 188 4152 iana
207 4089 350 4174 perursit.
394 4088 446 4153 Ex
465 4111 522 4174 qno
540 4113 641 4158 rumor
657 4091 763 4174 ingens
778 4089 975 4175 percrebruit,
998 4090 1040 4154 ita
1054 4089 1112 4154 iliis
1129 4088 1264 4154 iactanti·

109 4189 185 4254 bns:
211 4187 355 4276 iosephus
369 4201 472 4277 aperto
486 4193 698 4279 gazophylacio
712 4193 851 4278 scriptum
869 4191 917 4256 dei
935 4212 1041 4256 nomen
1056 4189 1188 4269 inuenit,
1212 4211 1264 4252 eo-

109 4311 169 4376 que
186 4291 265 4356 lecto
282 4291 403 4356 mirifica
420 4305 553 4378 portenta
571 4315 605 4360 nc
621 4293 752 4379 prodigia
768 4293 847 4358 iacit.
891 4292 997 4380 Neque
1015 4295 1088 4358 iahso
1107 4293 1164 4358 istc
1181 4292 1264 4355 diffe-

107 4391 264 4473 rebantur,
283 4393 338 4457 etsi
353 4415 411 4458 nco
426 4415 462 4459 ec
476 4415 533 4481 quc
546 4396 587 4460 iili
601 4396 824 4483 suspicabuntur
834 4398 920 4460 modo
935 4397 1130 4482 contigerant.
1167 4391 1264 4457 luter-

140 4525 169 4581 e
186 4527 294 4595 oum
310 4531 362 4580 roc.
379 4533 452 4582 rure.
485 4529 582 4599 ικρυψι
596 4535 648 4585 eru
664 4535 761 4597 eruere.
776 4539 799 4584 u
814 4509 871 4584 mur
885 4535 947 4584 rurs

161 4609 442 4668 usp-utemur.
1021 4621 1060 4682 Π
