3078 5012
308 414 555 467 psusennes.
573 415 654 468 rom.
667 417 710 467 ιιι.
729 411 826 467 unns.
840 416 922 467 xnn
1130 403 1189 469 593

29 592 36 604 ,
63 599 70 608 ,
92 540 222 598 sommum
236 539 371 598 homimem
387 557 447 598 esse
465 539 605 598 Christum
620 542 726 612 Iesum,
752 536 799 621 qui
817 547 970 620 utrumque
984 536 1192 622 complectere-

34 681 51 712 ‚-
98 683 107 718 ,
130 649 217 723 atque
234 637 271 702 ab
287 638 452 702 homiuibus
467 660 602 718 curnem,
626 641 713 706 adeo
728 660 800 705 vero
814 649 896 724 patre
914 649 1045 702 naturum
1063 642 1193 726 aoeepis-

96 787 104 820 ,
128 762 203 824 qnae
226 741 374 806 oeulorom
400 742 491 805 eoiem
515 743 640 826 lugeret.

50 893 58 900 .
77 893 83 900 .
126 839 229 906 Senot.
242 841 297 907 Vl.
325 849 483 908 Secundum
496 849 565 907 duee
577 849 670 907 eudon
678 847 823 928 foetebant
829 847 976 926 prophetis
984 857 1083 925 putres
1096 852 1191 910 uestri.
1204 869 1260 914 une.
1268 870 1288 926 o,
1298 869 1330 914 as.

31 999 50 1030 ·.
124 945 228 1010 Reiut.
247 944 302 1010 Vl.
335 944 627 1032 Cumpropltetarum
644 948 938 1026 mentionemiaoiat‚
963 949 1192 1034 prophetasnon

14 1129 31 1138 .
87 1049 185 1112 rudiat.
232 1045 364 1136 Cumque
381 1050 495 1114 illorum
512 1053 629 1115 eaedem
649 1050 822 1128 ulciscatur,
846 1050 940 1134 iisque
959 1051 1006 1136 qui
1024 1051 1194 1116 occiderunt

93 1150 239 1235 perseeuti
257 1164 342 1233 sunt,
373 1154 448 1217 istud
468 1155 561 1239 ipsum
579 1154 755 1239 exprobret,
789 1175 846 1216 nou
866 1175 882 1216 a
901 1153 1050 1239 prophetis
1066 1153 1190 1233 alienus,

1 1320 2 1324 ,
34 1338 43 1348 ι
84 1253 93 1316 l
115 1256 274 1320 eorundem
299 1257 466 1336 densent,
491 1277 507 1320 a
532 1277 587 1342 qoo
610 1255 651 1319 illi
673 1257 814 1341 originem
839 1266 1003 1320 traxerunt.

22 1423 50 1434 ,,
125 1356 229 1424 Sohol.
245 1353 303 1422 Vll
309 1405 316 1421 .
344 1363 416 1420 Diuo
431 1361 518 1434 uobis,
543 1363 607 1422 Non
621 1364 716 1422 amoeni
729 1371 832 1421 tuntum
839 1362 929 1440 fidem
944 1383 1032 1441 neque
1044 1365 1073 1422 in
1087 1363 1188 1422 Israel.
1207 1384 1318 1440 cepqs,

15 1531 23 1540 ,
46 1527 60 1537 ,
124 1459 228 1524 llelut.
247 1459 317 1525 Vll.
349 1459 383 1526 Si
407 1481 443 1524 ne
467 1462 494 1524 in
513 1459 605 1526 lsrael
623 1463 736 1546 quidem
761 1472 840 1526 tanta
862 1473 906 1524 est
929 1461 963 1524 ab
986 1463 1036 1526 illo
1051 1463 1130 1526 fidus
1148 1463 1192 1526 in-

1 1552 2 1647 ]
80 1575 145 1645 uta,
178 1573 283 1649 quauta
305 1561 336 1626 iu
358 1564 530 1628 centurione
554 1563 603 1627 illo
627 1565 745 1648 gentili,
776 1585 834 1628 non
856 1563 946 1648 igitur
966 1561 1086 1629 lsraelis
1107 1565 1192 1628 fidem

1 1663 2 1668 ’
35 1742 40 1751 .
79 1667 225 1730 ndemnat.
273 1664 332 1751 Qui
354 1666 380 1729 si
402 1689 419 1729 a
442 1668 497 1730 deo
514 1666 625 1729 alienus
643 1678 739 1745 esset,
772 1677 932 1751 nequoeut
951 1668 986 1730 ad
1005 1689 1056 1748 se,
1087 1667 1192 1732 autad

1 1768 2 1775 '
49 1760 151 1834 'trem
176 1791 259 1834 suum
282 1768 437 1847 attineret,
462 1789 644 1854 nequaquam
667 1769 742 1832 illum
766 1771 959 1855 praedicaret.

1 1876 2 1881 ’
124 1870 228 1938 Schol.
247 1870 333 1936 Vlll.
364 1869 511 1936 Mutalum
524 1872 601 1936 istud
618 1882 679 1936 este
704 1875 1261 1956 Beatusqtrs'nonfueritseundula21otu
1274 1894 1307 1939 aa.

9 1978 17 1986 '
69 1987 124 2037 rtem
147 1981 177 2038 s'o
199 1997 251 2036 me.
299 1971 414 2060 Quippe
437 1975 473 2038 ad
496 1971 634 2039 loannem
658 1975 851 2040 referebatur.

125 2075 230 2142 llelnt.
248 2074 332 2144 vlll.
368 2075 439 2142 Sive
458 2078 493 2142 ad
512 2075 669 2156 loannem,
691 2077 754 2142 sive
773 2079 808 2142 ad
826 2078 919 2164 ipsum
935 2079 1110 2142 salvatorem
1128 2101 1193 2165 per·

44 2174 51 2264 J
66 2191 151 2261 neat,
177 2181 279 2244 beatos
294 2180 359 2244 illos
377 2201 445 2244 esse
460 2180 627 2266 pronuntiat
643 2182 691 2264 qui
706 2180 895 2244 scandalizati
913 2203 970 2245 non
987 2183 1095 2246 luerint
1111 2183 1140 2246 in
1159 2204 1192 2246 se

62 2283 87 2346 el
106 2285 135 2346 iu
157 2281 285 2362 loanne,
318 2303 354 2346 ne
372 2304 406 2346 ea
423 2283 477 2348 sibi
493 2283 602 2366 lingant
619 2303 692 2368 quae
709 2305 726 2346 a
743 2305 775 2347 se
794 2305 851 2347 non
868 2283 1024 2347 audierint.
1070 2282 1129 2349 Sed
1147 2285 1192 2348 in-

23 2367 85 2474 ..¹⁵²
101 2385 237 2470 quiddam
255 2386 404 2451 attentiori
424 2385 659 2450 consideratione
679 2385 814 2470 dignum,
846 2385 929 2449 ouius
948 2387 1042 2471 gratia
1059 2387 1107 2450 illa
1125 2399 1193 2451 sunt

31 2490 39 2502 '
73 2489 223 2552 salvatore
241 2487 334 2552 diota:
360 2509 396 2552 ne
413 2489 476 2572 quis
493 2489 627 2552 videlieet
645 2485 801 2567 loannem,
825 2509 880 2573 quo
897 2487 974 2551 inter
990 2500 1075 2552 natos
1092 2491 1193 2553 mulie·

14 2577 28 2590 ⁴
57 2611 104 2654 om
119 2589 261 2654 maiorem
279 2611 346 2654 esse
362 2592 506 2680 tuemiuem
523 2589 656 2670 dixerut,
680 2590 819 2662 salvatori
837 2591 924 2654 etiam
940 2590 995 2675 ipsi
1014 2602 1192 2677 anteponen-

52 2715 105 2756 tum
125 2703 260 2779 putaret,
293 2693 367 2778 quod
392 2694 416 2755 is
434 2703 519 2756 natus
538 2703 617 2757 esset
639 2693 806 2756 emuliero.
853 2689 900 2756 Ob
922 2693 949 2756 id
967 2695 1100 2757 oonsnlto
1114 2695 1192 2756 istud

30 2795 167 2860 'tdleeite
199 2799 240 2857 Et
259 2797 356 2857 deutur
377 2799 429 2877 qui
446 2817 501 2857 non
514 2797 612 2878 fluerat
626 2799 837 2858 scandalizatus
859 2801 888 2857 in
906 2819 957 2858 me.
1003 2794 1088 2862 Unde
1105 2794 1192 2860 etiam

48 2899 176 2963 subiicit:
201 2902 259 2976 Qui
273 2911 363 2960 autem
380 2903 471 2959 minor
485 2911 529 2960 est
545 2903 573 2960 t'm
591 2921 698 2979 regno,
723 2903 813 2961 mar'or
829 2909 872 2961 est
886 2903 954 2980 ipso.
999 2897 1073 2962 Erat
1090 2899 1194 2984 quippe

46 2999 177 3065 lominus
190 3001 252 3080 illo,
269 3002 343 3086 quod
361 3001 396 3064 ad
412 3000 508 3066 earnis
525 3001 666 3084 originem
681 3011 805 3086 spectat,
824 2999 959 3066 semestri
976 3003 1070 3088 spatio
1086 3002 1192 3082 minor,

44 3105 91 3168 sed
114 3107 145 3168 in
169 3124 261 3188 regno
285 3114 381 3167 tamen
406 3105 515 3185 maior,
546 3114 646 3189 utpote
668 3105 715 3188 qui
737 3116 768 3168 et
786 3105 862 3168 illius
881 3115 961 3168 esset
983 3105 1067 3168 deus.
1111 3103 1195 3168 Nihil

26 3184 118 3270 ‘enim
136 3205 304 3290 unigenitus
322 3207 396 3270 olam
414 3207 559 3286 dioturus,
591 3217 640 3270 aut
657 3207 731 3270 ialso
750 3207 967 3291 praedicaturus
984 3207 1113 3270 advenit.
1159 3211 1192 3268 In
1207 3229 1283 3274 tanne.

42 3313 163 3385 oreulto,
188 3309 297 3393 inquit,
322 3313 431 3371 loeutus
444 3333 504 3371 sum
519 3313 606 3384 nillil,
632 3314 682 3370 sed
689 3314 795 3389 polam.
843 3306 992 3392 Siquidem
1009 3309 1117 3370 veritas
1134 3318 1191 3381 est,
1206 3281 1238 3335 η’
1250 3283 1282 3324 ω’

18 3425 22 3432 ’
43 3423 73 3474 ut
90 3412 216 3477 asserit:
247 3415 312 3492 Ego
328 3433 389 3473 sum
405 3417 465 3486 oro,
490 3425 519 3473 et
531 3417 644 3473 veritos.
692 3409 793 3494 Quiane
810 3429 864 3474 neo
881 3430 1011 3473 errorem
1030 3409 1116 3472 habet
1130 3409 1189 3488 via,
1203 3435 1344 3491 seuuemo

1 3541 2 3544 ¹
41 3535 95 3578 ueo
119 3514 231 3579 veritas
252 3514 437 3599 semetipsam
460 3513 644 3577 dissimulans
667 3513 846 3576 mendacium
869 3515 991 3599 prolert.

127 3614 230 3682 Sobel.
250 3613 307 3680 lx.
338 3621 392 3679 Hie
408 3629 452 3679 est
466 3621 500 3678 de
513 3639 567 3698 quo
580 3621 714 3698 seriptum
730 3629 786 3678 est.-
812 3619 885 3679 Erue
900 3639 952 3697 ego
967 3621 1046 3677 ma'tto
1061 3618 1191 3696 angelum
1205 3641 1288 3698 unet,
1299 3641 1331 3684 eq,

16 3705 129 3782 'meum
151 3731 218 3784 unte
231 3723 337 3802 sortem
361 3731 446 3782 tuom
1206 3707 1322 3817 MQJ‘lfh·

126 3821 230 3886 Reiut.
250 3817 307 3884 lX.
341 3819 375 3886 Si
396 3819 535 3885 loannem
555 3819 722 3906 unigenitos
737 3820 791 3904 ⁵dei
812 3821 885 3884 lilius
909 3819 1057 3904 agnoseit,
1090 3841 1194 3886 conse·

40 3945 136 4006 quens
152 3935 210 4002 est,
235 3935 267 3987 nt
281 3934 349 3989 ante
362 3926 545 4010 cognoverit.
590 3923 655 3988 lloo
669 3925 734 4008 ipso
747 3944 817 3986 vero
833 3922 907 4006 qood
926 3933 993 3985 ante
1008 3925 1193 4007 cognoverit,

42 4027 179 4091 veritatis
195 4025 333 4092 studiosis
350 4027 429 4092 illum
447 4047 513 4091 esee
530 4027 726 4105 demonstrat,
751 4025 786 4088 de
804 4045 859 4109 quo
877 4025 1014 4110 seriptum
1031 4027 1087 4105 sit,
1109 4029 1194 4088 Mitto

39 4133 174 4210 angelum
189 4151 277 4192 meum
293 4143 358 4193 onte
368 4133 470 4212 sortem
487 4142 572 4190 mum.
620 4127 819 4212 Quamobrem
835 4127 934 4212 quiite
950 4126 1084 4213 scripsit,
1109 4138 1140 4191 et
1152 4127 1195 4191 dl·

1 4241 2 4249 ’
39 4231 104 4310 xit,
130 4235 360 4313 Mittoungelum
376 4253 465 4294 meum
480 4244 546 4294 onte
558 4233 659 4314 dautem
677 4243 769 4306 mum,
801 4231 995 4316 sempiternus
1012 4233 1128 4314 inquam
1145 4231 1193 4294 ille

1 4343 2 4346 ’
40 4334 131 4413 deus,
166 4334 214 4419 qui
232 4335 261 4398 in
279 4335 426 4422 prophetis
444 4357 478 4398 ao
496 4333 562 4418 lege
581 4334 693 4397 loeutus
711 4344 772 4413 est,
804 4330 908 4397 aleso
928 4329 1047 4398 Christo
1064 4331 1123 4396 filio
1140 4354 1193 4397 suo

38 4457 225 4522 nequaquam
243 4437 399 4517 abhorret3
430 4459 494 4502 eum
511 4435 590 4501 illius
605 4447 672 4500 ante
689 4435 809 4515 leoiem,
835 4436 968 4500 nimirum
985 4435 1034 4500 lilii
1053 4436 1126 4521 apud
1143 4457 1194 4523 pa·

70 4591 189 4710 &duim
207 4594 236 4642 de
252 4595 382 4664 coniectore
400 4595 485 4644 oddtdt
502 4607 555 4644 eum
572 4595 676 4644 Patauio.
710 4595 760 4643 Non
776 4597 839 4644 estut
860 4595 920 4642 enlm
941 4594 965 4641 tn
983 4595 1036 4643 oett.
1053 4593 1119 4642 tibris
1136 4593 1195 4642 tltod

36 4675 97 4712 uoco
143 4673 192 4711 um.

90 4743 183 4800 eorpus
195 4741 329 4789 tteemsem.
343 4741 371 4788 u.
951 4751 991 4815 38

403 4877 421 4924 d
