3072 4986
299 277 434 331 ransart
453 276 528 332 aar.
546 275 713 332 nanntstts
731 275 793 332 trs.
808 283 826 331 t.
842 281 922 333 rom.
938 281 955 331 r.
1158 269 1199 331 35

60 406 177 482 praete
190 393 330 462 Senum
377 395 470 463 Cuius
495 399 580 464 unius
603 399 713 484 prolem
736 400 873 484 ddnoeps
890 399 1195 466 *nonnemorabimun

61 493 149 580 lgitur
171 495 282 563 Semne
302 499 512 584 Arphaxadum
537 501 648 586 genuit.
694 498 757 564 lste
781 495 920 580 Caluam,
950 495 1058 566 Cainas
1081 499 1195 582 Salam,

59 597 141 664 Salas
161 599 310 678 liberum,
335 599 382 664 hie
403 600 570 666 Phalerum.

135 701 227 767 Nulla
251 703 349 790 perid
374 714 487 790 ternpus
509 705 539 767 in
562 704 650 768 terris
669 703 817 783 haeresis,
848 703 1014 788 opinionum
1036 706 1115 770 nulla
1137 707 1195 770 dis-
1213 719 1272 789 Gap.
1290 725 1319 776 v.

58 805 170 883 sensio,
195 825 262 868 eum
284 803 414 868 universi
438 807 500 868 sola
523 805 647 870 hominis
670 805 860 890 appellatione
883 818 1090 885 oenmroutur,
1120 809 1197 874 labio

57 927 112 969 uuo
132 927 253 990 unaque
272 905 369 991 lingna
386 908 518 990 praediti.
563 905 663 970 Pietas
686 926 774 992 porro
793 917 881 990 atque
897 907 1028 992 impietas
1050 911 1111 974 sols
1134 925 1199 976 erat

57 1019 174 1072 mturae
191 1007 278 1092 lege,
301 1019 352 1072 aut
367 1007 595 1092 uniuscuiusque
612 1009 647 1071 ad
666 1019 796 1071 naturam
818 1010 1032 1074 aeoomumdata
1046 1011 1200 1078 voluntate

57 1111 187 1188 definita,
212 1129 269 1174 nee
289 1111 355 1172 dum
377 1129 462 1174 error
479 1120 640 1174 emerserat
655 1109 719 1173 aire
741 1109 889 1194 disciplina
910 1123 1109 1194 comparatus,
1132 1114 1199 1179 sive

56 1212 251 1275 ndumentis
274 1213 446 1296 sea-iptorum
475 1213 609 1275 traditus.
653 1209 762 1295 Neque
786 1211 876 1295 igitur
891 1209 1072 1291 Iudaismus,
1103 1232 1198 1298 neque

57 1314 108 1376 alia
128 1315 186 1378 ulla
213 1323 298 1377 senta
321 1313 483 1397 prodierat,
513 1315 583 1392 sed,
606 1323 638 1376 ut
658 1312 700 1376 ita
722 1313 833 1392 dicam,
856 1311 903 1376 illa
926 1317 1027 1378 eadem
1050 1315 1198 1380 obtinebat

55 1435 125 1498 qaae
138 1415 230 1480 hodie
248 1416 278 1478 in
294 1425 395 1478 saneta
412 1416 457 1478 dei
474 1416 597 1479 eeclesia
614 1435 648 1478 ao
666 1413 808 1478 natholiae
826 1427 997 1500 perseverat
1010 1418 1100 1496 fides,
1124 1437 1197 1501 qaae

56 1537 113 1580 eam
127 1518 165 1581 ab
179 1518 259 1602 ipsis
274 1537 373 1580 rerum
389 1517 554 1602 primordiis
567 1515 721 1600 viguisset,
745 1535 846 1579 rursus
864 1527 908 1581 est
924 1529 1025 1601 postea
1041 1521 1195 1601 patefacta.

56 1617 166 1684 Etnim
189 1621 216 1682 si
242 1618 309 1702 qais
330 1619 384 1681 ista
404 1619 468 1682 solo
489 1617 622 1680 veritatis
644 1618 740 1681 studio
762 1613 904 1702 impulsas
921 1619 995 1682 velit
1016 1622 1194 1706 expendere,

56 1741 108 1784 arn
129 1721 279 1786 dubitabit
298 1730 428 1784 sanotaur
451 1729 537 1804 atque
558 1719 728 1783 oatbulioam
752 1719 904 1782 ecelesiam
926 1721 1047 1804 primam
1070 1723 1197 1788 omnium

54 1823 198 1900 extitisse,
223 1822 381 1885 dummodo
398 1843 515 1906 seopum
532 1821 624 1906 ipsum
643 1821 819 1884 consideret.
848 1819 943 1885 Adam
958 1822 1034 1885 enim
1050 1823 1199 1888 hounnum

53 1925 184 2009 priueeps
212 1946 230 1987 a
257 1925 314 1986 dea
335 1923 470 1987 eonditus
493 1943 552 1986 nou
573 1923 777 2001 eireumeisus,
807 1923 858 1986 sed
876 1925 1029 2008 praeputio*
1049 1925 1197 2011 praeditus

52 2027 117 2088 luit.
145 2025 257 2111 Neque
274 2035 370 2087 tammt
386 2025 462 2088 idola
478 2035 630 2110 propterea
646 2024 745 2101 soluit,
770 2035 800 2086 et
814 2025 896 2088 deum
915 2036 1025 2109 patrem
1044 2049 1107 2090 oum
1124 2028 1196 2106 illia,

52 2149 86 2190 ae
99 2129 205 2212 spiritu
221 2137 338 2206 sanem,
362 2137 462 2211 utpute
476 2127 628 2212 propbeta,
650 2126 797 2210 eognorit.
831 2124 1029 2209 Quamobrem
1045 2130 1120 2212 quod
1139 2130 1195 2192 eir·

53 2230 231 2294 auneisiene
249 2227 362 2306 enauit,
388 2226 512 2292 ludaeus
532 2249 600 2292 esse
617 2249 674 2290 non
692 2229 801 2311 potuit,
823 2228 974 2292 idololatra
991 2247 1063 2293 reru
1079 2231 1196 2294 minime

53 2331 114 2410 luit,
137 2351 207 2395 eum
226 2349 326 2414 neque
339 2329 494 2393 simulacra
509 2349 601 2414 neque
618 2330 674 2392 alia
692 2331 720 2393 id
734 2349 825 2414 genus
843 2331 988 2394 adoraret.
1032 2327 1103 2394 Fuit
1118 2332 1198 2396 enim

50 2435 95 2496 ille
112 2434 278 2519 propbeta,
302 2442 333 2494 et
349 2433 402 2494 hoo
420 2431 480 2494 lilio
494 2453 509 2492 a
525 2442 606 2515 patre
622 2429 727 2493 mutam
746 2449 812 2493 esse
829 2431 956 2494 seiebat:
979 2434 1127 2494 Faciamus
1146 2437 1196 2494 da-

49 2543 157 2598 niam.
209 2532 356 2616 Quidnam
375 2533 465 2617 igitur
487 2535 569 2596 erati
612 2529 741 2598 Omnino
758 2549 853 2616 neque
871 2533 1076 2612 oireunaisus,
1099 2551 1194 2619 nequa
1206 2543 1344 2606 (tramae

48 2639 130 2702 idolis
147 2636 289 2700 addictus
303 2631 488 2698 Christianae
505 2634 654 2718 religionis
670 2635 823 2717 imaginem
840 2635 996 2698 relarebat.
1029 2632 1089 2700 Par
1105 2635 1196 2702 iden-

46 2759 97 2822 ῃε
118 2741 157 2802 de
177 2737 297 2814 Ahelo,
321 2734 431 2814 Setho,
455 2733 548 2812 Eoos,
573 2733 693 2813 Enooh,
717 2733 900 2815 Mathusalae,
924 2731 1054 2813 Νοὲιιο,1
1075 2735 1197 2802 llebere

46 2845 75 2904 at
89 2839 252 2904 Abrabam
274 2859 366 2922 usquo
382 2837 518 2901 iudicium
537 2857 603 2902 esse
620 2838 715 2902 debet.
761 2835 838 2900 'l'nm
859 2838 934 2900 enim
954 2838 1057 2921 religio
1075 2839 1199 2924 perinde

44 2953 129 3027 abpue
153 2940 314 3024 impietas,
339 2939 410 3003 hdes
427 2939 496 3002 item
521 2949 551 3001 et
568 2938 724 3003 iulldelitss
742 2939 887 3002 homiuum
911 2959 1003 3023 penus
1022 2943 1191 3026 aeeapabat.

43 3043 181 3125 hrum
201 3041 277 3104 tides
290 3038 478 3105 Christianae
491 3050 590 3103 sertae
604 3039 728 3124 speeiem
745 3041 948 3122 adumbrabst3
971 3041 1124 3106 inlidelitas
1140 3039 1194 3108 iur-

38 3146 161 3230 pietatia
180 3163 222 3206 ae
240 3143 363 3205 sceleris
380 3153 447 3206 erat
459 3143 537 3206 notis
552 3142 707 3226 insignita,
732 3143 889 3226 eademque
909 3153 1030 3206 naturae
1051 3144 1117 3227 lege
1135 3145 1194 3208 dis-

37 3249 169 3312 eidrbat.
222 3245 322 3326 Atque
337 3244 383 3306 hio
399 3263 496 3307 rerum
512 3254 606 3306 status
622 3245 656 3306 ad
673 3243 741 3307 illud
757 3265 848 3328 usque
867 3254 991 3330 tempus,
1015 3246 1091 3329 quod
1108 3246 1193 3308 urstla

34 3347 294 3434 a'gailieaviuaus,
318 3346 455 3430 deiueeps
472 3346 627 3430 perductus
644 3359 699 3408 est.
745 3341 903 3411 Caeterum
920 3346 1018 3430 quinta
1035 3357 1100 3431 post
1120 3346 1192 3408 dilu-

34 3454 116 3516 riaua
145 3457 269 3526 aetate,
299 3467 366 3510 eum
387 3469 404 3509 a
429 3448 522 3510 trihus
540 3445 648 3510 Nomi
669 3447 736 3510 liliis
755 3449 906 3532 propagari
932 3469 1025 3531 genus
1045 3445 1194 3510 homiuum

31 3553 207 3640 caepisset,
235 3550 402 3612 eontiuuata
417 3549 529 3612 sobolis
545 3548 731 3613 surressione
747 3549 802 3610 dno
820 3569 853 3611 ae
870 3547 1051 3633 septuaginta
1070 3566 1194 3614 nummo

32 3661 114 3720 relat
143 3651 302 3739 principes
315 3671 350 3714 ae
365 3652 466 3736 stirpis
482 3653 574 3736 oapita
591 3651 770 3735 prodierunt.
816 3647 840 3711 li
857 3670 920 3713 enm
940 3649 1054 3731 longius
1072 3671 1189 3734 proees-

30 3760 166 3834 sfmt,
199 3762 237 3815 et
261 3773 278 3814 a
301 3764 398 3816 monte
415 3751 517 3816 Luhar
535 3752 751 3835 Armeniaeque
773 3751 892 3826 linibus,
923 3752 977 3812 hoe
999 3761 1043 3812 est
1068 3753 1188 3836 regione

29 3863 167 3937 ararat,
198 3852 342 3917 ulteriora
370 3865 593 3939 peragrassent,
623 3851 764 3916 Senseris
786 3853 816 3914 in
839 3865 968 3934 eampum
995 3852 1081 3916 delati
1106 3865 1185 3932 sunt,
1200 3867 1323 3922 tteu.a‚a

28 3985 116 4044 qoem
137 3960 245 4024 locum
262 3954 387 4042 sibiipsi
405 3957 585 4040 delegerunt.
631 3951 788 4018 Caeterum
807 3951 922 4016 Senaar
938 3951 1021 4017 hodie
1039 3955 1068 4016 iu
1081 3952 1187 4020 Persa-

29 4087 89 4128 πω
106 4061 250 4146 regione
265 4057 322 4120 sita
340 4068 402 4138 est,
426 4079 510 4142 quarn
534 4057 600 4120 olim
617 4057 735 4142 Assyrii
750 4065 913 4118 tenuerant.
957 4051 1050 4141 igitur
1071 4077 1137 4120 oum
1156 4057 1188 4118 ia

29 4239 72 4284 aas
90 4237 156 4284 Vsa.
194 4225 253 4280 raia
268 4223 381 4291 παίδων,
406 4230 496 4286 παῖδες
509 4233 602 4289 ulmeae
671 4225 708 4276 lll.
729 4219 826 4291 Λουβέρ
852 4227 902 4275 eod.
928 4227 981 4276 Vera
1023 4221 1110 4292 Δοβὰρ
1135 4225 1185 4274 eod

27 4307 99 4354 ebais
117 4304 192 4351 tahar.
233 4293 334 4347 ratem
349 4298 439 4354 παῖδες
459 4297 526 4346 eodd
543 4297 602 4345 lthr-
634 4296 730 4356 Rhedip.

25 4373 70 4432 das
84 4379 110 4421 aa
125 4371 216 4419 rmus.
669 4361 707 4412 ll.
724 4359 832 4425 Περσίδι
849 4363 899 4410 aad
917 4363 990 4411 Vaut.

60 4445 85 4489 s.
109 4431 257 4503 γεγόνασιν
283 4431 337 4482 eod
362 4431 417 4480 Vm.
458 4425 600 4496 dpepduaatr
669 4428 707 4480 12
725 4423 900 4487 mahadan-rrae
932 4429 967 4494 (h.
983 4442 1002 4478 e.
1034 4422 1183 4480 anabudana-

25 4510 108 4568 stapsi
127 4507 194 4554 Ιῦη.
633 4497 686 4563 τες)
703 4499 753 4547 aad.
768 4499 843 4546 Vena.

940 4582 958 4642 3
971 4577 984 4606 b
