3110 4984
282 269 341 332 168
498 277 502 286 “
701 276 822 328 amen
843 275 1010 328 εειειιιαιι

279 395 537 479 κατεξηραμμίνην
552 394 585 458 έν
600 387 680 480 άγρρῖ
697 390 818 474 πληθάν
834 391 928 470 ξύλων
942 417 972 457 τε
987 393 1039 458 καλ
1054 393 1218 480 φρυγάνων
1231 395 1273 470 είς
1288 392 1434 462 κατάκαυ-

281 519 328 563 σιν
347 499 571 579 έτοιμαζομένην
587 490 748 573 ὑποδείξω,
777 492 827 559 διά
845 493 878 560 ιδ
897 501 932 584 τῇ
949 490 1024 584 αὕτη
1041 496 1150 580 αίρέσει
1165 503 1220 562 τοῦ
1236 499 1361 562 δλεεινοῢ
1378 503 1434 562 Νι·

280 597 407 677 κολάου,
439 597 534 683 άςιιερ
556 594 593 662 δι’
613 599 817 682 έγκεντρισμοῡ
838 594 860 679 ἢ
880 595 988 682 μοίρας
1002 595 1105 682 άγρίας
1125 595 1267 684 ἢλέειρας
1282 601 1312 676 ἐξ
1328 581 1436 682 έιέροίν

279 698 423 784 σωμάτων
439 701 520 784 ἕτερα
535 696 665 781 σάματα,
685 702 956 784 παραφθείρεσθαι
995 697 1082 765 Οὕτω
1097 696 1156 765 άπδ
1172 701 1279 786 μέρους
1293 703 1349 765 εἰσί
1364 719 1434 765 συν·

278 805 427 886 ηνωμένοι
441 805 472 867 ολ
483 799 633 886 λεγόμενοι
650 802 680 878 έξ
695 798 788 866 αάτοῦ
804 801 856 865 καλ
871 806 930 865 τῶν
945 799 1005 885 πρδ
1023 799 1129 881 αὐτοῦ,
1158 807 1295 884 Σίμωνος
1309 803 1344 868 δέ
1355 828 1435 884 φημι

279 907 331 975 ασελ
345 911 405 970 τῶν
420 901 529 983 άλλων,
550 901 690 985 λαβόντες
704 898 757 978 τάς
770 900 936 986 προφάσεις
951 905 1115 980 Γνωστικολ
1132 902 1323 987 καλούμενοι,
1344 903 1434 970 κατά·

278 1027 401 1093 γιωστοι
421 1005 453 1070 δέ
474 1003 508 1070 τά
529 1008 589 1069 πάν
604 1002 655 1070 διά
671 1001 726 1086 τήν
743 1006 776 1068 έν
791 1012 856 1080 τοῖς
871 1002 1025 1090 πράγμασι
1039 1009 1092 1088 τῆς
1108 1003 1282 1088 άκαθάρτου
1298 1008 1437 1091 ἐργασίας

277 1106 377 1174 αάτιάν
392 1111 560 1191 μοχθηρίαν
575 1108 625 1172 καὶ
642 1107 857 1190 αἰσχρουργίαν.
899 1103 952 1182 Ὡς
966 1103 1087 1189 άληθῶς
1100 1105 1156 1194 γάρ
1171 1110 1220 1173 καί
1237 1115 1343 1172 τοῦτον
1357 1105 1436 1194 πρδς

277 1207 374 1296 ὀλίγον
390 1207 673 1294 ἔγκρατευσάμενον,
695 1205 757 1272 είτα
775 1205 943 1274 άποστάντα
957 1215 1011 1292 τῆς
1028 1212 1210 1294 έγκρατείας,
1232 1213 1320 1292 δίκην
1335 1208 1434 1296 ὕδρω-

277 1335 335 1386 πος
348 1317 402 1376 τοῦ
416 1313 539 1395 ἑρπετοῦ
550 1311 734 1393 καλουμένου
747 1311 778 1386 έξ
790 1306 908 1375 ὖδάτων
920 1313 962 1386 εἰς
973 1319 1028 1395 γῆν
1040 1308 1218 1389 ἀνελθόντος
1229 1314 1281 1377 καί
1294 1314 1335 1388 τίς
1347 1311 1433 1397 ὕδωρ

279 1405 372 1489 αὖθις
386 1409 641 1498 άναστρίφαντος,
664 1409 785 1500 καλάμη
803 1415 843 1499 τῷ
859 1413 891 1476 έν
904 1414 977 1498 χειρί
990 1415 1110 1479 δοθέντι
1130 1420 1261 1500 Χριστοῦ
1275 1417 1435 1489 παίσαντες

277 1516 329 1580 καλ
350 1512 502 1591 ὀλέσαντες
522 1517 572 1580 έπλ
597 1512 650 1589 τάς
671 1515 737 1596 ἑξῆς
758 1513 883 1600 αἱρέσεις
903 1517 1078 1598 βαδίσωμεν.

175 1897 271 1954 pam
367 1863 505 1934 ΚΑΤΑ
532 1863 641 1934 ΤΩΝ
667 1863 1000 1935 ΛΕΓΟΜΕΝΩΝ
1026 1865 1358 1952 ΓΝΩΣΤΙΚΩΝ,

606 1985 705 2074 ἕκτη,
730 1979 753 2074 ἡ
779 1983 838 2053 καὶ
864 1977 996 2074 εἰκοστή
1023 1985 1113 2074 ἕκτη.

147 2157 214 2224 KQ,
232 2152 264 2208 η,
371 2125 465 2193 Πάλιν
478 2119 561 2192 οὗτοι
575 2129 607 2192 οί
618 2128 779 2193 Γνωστιιτοί
797 2126 950 2213 διαφόρως
963 2124 1023 2193 άπδ
1038 2126 1147 2193 τούτου
1162 2125 1307 2212 φυδμενοι
1321 2124 1435 2210 ἠπατη-

283 2233 366 2314 μένοι
383 2230 558 2314 άνθρωποι,
580 2227 676 2313 δ’ςπερ
692 2225 752 2294 άπδ
768 2233 887 2313 πικρίας
903 2232 1029 2313 καρποί,
1051 2226 1092 2306 τίς
1107 2233 1195 2294 παντί
1210 2255 1250 2318 τμ
1265 2227 1355 2312 δῆλάν
1373 2231 1434 2294 έστι

282 2335 332 2400 καλ
350 2331 488 2418 φωρατδν
504 2330 580 2418 πρδς
595 2329 721 2414 δοκιμήν
737 2327 892 2413 άληθείας,
914 2329 951 2396 σά
967 2329 1060 2413 μόνον
1075 2334 1187 2413 είποιμι
1201 2340 1332 2410 πιστοῖς,
1360 2329 1435 2396 άλλά

280 2435 353 2520 τάχιι
374 2436 424 2511 καλ
445 2431 594 2509 άπίστοις,
624 2435 656 2498 έν
677 2438 717 2521 τῷ
739 2434 841 2522 κάσμιμ
859 2430 1044 2516 ἐβλάστησαν.
1092 2431 1131 2499 Τά
1150 2431 1206 2519 γάρ
1225 2430 1339 2518 μήτραν
1360 2435 1437 2498 ιιιοιὶ

281 2537 453 2623 αι’σγρότητα
470 2538 577 2620 λέγειν,
606 2536 657 2601 καλ
673 2532 710 2599 τά
727 2533 812 2613 άλλα,
842 2539 905 2610 πῶς
922 2532 987 2618 ον’χλ
1004 2537 1201 2622 καταγέλαστα
1218 2537 1324 2617 φανείη
1343 2540 1438 2598 πᾶσιν

280 2637 470 2724 άνθροίποις,
480 2635 603 2719 Ἕλλησί
616 2661 647 2702 τε
662 2638 711 2702 καί
728 2634 902 2722 βαρβάροις,
926 2646 1032 2717 σοφοῖς
1045 2662 1076 2702 τε
1089 2637 1140 2701 καί
1155 2633 1306 2720 άνοήτοιςς
1330 2635 1435 2719 Πολλοὶ

280 2741 312 2806 δέ
326 2737 467 2824 συμφορά
480 2741 532 2803 καλ
548 2743 682 2823 μεγίστη,
710 2734 751 2814 τίς
766 2741 873 2820 εἰπεῖν,
900 2741 1097 2824 ταλαιπωρία,
1122 2736 1193 2813 τοάς
1207 2741 1240 2804 έν
1254 2736 1436 2823 καταγνοίσει

279 2843 332 2908 καλ
353 2843 384 2906 έν
405 2841 502 2928 πλάνη
524 2841 706 2905 έπισείεσθαι
725 2836 798 2922 ἡμῖν
818 2845 877 2904 τῶν
893 2842 1031 2925 αίρέσεων
1048 2837 1195 2926 άρχηγοδς
1212 2842 1262 2904 καλ
1279 2842 1435 2906 ἐπανίστα-

280 2953 355 3010 σθαι
374 2941 469 3026 άίςπερ
486 2940 644 3006 κνωδάλων
661 2946 794 3023 πλῆθος,
825 2940 956 3026 ὀχλήσεις
971 2967 1002 3006 τε
1017 2943 1068 3007 ιιαλ
1088 2946 1263 3024 δοςοδμίας,
1290 2938 1437 3022 κνισμοάς

279 3071 310 3111 τε
331 3046 383 3110 καλ
403 3042 575 3129 έπεντριβάς
593 3040 664 3125 ἡμῖν
684 3045 878 3125 ἐμποιοῦντας
899 3042 949 3110 διά
970 3051 1022 3125 τῆς
1042 3051 1096 3109 τοῦ
1117 3047 1291 3126 μυθοποιοῦ
1311 3039 1436 3123 πλάνης.

283 3139 376 3212 Οὗτοι
398 3147 430 3211 δέ
453 3149 484 3211 σί
501 3143 597 3231 τούτῳ
618 3151 659 3234 τῷ
678 3148 818 3234 Νικολάῳ
838 3147 1075 3231 συνεζευγμένοι,
1102 3147 1191 3212 πάλιν
1212 3142 1263 3210 άιά
1280 3141 1372 3211 αάτοῦ
1390 3141 1440 3222 οἷς

280 3247 338 3316 άπδ
356 3252 459 3334 ουρίου
474 3245 536 3314 άοῦ
550 3245 649 3329 άφειος
661 3245 830 3332 σκορπίοιῆ
846 3249 876 3324 ἐξ
891 3244 1023 3313 άσπίδων
1038 3248 1256 3334 γεγεννημένον,
1278 3242 1343 3311 τινά
1359 3242 1441 3328 ἡμῖν

279 3353 508 3436 παρειςφέρουσι
530 3353 714 3430 κενοφωνίας
736 3346 866 3432 άνάματα
887 3352 938 3415 καλ
960 3353 1080 3432 βίβλους
1103 3347 1277 3424 πλάττουσι,
1308 3351 1442 3432 Νωρίαν

281 3452 345 3518 τινά
359 3457 461 3538 βίβλον
474 3459 639 3530 καλοῦντες,
656 3454 708 3516 καί
721 3455 752 3528 έξ
764 3449 911 3528 άπονοίας
923 3449 1092 3534 Ἑλληνικῆς
1106 3453 1335 3532 δεισιδαιμονίας
1345 3472 1439 3532 μετα-

280 3563 435 3631 ποιοῦντες
453 3554 507 3638 τήν
523 3551 592 3640 παρ’
613 3551 715 3629 ου’τοίς
731 3551 920 3636 τοῖςἛλλησι
935 3553 1063 3636 μυθάδη
1081 3556 1239 3640 βαψφδίαν
1254 3553 1305 3617 καλ
1320 3576 1444 3630 φαντα-

279 3659 346 3720 σίαν
366 3655 444 3722 οὕτω
466 3654 499 3722 τδ
522 3660 636 3738 ψεῦδος
659 3682 695 3744 τη
717 3653 841 3744 άληθείρι
863 3658 1094 3744 παραπλέκοοσι.
1142 3653 1257 3736 Ταύτην
1281 3654 1336 3739 γάρ
1357 3675 1446 3733 φασι

279 3754 334 3837 τήν
354 3762 476 3842 Νορίαν
498 3755 572 3824 εἶναι
591 3764 644 3824 τοῦ
665 3761 734 3822 Νῶε
750 3767 884 3842 γυναῖκα.
929 3765 1061 3824 Καλοῦσι
1079 3756 1110 3822 δέ
1129 3761 1268 3844 Νωρίαν,
1297 3753 1381 3831 ὅπως
1398 3755 1446 3822 τά

283 3853 477 3940 ’Ἑλληνικάς
497 3858 577 3946 παρά
597 3857 788 3942 τοῖςἛλλησι
806 3861 1029 3948 βαψμδηθέντα
1049 3856 1132 3924 αάτολ
1150 3861 1345 3944 βαρβαρικοῖς
1363 3851 1448 3924 δνό-

221 4038 227 4053 ,
280 3981 349 4042 μασι
364 3959 609 4042 μεταποιήσαντες
625 3971 687 4038 τοῖς
701 3959 902 4045 ἤπατημένοις
913 3958 982 4047 παρ’
997 3958 1097 4028 αάτάν
1108 3964 1276 4042 φαντασίαν
1287 3959 1446 4045 έργάσων·

277 4088 341 4140 τοι,
363 4065 414 4127 ἰ’να
430 4061 469 4143 δὴ
484 4059 554 4126 καθ’
569 4065 722 4147 ἑρμηνείαν
735 4063 880 4147 ποιήσωσι
896 4061 930 4129 τά
944 4071 998 4146 τῆς
1016 4062 1163 4149 8Πύρρας
1179 4061 1285 4144 ὄνομα,
1302 4065 1449 4146 ,Νομίαν

277 4171 364 4230 τοῦτο
379 4161 581 4246 ὀνομάζοντες,
603 4163 705 4249 ἐπειδὴ
720 4165 776 4252 γάρ
794 4164 900 4252 Νουρά
917 4169 950 4232 έν
963 4173 999 4255 τῇ
1012 4161 1148 4251 Ἐβραΐδι
1159 4169 1218 4250 πῦρ
1235 4161 1273 4230 ου’
1288 4161 1362 4236 κατά
1377 4163 1450 4250 τὴν

312 4355 370 4406 (λιι.
385 4356 404 4404 λ.
423 4385 455 4394 -
479 4355 502 4408 1.
520 4355 631 4417 Suspicor
653 4348 709 4406 κατ’
732 4352 834 4424 αἰσχρά·
871 4358 944 4438 λἀλιτ
959 4360 1060 4437 εειεριλ,
1076 4371 1123 4407 ποτε
1139 4361 1171 4408 ιιλ
1188 4359 1213 4408 ιἰι
1229 4356 1280 4410 ενδ.
1297 4354 1398 4418 Medio.
1420 4365 1449 4410 τι

280 4438 524 4557 τηιτλαίδλληνοιιός,
541 4493 604 4554 φειδ
620 4493 731 4543 Putamus
744 4505 773 4544 ετ
787 4495 838 4544 ινδ.
872 4426 1046 4557 κάλλράίίάάᾰς
1061 4495 1112 4543 ασελ.
1129 4493 1201 4542 λαλῖς.
