3078 5012
352 273 940 332 ramamutu.1.rom.1rr.unua.xt.
1161 263 1222 327 545
1284 239 1302 264 '‘

71 398 212 466 Satauom
227 421 261 463 ac
276 395 431 464 Diabolum
447 395 588 474 uuorioat,
609 395 654 459 bis
666 395 783 460 verbis:
806 398 906 457 Nonne
918 399 1061 458 duodecin
1074 417 1123 457 nvos
1135 400 1219 477 elegi,
1232 418 1374 477 romono

68 517 100 566 et
114 525 186 566 unns
202 527 239 566 en
255 504 331 564 uobis
346 503 474 564 dnbbolns
492 505 555 562 est?
599 495 691 562 Cuius
709 499 795 561 etium
813 497 857 561 rei
873 517 977 561 cattssa
995 498 1128 562 dominus
1145 499 1223 564 eius·
1361 477 1367 491 ⁸

69 608 136 670 deor
158 605 373 691 improbitatem
395 623 598 686 exaggeraoss
634 606 700 664 Cum
723 605 864 682 loquitur,
898 601 1006 684 iuquit,
1038 607 1220 678 mendacium,

68 714 105 772 de
119 714 245 790 properis
260 713 395 790 loquatur.
443 703 511 790 Quo
527 705 654 792 pertinet
668 704 755 782 illud,
779 705 855 788 quot
874 703 903 766 iu
921 705 979 767 alio
996 706 1141 788 evangelii
1159 706 1224 770 loco

68 814 210 898 scriptum
229 821 292 874 est:
316 814 451 889 Quonnbrn
463 813 517 891 sur
530 822 602 884 erut,
626 821 656 870 et
671 811 777 869 loculos
789 808 933 887 portubnt.
973 805 1030 870 llic
1046 808 1135 890 igitur
1153 805 1376 884 Dia-tumores.

68 917 130 980 boli
149 913 305 998 insignitus
328 912 445 976 nomine
463 909 549 976 ludas
566 908 690 976 Caluum
709 920 819 995 patrem
839 908 938 972 habuit
958 911 1006 993 qui
1023 909 1149 974 Abelum
1167 913 1225 974 lra-

69 1030 147 1104 trcm
164 1015 314 1080 mendacio
331 1037 385 1078 suo
401 1015 629 1098 circumscripsit
645 1023 675 1076 ει
688 1012 806 1077 occidit.
852 1008 910 1095 Qui
928 1015 1015 1076 etiam
1031 1013 1224 1100 interroganti

68 1121 208 1199 domiuo,
233 1120 434 1182 ttttenAtet
443 1121 536 1194 frater
551 1123 637 1179 tuus?
659 1116 797 1178 mentitus
813 1116 974 1198 respondit,
998 1119 1111 1178 Nescio.
1157 1114 1224 1180 Me·
1238 1131 1353 1191 tamet-

66 1224 128 1287 rito
148 1223 244 1306 itaque
260 1222 348 1286 etiam
364 1221 421 1284 iste
440 1219 489 1305 qui
505 1241 606 1283 verum
625 1218 769 1282 diabolum
787 1217 915 1280 moribus
933 1229 978 1281 est
994 1219 1138 1298 imitatus,
1162 1219 1225 1286 eius

65 1327 148 1390 lilius
170 1324 277 1388 domiui
300 1344 354 1387 ure
372 1324 586 1408 pronuntiatur.
632 1321 660 1384 Α
679 1343 735 1406 quo
755 1319 831 1383 euim
850 1321 970 1405 quisque
990 1335 1143 1408 superatus
1166 1335 1223 1401 est,

65 1429 97 1494 ei
116 1439 147 1492 et
162 1428 265 1492 servit.
311 1429 357 1490 Ac
373 1446 428 1490 nus
444 1426 517 1490 adeo
532 1425 733 1509 quodcumque
749 1424 863 1486 demum
879 1424 1038 1507 egerimus,
1061 1446 1113 1488 eos
1128 1436 1225 1511 patres

65 1531 259 1608 babebimus,
292 1550 413 1613 quorum
434 1528 568 1613 exempla
591 1526 693 1591 iisdem
717 1526 800 1588 lactis
821 1526 1033 1611 expressimus.
1080 1527 1226 1612 Quocirca

67 1633 227 1720 perspicue
245 1633 301 1695 iam
322 1632 369 1694 illa
389 1629 498 1694 domiui
517 1642 563 1696 est
581 1629 726 1696 declarata
744 1630 909 1692 sentemtm
943 1635 998 1692 Vos
1013 1635 1226 1714 estrtfilrt’dtb·

65 1739 145 1810 belia
179 1734 266 1814 item,
298 1737 365 1796 Cum
387 1738 513 1815 loquitur
533 1737 705 1794 mundantium
728 1755 765 1794 ec
780 1735 906 1813 proprrib
924 1736 1065 1814 loquitur,
1097 1741 1226 1816 quantiam

60 1843 236 1921 potereris
256 1842 377 1900 mendum
399 1848 450 1898 εει.
498 1831 613 1918 Quibus
636 1835 734 1900 verbis
758 1831 857 1898 ludam
881 1845 910 1898 ει
929 1832 1054 1900 Cairrum
1078 1837 1224 1920 iutelligit.
1329 1853 1331 1861 “

65 1939 144 2006 tttot
167 1961 256 2018 vcro,
289 1944 361 2002 Nom
382 1952 410 2000 et
423 1950 508 2020 poter
525 1943 586 2000 eius
599 1942 720 2000 mendae
733 1949 791 2012 est,
825 1939 859 2001 ad
877 1937 1021 2002 diabolum
1040 1941 1227 2003 referendum

65 2055 133 2122 est,
159 2043 236 2126 quod
253 2043 288 2106 ad
308 2044 371 2106 eius
387 2041 579 2106 imitationem
598 2040 634 2103 ob
653 2041 710 2103 illis
727 2041 786 2103 siut
803 2051 968 2125 perpetrata
983 2042 1133 2106 rtcnuulla.
1179 2041 1228 2108 Si·

65 2147 189 2232 quidem
213 2166 264 2230 per
286 2167 320 2210 os
343 2144 489 2230 serpentis
507 2143 653 2229 inspirans
672 2142 802 2208 diabolus
826 2143 899 2206 lulsa
923 2143 1019 2207 omniu
1036 2145 1150 2208 locutus
1169 2157 1226 2223 est,

68 2251 178 2334 sicque
196 2258 264 2312 tuuc
281 2245 375 2311 Evam
394 2246 509 2310 lelellit.
555 2248 654 2330 Atque
672 2245 747 2309 ltuuo
763 2246 792 2308 iu
809 2246 924 2310 molum
944 2256 1003 2309 tota
1022 2246 1058 2309 ub
1073 2245 1139 2311 istis
1158 2269 1228 2311 coo-

66 2354 140 2418 flcta
160 2351 257 2414 tabula
276 2351 392 2436 penitus
409 2347 572 2415 evanescit.
619 2347 704 2432 Quod
723 2369 794 2412 vero
811 2348 846 2412 de
865 2345 960 2412 Caino
976 2351 1120 2435 scriptura
1138 2359 1227 2414 testa·

66 2469 131 2533 tur,
156 2454 237 2517 illum
257 2455 374 2516 lratrcm
392 2452 535 2516 occidisse
551 2473 647 2529 suum,
673 2451 748 2535 quod
763 2461 842 2515 esset
858 2472 898 2516 ex
912 2451 1039 2531 diabolo,
1065 2453 1090 2515 id
1108 2452 1228 2516 omniuo

65 2560 302 2621 demonstratum
326 2565 387 2634 cst,
420 2577 477 2618 ooo
496 2576 536 2619 ex
552 2553 659 2618 diaboli
677 2565 742 2620 satu
757 2565 928 2639 conceptum
947 2554 982 2618 ab
999 2553 1064 2618 Era
1081 2556 1170 2620 luisse
1187 2558 1228 2620 le·

65 2672 131 2724 tum
156 2658 299 2742 aliquem,
332 2658 371 2721 ita
394 2669 424 2722 ut
448 2657 528 2723 velut
546 2657 682 2741 coniugio
702 2657 824 2740 quodum
844 2658 1012 2741 congressis
1030 2659 1229 2744 copulatisque

63 2763 245 2849 corporibus
258 2757 383 2824 Caioum
400 2770 430 2822 et
445 2760 570 2824 Abelum
588 2759 751 2845 pepererit,
775 2770 806 2822 ut
821 2758 886 2822 istis
901 2759 1025 2845 placuit,
1049 2763 1101 2824 seul
1117 2762 1153 2826 ob
1168 2785 1229 2827 mo-

63 2889 134 2930 rum
156 2861 372 2928 similitudinem
392 2883 624 2948 expressamque
646 2862 807 2926 imitatione
830 2862 936 2926 diaboli
959 2864 1114 2948 nequitiam
1138 2865 1226 2930 lilium

64 2969 138 3034 cios
165 2965 315 3052 appellari.

159 3065 237 3152 Quin
260 3069 328 3131 illud
352 3069 439 3132 etium
464 3068 499 3131 ab
522 3068 587 3131 istis
611 3069 770 3132 asseritur:
802 3066 946 3132 Adamum
965 3089 1004 3132 ex
1023 3067 1087 3132 Era
1104 3070 1228 3152 coningo
1246 3081 1374 3150 eopvtt.

64 3171 199 3238 Sctbum
218 3191 385 3254 germanam
407 3170 573 3256 suscepisse
594 3170 736 3234 sobolem.
784 3169 860 3233 Tum
881 3191 952 3234 vero
968 3193 1131 3256 supremam
1152 3172 1229 3234 illam

63 3273 223 3339 Virtutem
249 3275 346 3336 lerunt
367 3294 431 3336 eum
453 3273 632 3335 aduriuistris
654 3273 699 3336 dei
722 3272 852 3335 melioris
874 3273 986 3356 angelis
1005 3274 1151 3357 delapsam
1172 3270 1228 3338 Se-

63 3379 154 3441 thum
173 3375 266 3460 ipsum
285 3376 435 3460 rapuisse,
460 3395 544 3458 quem
563 3384 593 3438 ει
607 3367 780 3455 Ἀλλογενῆ,
804 3374 859 3436 hoc
876 3387 922 3438 est
938 3380 1151 3457 Alr'ena'genam‚
1176 3397 1228 3440 ro·

63 3489 153 3544 cant.
201 3472 296 3558 Quem
315 3499 380 3541 cum
398 3497 513 3542 sursum
530 3476 653 3559 aliquem
670 3477 698 3538 io
718 3476 811 3539 locum
828 3475 1010 3563 sustulisset,
1042 3500 1077 3542 ac
1092 3478 1227 3543 diuturno

63 3595 225 3664 tempore,
256 3601 293 3642 oe
313 3582 387 3644 lorte
406 3579 638 3658 interficeretur,
670 3579 808 3656 aluisset,
838 3578 926 3663 longo
943 3581 1056 3644 demum
1072 3581 1229 3646 iutervullo

62 3687 93 3750 io
116 3685 199 3748 bunc
215 3682 316 3746 orbem
333 3682 485 3760 intulisse,
516 3681 657 3765 simulque
677 3691 706 3742 et
724 3680 882 3766 spiritalem
899 3693 927 3744 et
945 3703 1114 3768 corporeum
1131 3684 1228 3750 reddi·

61 3787 171 3865 disse,
203 3806 241 3848 ne
269 3782 421 3864 aCaiuu‚
454 3784 501 3848 vel
523 3784 631 3847 ceteris
660 3783 820 3846 conditoris
843 3783 941 3846 muudi
965 3782 1164 3852 Potestutibus
1193 3809 1228 3852 ac

61 3887 290 3972 priucipatibus
306 3887 530 3973 opprimeretur.
565 3883 698 3948 Eundem
716 3906 804 3971 porro
819 3897 981 3951 creatorem
994 3899 1080 3972 atque
1096 3890 1228 3975 opificem

61 3992 199 4057 desiisse
221 3991 375 4068 venerari,
407 3999 437 4052 et
459 3988 537 4052 illam
555 3987 711 4070 agnovisse
732 3985 877 4052 Virtutem
899 4010 973 4073 quae
995 3990 1073 4055 oullo
1095 4013 1227 4077 cumpre-

60 4093 159 4160 hendi
175 4091 293 4156 uomina
307 4101 415 4178 potest,
431 4111 486 4154 uec
501 4112 558 4154 ooo
575 4089 717 4154 adversus
733 4100 881 4154 uectorem
895 4093 992 4156 munli
1009 4093 1129 4178 eiusque
1141 4092 1227 4159 Priu-

60 4199 188 4284 oipatus
207 4203 238 4258 et
259 4191 428 4260 Potestntes
447 4194 584 4280 pleraque
604 4191 765 4258 detexisse.
812 4190 888 4258 lliuc
906 4194 992 4259 etiam
1011 4195 1101 4260 libros
1119 4196 1229 4282 aliquot

59 4457 152 4530 ipsum
165 4452 495 4522 praeualereueqoeipsen
530 4450 635 4502 coeliae
668 4448 766 4501 ceteris.
799 4453 910 4503 Petcotru
926 4467 1008 4503 nomen
1024 4450 1089 4508 Koiiu
1106 4457 1226 4506 rutilato·

60 4534 215 4600 potestates
235 4539 265 4572 sc
282 4519 434 4589 principatus
451 4538 509 4574 mun
528 4521 536 4570 i
554 4520 633 4572 labri·
668 4521 725 4572 dum
739 4531 786 4572 esst
802 4523 935 4584 suspicatos
952 4526 990 4572 est.

119 4609 218 4663 corpus
232 4601 370 4648 thereseol.
385 4603 412 4647 u.
984 4610 1023 4673 35
