3072 4986
356 333 402 384 nu
420 333 608 388 EPISTOLAM
626 333 735 385 acactt
753 335 797 386 ET
813 335 921 386 cuutt.
1174 323 1211 384 13

84 471 132 527 res,
154 447 272 516 XLIV.
288 448 490 537 Origeoistae,
514 453 550 516 ab
567 449 712 538 Origene,
736 453 785 536 qui
802 453 889 516 etiarn
904 452 1098 516 Adamantius
1114 456 1212 538 appel-

83 551 149 616 latur.
185 549 291 618 XLV.
313 551 398 617 Pauli
416 550 647 633 SamosatensiS,
670 551 788 618 XLVl.
802 552 982 633 Manichaei,
1002 555 1050 638 qui
1066 564 1096 618 et
1110 555 1211 619 deun·

82 655 158 734 nine,
176 653 324 720 *XLVll
347 655 534 735 llierauitae,
562 653 715 721 XLVlll.
739 654 911 734 Meletiani,
942 657 990 740 qui
1014 656 1044 720 in
1072 661 1211 742 Aegypto

82 755 186 820 etism
204 757 389 837 conflarunt,
412 755 533 821 XLlX.
553 758 668 835 Ariani,
693 758 741 842 qni
760 769 788 821 et
806 758 1019 838 Ariomanitae,
1043 753 1083 822 L.
1099 757 1210 822 Audia-

82 877 161 920 uorum
177 870 280 940 seete,
308 858 364 924 Ll.
378 857 564 936 Phormioni,
593 857 664 924 Lll.
679 858 885 937 Marcelliani,
916 856 1000 923 Llll.
1018 857 1208 944 semiariani,

82 953 147 1022 blV.
163 957 421 1026 Pneumatomaohi
443 963 506 1025 sive
521 959 744 1041 Macedoniani,
768 971 798 1024 et
816 959 929 1024 Eleusii
947 961 1091 1046 discipuli,
1117 962 1165 1046 qui
1180 963 1211 1026 iu

81 1071 188 1125 unctum
202 1063 252 1127 dei
267 1062 401 1148 spiritum
418 1063 621 1128 contumeliosi
638 1075 718 1143 suut,
743 1061 811 1128 LV.
825 1062 962 1141 Atriam,
978 1059 1062 1126 LVl.
1076 1064 1208 1142 Atttinui,

83 1159 117 1241 qni
136 1173 161 1224 et
176 1163 347 1244 Anomoei,
372 1165 476 1250 quibus
499 1164 668 1250 adiungitur
683 1163 864 1244 Eunomius,
894 1162 995 1228 LVll.
1016 1163 1209 1244 Dimoeritae,

83 1261 116 1342 qni
129 1267 285 1347 perlectam
302 1263 415 1332 Christi
432 1268 664 1331 incarnationem
679 1266 795 1330 minione
812 1270 998 1345 cantitentur,
1017 1267 1064 1350 qui
1080 1279 1110 1330 et
1118 1267 1212 1352 Apot-

84 1361 206 1432 linan'stae
223 1368 433 1450 nominantur,
459 1367 577 1433 LVlll.
598 1390 699 1433 eorum
717 1370 766 1454 qui
779 1367 905 1432 Mariam
922 1389 1040 1453 somam
1053 1369 1209 1452 virginem,

85 1477 211 1550 potquam
233 1467 423 1534 Salinatorem
441 1472 554 1555 genuit,
579 1493 643 1536 oum
661 1468 785 1556 losepbo
802 1472 993 1535 consuevisse
1009 1471 1119 1550 dicunt,
1137 1491 1211 1556 quos

86 1569 370 1637 lutidieomariauitas
388 1573 583 1658 appellamus,
613 1570 702 1637 LlX.
720 1595 736 1636 e
775 1595 820 1636 um
840 1572 888 1658 qui
908 1574 938 1636 in
958 1593 1065 1636 nomeu
1081 1572 1211 1637 eiusdem

85 1662 172 1735 dadae
189 1674 362 1760 collyridam
381 1675 526 1754 oderunt,
551 1686 581 1739 et
599 1595 793 1761 CollyridiVni
815 1685 973 1754 vocantur,
1002 1671 1075 1738 LX.
1093 1672 1212 1740 Massa-

88 1766 145 1850 tat,
166 1775 198 1838 ad
215 1797 293 1861 quos
309 1777 505 1861 adiunguntur
522 1775 713 1863 Martyriani,
737 1797 753 1841 e
772 1777 922 1861 gentilium
937 1787 1030 1857 saeta,
1051 1786 1083 1841 et
1093 1775 1211 1862 Euphe-

87 1871 164 1954 niue,
186 1898 219 1940 ae
241 1875 391 1942 Salonini.

146 2009 229 2076 Nouo
245 2015 374 2100 repetita
393 2018 560 2078 narratione
580 2025 609 2078 et
625 2014 655 2077 iu
670 2013 803 2098 singulos
821 2015 912 2078 libros
927 2013 1088 2079 distributis
1109 2016 1212 2078 haere·

91 2107 147 2174 nibus
163 2113 215 2178 boe
233 2117 264 2179 in
281 2117 368 2180 brevi
385 2117 556 2201 compendio
574 2117 730 2180 declarabo
752 2127 888 2200 quotuanr
912 2137 952 2180 cx
969 2117 1026 2180 illis
1042 2117 1213 2181 haeresibus

91 2205 110 2268 lt
126 2215 210 2294 odore
228 2218 325 2296 libro,
355 2228 426 2302 quot
450 2219 479 2281 in
506 2220 636 2282 secundo
657 2240 692 2280 ac
715 2219 802 2281 tertio
823 2219 1037 2282 contineantur.
1083 2217 1161 2282 Tum
1183 2218 1215 2281 in

92 2311 182 2396 reliquis
203 2319 338 2384 omnibus
366 2329 549 2383 caeterorum
573 2319 712 2384 librorum
736 2320 822 2384 tomis
840 2330 909 2403 quot
934 2320 1088 2404 unicuique
1112 2319 1214 2383 haere·

93 2431 125 2475 su
143 2420 289 2485 attributae
317 2431 398 2484 sunt.
445 2419 557 2487 llarunr
580 2422 678 2506 itaque
708 2421 834 2484 omnium
863 2421 957 2484 series
984 2433 1030 2484 cst
1057 2419 1211 2486 eiusmodi.

95 2507 117 2573 ln
130 2519 207 2600 primo
224 2524 300 2586 libro
317 2525 387 2586 tomi
408 2533 470 2587 tres
491 2534 579 2604 sunt,
604 2523 743 2588 haereses
762 2521 867 2588 XLVl
884 2525 944 2588 suis
961 2524 1125 2586 nominibus
1143 2544 1213 2585 cou-

96 2627 183 2699 ttptae,
201 2619 408 2688 barbarismus
424 2625 572 2704 videlicet,
596 2647 631 2689 ae
646 2622 843 2711 Scytbisnrus,
868 2603 1077 2704 llehhnhmns,
1100 2623 1214 2688 ludais-

97 2735 152 2796 nun,
172 2744 201 2786 ao
215 2723 451 2790 Samaritismns.
497 2724 530 2790 ln
557 2727 687 2791 secundo
705 2728 780 2791 libro
803 2728 872 2790 tomi
891 2729 948 2790 duo
963 2737 1049 2806 snut,
1073 2727 1213 2790 haereses

94 2807 187 2886 dlllll.
228 2825 262 2891 ln
287 2829 375 2891 tertio
395 2827 469 2892 libro
487 2829 557 2891 tomi
576 2831 651 2907 duo,
675 2829 816 2893 haereses
832 2825 890 2892 Xl.
935 2826 969 2892 lu
990 2828 1095 2913 prioris
1115 2827 1213 2912 itaque

94 2913 140 2980 libri
155 2933 222 2991 tomo
236 2932 330 3014 primo
348 2927 486 2992 haereses
497 2927 564 2994 XX
580 2943 661 3009 sunt,
674 2929 892 3009 barbarismus,
907 2927 1104 3016 Scythismus,
1119 2929 1215 2994 Grae-

95 3015 185 3104 lituus,
207 3026 382 3094 ludaismus.
429 3028 609 3095 Graecorum
629 3054 716 3117 porro
733 3032 901 3096 discrimina
919 3032 974 3096 ista
993 3043 1078 3096 sunt:
1102 3028 1213 3117 Pytha-

95 3124 163 3200 gorei,
184 3131 243 3197 sire
259 3131 462 3219 Peripatetici,
482 3131 587 3210 Stoici,
604 3131 754 3219 Epicurei.
783 3130 956 3197 Samaritica
975 3133 1119 3212 haeresis,
1140 3152 1213 3216 qnae

95 3218 241 3298 tludaisnro
258 3235 400 3299 manavit.
440 3229 620 3298 Samaritani
636 3245 762 3318 quatuor
778 3235 807 3298 iu
827 3247 924 3320 partes
941 3237 1117 3311 tribuuntur,
1136 3232 1214 3296 Gor·

96 3319 187 3409 brom,
210 3333 380 3416 Sebuaeos,
404 3335 555 3415 Essenos,
579 3334 751 3401 Dositheos.
805 3335 978 3401 ludaeorum
999 3338 1139 3400 haereses
1167 3354 1214 3396 se-

97 3433 165 3500 tan:
196 3431 338 3516 Scribae,
361 3435 531 3517 Pharisaei,
557 3435 740 3518 Sadducaei,
764 3437 1057 3524 Hemerobaptistae,
1090 3433 1211 3514 Ossaei,

98 3517 240 3618 Nasoni,
263 3539 439 3604 llerodiaui.
484 3538 519 3604 ln
545 3542 675 3605 secundo
699 3551 776 3606 tomo
794 3541 860 3606 libri
878 3541 963 3627 primi
978 3539 1117 3604 haereses
1133 3535 1212 3603 Xlll

117 3777 354 3863 23·thoe'1lneuot.
386 3800 442 3850 Cod.
460 3791 619 3854 Venet'dne'-
683 3795 728 3848 31.
745 3799 789 3850 τοῦ
805 3812 851 3846 ont.
869 3796 922 3850 cod.
935 3788 1009 3846 Venel.

99 3859 140 3904 ¹²²²
685 3865 728 3918 32.
744 3865 781 3916 tui
799 3880 844 3914 om.
859 3863 910 3912 eod.
928 3865 1003 3914 Venet.

119 3913 149 3996 ,4,4·
162 3926 192 3976 lle
205 3935 272 3984 thom
289 3937 374 3985 daem.
389 3947 442 3996 eoo.
453 3933 492 3985 13.
685 3931 728 3988 33.
745 3917 902 3994 Πυδαγόριοι
918 3934 968 3982 cod.
985 3935 1061 3984 Venet.

100 3985 150 4090 vli-
162 3990 201 4058 tria
228 3997 415 4068 (anabudanona
434 4001 544 4068 Χριστοῦ
565 4004 617 4052 eod.
685 3996 728 4052 34.
745 3995 901 4064 'Enaaodprot
918 4001 968 4050 cod.
990 4003 1044 4052 t'en.

112 4057 176 4138 Μ,
685 4069 726 4120 35.
744 4065 882 4132 Γοροῦηνοὶ
903 4071 1061 4130 scripturum,
1085 4083 1132 4117 non
1150 4065 1213 4130 Γορ-

121 4112 151 4167 25·
177 4127 338 4198 dnolnnoolrat
363 4136 414 4186 eod.
437 4137 550 4201 lihtdlyq
574 4153 619 4200 nro
652 4133 860 4202 anachroretae
874 4135 1214 4198 edilumrst‚eod.l'enet.t'ere

99 4189 149 4262 ”Vb
176 4195 201 4242 Et
215 4201 245 4249 rie
261 4204 333 4264 intro.
653 4207 736 4264 ottone
750 4209 834 4264 tuetur,
851 4218 962 4266 cumque
976 4203 1214 4264 conspuuntpoustm

106 4247 151 4348 'ii‘
167 4261 227 4322 tuoet
240 4271 290 4319 eod.
303 4272 378 4321 venet
387 4267 434 4336 τὴν
445 4267 561 4326 becedam
576 4271 621 4326 καὶ
655 4277 677 4322 et
690 4275 775 4320 coetera·
785 4273 853 4321 codd.
863 4287 918 4322 nass.
941 4267 1080 4334 Topobnnol
1090 4271 1213 4332 epochen-

101 4324 129 4396 'ff
140 4325 248 4388 ttttton.
655 4344 694 4388 tur
708 4341 777 4388 etlorn
793 4343 816 4388 in
831 4337 882 4388 cod.
900 4339 982 4387 Bolon.
998 4339 1106 4388 romano
1121 4339 1162 4398 qut
1171 4338 1213 4387 Nl·

123 4383 151 4462 fh.
165 4391 184 4442 tl
198 4399 238 4452 nal
252 4407 295 4454 cod
324 4407 379 4454 Van.
655 4411 716 4456 erton
731 4409 857 4456 Chontotoe
874 4407 1016 4454 l'hcnourron
1033 4406 1138 4453 eontinet.

125 4447 153 4501 44·
166 4457 352 4535 Κολλουριδιανοὶ
368 4475 419 4524 eorl.
438 4477 511 4527 Venet.
687 4469 729 4526 36.
748 4472 1024 4524 noctemnoctem.
1040 4472 1088 4533 serr
1098 4474 1189 4536 mooe.

125 4510 154 4572 3⁰·
168 4526 246 4596 βιβλίαν
261 4542 311 4592 eod.
331 4543 406 4593 Venet.
688 4541 731 4595 37.
750 4535 833 4594 o'oalor
849 4541 900 4591 eod.
915 4539 1012 4602 ltbedtn.
