3112 4984
302 253 364 318 222
502 296 507 305 .
710 261 849 314 -οοοοτι
867 261 1034 314 nmmum

167 403 235 472 ῐιφ,
252 399 284 456 τ’.
381 373 441 446 Ἠν
454 376 510 465 γάρ
527 375 546 443 ό
562 375 709 460 ’ἰάκωβος
726 370 816 454 οὗτος
829 376 896 455 οἰός
910 385 965 445 τοῦ
986 375 1101 460 Ἰωσήφ
1120 380 1153 444 ἐκ
1170 375 1310 463 γυναικός
1325 383 1377 443 τοῦ
1389 373 1443 441 ’ἰω

304 482 384 568 σήφ,
408 479 465 549 οῦκ
480 478 540 548 α’σνί
559 483 700 566 Μαρίας,
722 477 764 557 τίς
780 482 832 546 καλ
848 483 890 556 εἰς
905 478 1029 556 πολλοῦς
1050 479 1164 557 τόπους
1184 487 1272 547 τοῦτο
1294 477 1363 564 ήμῑν
1378 482 1444 562 εἰρη-

304 613 368 666 ται,
390 586 441 650 καί
457 583 636 668 σαφέστερον
652 579 726 665 ήμῑν
743 581 1007 668 πεπραγμάτευται
1048 580 1140 648 Ἀλλά
1154 584 1206 648 καλ
1220 579 1388 666 εῦρίσκομεν
1399 576 1444 644 αό·

22 707 42 764 1.,
305 687 358 754 τόν
370 690 404 753 ἐκ
418 691 472 752 τοῦ
489 687 587 767 Δαβλῦ
604 682 691 764 όντα,
720 681 771 749 διά
788 681 821 750 τό
839 683 907 750 υἰόν
926 682 1002 751 εἰναι
1018 692 1073 752 τοῦ
1087 683 1202 768 Ἰωσήφ
1222 691 1394 770 Ναζωραῖον
1406 705 1444 767 γε·
1477 711 1484 718 ·

51 792 59 830 ί
69 801 152 866 “⁸3⁰
177 782 279 876 W&
306 788 439 872 νόμενον.
476 780 532 852 Ἦν
554 785 610 873 γάρ
629 784 819 872 πρωτότοκος
834 793 874 875 τῷ
896 783 1027 870 Ἰωσήφ,
1048 789 1100 852 καὶ
1113 775 1303 872 ήγιησμίνοςῖ
1330 783 1400 849 ’Ἔτι
1419 783 1447 846 όέ
1491 819 1499 830 -

66 867 164 910 nm*
187 885 203 908 '⁸
218 869 278 905 “h
308 894 358 957 καλ
380 892 589 978 ἰτρατετίσαντα
614 885 706 954 αῦτόν
725 886 800 953 κατά
823 885 877 971 τήν
899 887 1028 956 παλαιάν
1044 891 1207 974 ἱερωσύνην
1224 888 1356 974 εὕρομεν.
1398 881 1447 950 Διό

307 996 356 1060 καλ
369 993 473 1076 ήφίετο
491 990 572 1078 αὐτῷ
587 989 666 1067 άπαξ
680 996 734 1054 τοῦ
748 991 885 1056 ἐνιαυτοῦ
899 993 941 1066 εἰς
953 988 989 1056 τά
1001 989 1070 1076 άγια
1084 995 1143 1056 τῦν
1159 987 1252 1076 άγίων
1269 993 1393 1066 εἰςιέναι,
1413 983 1449 1060 ιόέ

307 1105 370 1172 τοῖς
384 1094 565 1179 άρχιερεῦσιν
583 1094 729 1158 ἐκέλευσεν
742 1088 760 1157 ό
776 1090 885 1173 νόμος,
906 1090 982 1159 κατά
997 1090 1030 1159 τό
1044 1094 1251 1178 γεγραμμένον.
1298 1091 1385 1158 Οῦτω
1399 1087 1448 1176 γάρ

307 1199 465 1282 ἱστόρησαν
476 1197 578 1261 πολλοί
593 1192 651 1276 πρό
669 1189 754 1276 ήμῶν
770 1196 837 1278 περὶ
853 1192 960 1276 αῦταῦ,
982 1191 1130 1277 Εόσέβιός
1141 1219 1173 1260 τε
1185 1197 1243 1259 καί.
1252 1192 1384 1276 Κλήμης,
1404 1191 1450 1256 καὶ

307 1298 396 1365 άλλοι.
439 1294 530 1362 Ἀλλά
548 1297 600 1362 καλ
616 1293 650 1362 τό
666 1297 791 1360 πέταλον
806 1296 856 1362 ἐπὶ
871 1303 925 1379 τῆς
941 1303 1072 1380 κεφαλῆς
1087 1297 1157 1378 ἐξῆν
1172 1293 1252 1386 αὐτῷ
1270 1298 1382 1380 φέρειν,
1402 1319 1449 1358 κα·

308 1399 375 1476 θοός
395 1403 427 1464 οἰ
439 1399 649 1484 προειρημένοι
663 1395 828 1474 άξιόπιστοι
851 1396 956 1483 ἄνδρες
971 1399 1083 1473 ἐντοῖς
1102 1394 1154 1463 ῦπ’
1172 1395 1270 1464 αὐτῶν
1284 1395 1450 1480 ῦπομνημα·

307 1510 420 1583 τισμοῖς
442 1499 654 1585 ἐμαρτύρησαν.
695 1496 806 1584 Ἱερεῦς
820 1503 937 1578 τοίνυν,
959 1497 1001 1576 τός
1015 1502 1107 1582 ἔφην,
1137 1495 1274 1584 όκάριος
1292 1496 1379 1582 ήμῦν
1397 1497 1451 1580 ’λη

309 1609 382 1678 σοῦς
398 1599 526 1688 Χριστός
544 1603 586 1677 εἰς
602 1598 655 1667 τόν
672 1603 766 1666 αἰῶνα
787 1599 863 1667 κατά
882 1599 937 1684 τ’ήν
954 1600 1036 1680 τάξιν
1054 1601 1249 1684 Μελχισεδέκ,
1271 1601 1407 1683 βασιλεῦς
1426 1623 1452 1663 τε

310 1702 387 1786 όμοῦ
406 1701 482 1769 κατά
505 1702 559 1786 τήν
578 1701 661 1780 τάξιν
683 1701 737 1786 τήν
753 1700 890 1782 άνωθεν,
920 1706 971 1768 ἵνα
985 1700 1132 1792 μεταγάγη
1149 1701 1203 1784 τήν
1218 1703 1383 1787 ἱερωσύνην
1397 1701 1455 1784 άμα

308 1815 345 1896 τῇ
362 1809 533 1894 νομοθεσία.
582 1809 641 1870 Τοῦ
657 1804 689 1870 δὲ
709 1806 877 1889 σπέρματος
894 1808 991 1888 Δαβλῦ
1014 1803 1064 1871 διά
1083 1803 1138 1888 τήν
1154 1809 1281 1890 Μαρίαν
1302 1805 1454 1886 καθεζομέ-

309 1934 365 1974 νου
388 1910 420 1973 ἐν
436 1905 541 1995 θρόνῳ
561 1909 602 1984 εἰς
619 1904 672 1972 τόν
687 1909 780 1972 αιόῦνα
798 1908 847 1972 καί
867 1913 921 1989 τῆς
937 1911 1084 1990 βασιλείας
1100 1904 1192 1972 αὐτοῦ
1208 1903 1265 1972 οῦκ
1278 1909 1358 1972 ἔσται
1369 1908 1455 1981 τέλος.
1526 1944 1527 1973 τ

300 2009 391 2076 ’Ἔδει
415 2008 472 2095 γάρ
494 2006 586 2074 αῦτόν
606 2016 661 2074 νῦν
681 2017 852 2094 μεταγαγεῖν
875 2007 930 2090 τήν
950 2007 1033 2086 τάξιν
1048 2014 1103 2074 τοῦ
1123 2017 1177 2093 ιγε
1197 2011 1354 2090 βασιλείου.
1398 2009 1457 2072 Καὶ
1527 2026 1528 2052 ¹

309 2111 366 2199 γάρ
381 2109 402 2194 ή
418 2115 549 2195 βασιλεία
565 2107 657 2176 αότοῦ
676 2107 733 2176 οῦκ
747 2111 824 2175 ἐστιν
840 2107 899 2176 άπό
916 2117 970 2194 τής
984 2117 1049 2196 γῆς,
1072 2107 1114 2186 οός
1128 2112 1223 2196 ἐλεγεν
1239 2111 1271 2176 ἐν
1284 2118 1327 2199 τῷ
1342 2107 1459 2195 εῦαγγε-
1528 2110 1529 2130 ί

308 2219 361 2302 λίῳ
376 2216 495 2302 Ποντίῳ
512 2209 648 2301 Πιλάτςο,
675 2208 855 2294 Ἡβασιλεία
877 2237 936 2294 μου
957 2210 1013 2277 οῦκ
1035 2214 1114 2277 ἐστιν
1131 2213 1164 2278 ἐκ
1183 2218 1236 2278 τοῦ
1255 2210 1369 2292 κόσμου
1389 2210 1458 2276 τοῦ-

308 2342 371 2381 τον.
418 2320 478 2381 Τοῦ
494 2313 551 2400 γάρ
567 2320 698 2400 Χριστοῦ
715 2310 752 2378 τά
770 2311 866 2378 πάντα
883 2320 1065 2396 πληροῦντας
1080 2311 1118 2378 δι’
1128 2309 1319 2400 αἰνιγμάτων,
1341 2314 1397 2388 ἕως
1414 2338 1458 2378 τι·

309 2417 361 2493 νός
376 2419 482 2502 μέτρου
498 2420 531 2482 αἰ
547 2413 708 2492 ὑποθέσεις
723 2419 870 2497 ἔφθανον.
906 2413 952 2480 Οό
966 2414 1021 2500 γάρ
1038 2408 1131 2498 ἦλθεν
1144 2419 1196 2480 ίνα
1209 2409 1366 2498 προκοπήν
1377 2411 1458 2502 λάβη

310 2523 455 2600 βασιλείας
469 2515 487 2582 ό
502 2517 664 2601 βασιλεύων
679 2515 737 2582 άεί·
760 2520 911 2604 ἐχαρίσατο
929 2518 961 2582 ῦέ
977 2527 1040 2594 τοῖς
1055 2514 1106 2582 τέκ’
1120 2515 1213 2582 αῦτοῦ
1229 2517 1460 2598 καθισταμένοις

309 2618 343 2685 τό
364 2623 526 2702 βασίλειον,
546 2622 595 2684 ἵνα
612 2619 652 2704 μή
668 2618 826 2708 όνομασθή
842 2616 901 2684 άπό
915 2625 975 2684 νῦν
990 2626 1104 2704 μικρῶν
1124 2621 1174 2684 ἐπί
1190 2616 1226 2682 τά
1248 2622 1365 2700 μείζονα
1386 2644 1461 2702 προ·

309 2718 437 2785 κόπτειν.
482 2721 579 2784 Μένει
597 2720 653 2806 γάρ
676 2718 770 2786 αῦτοῦ
786 2717 803 2785 ό
821 2719 951 2804 θρόνος,
982 2722 1032 2786 καί
1055 2729 1108 2804 τῆς
1122 2724 1271 2803 βασιλείας
1288 2717 1382 2786 αῦτοῦ
1403 2717 1460 2785 οῦκ

309 2824 389 2888 ἐσται
410 2821 506 2898 τέλος,
537 2823 588 2886 καλ
610 2819 742 2902 κάθηται
766 2822 817 2886 ἐπλ
834 2818 886 2886 τόν
904 2819 1018 2907 θρόνον
1038 2825 1152 2905 Δαβλῦ,
1183 2819 1215 2888 τό
1239 2825 1386 2904 βασίλειον
1404 2827 1460 2886 τοῦ

311 2922 410 3005 Δαβλῦ
425 2920 618 3004 μεταστήσας,
640 2923 691 2987 καλ
702 2924 895 3007 χαρισάμενος
908 2932 971 2999 τοῖς
986 2924 1093 2989 ἐαυτοῦ
1107 2921 1223 3000 ῦοόλοις
1236 2923 1299 3004 ῦμα
1313 2930 1350 3012 τῇ
1366 2920 1461 3008 άργιε-

189 3071 239 3114 1¹³1·
255 3057 298 3101 m
312 3021 443 3112 ρωσόνη,
464 3023 595 3090 τουτέστι
609 3032 671 3100 τοῖς
686 3019 849 3108 άργιερεῦσι
863 3030 917 3107 τῆς
928 3031 1093 3109 καθολικής
1107 3027 1268 3107 ἐκκλησίας.
1292 3026 1354 3089 Καί
1367 3023 1462 3090 πολλά

309 3130 371 3195 ἐστι
390 3127 458 3210 περὶ
472 3122 579 3190 τοῦτου
594 3127 701 3210 λέγειν,
724 3122 782 3190 ἄλλ’
798 3123 879 3208 ὅμως
896 3124 998 3209 ἐπειδή
1018 3129 1061 3202 εἰς
1075 3125 1126 3192 τόν
1140 3125 1235 3192 τόπον
1252 3125 1399 3210 ἐλήλυθα,
1423 3129 1461 3191 εἰ-

309 3238 376 3296 πεῖν
394 3225 432 3293 δι’
450 3225 489 3310 ἣν
506 3229 602 3292 αἰτίαν
616 3222 757 3293 Ἰεσσαῖον
777 3229 935 3294 ἐκαλοῦντο
951 3229 1023 3312 πρλν
1040 3235 1094 3294 τοῦ
1109 3236 1265 3294 καλεῖσθαι
1283 3231 1461 3313 Χριστιανοὶ

309 3335 341 3398 οί
357 3334 398 3407 εἰς
414 3326 541 3414 Χριστόν
555 3326 794 3408 πεπιστευκότες,
814 3327 923 3395 τοῦτου
937 3331 1021 3395 ἕνεκα
1042 3331 1155 3411 ἐφημεν
1177 3328 1222 3395 ότι
1241 3325 1260 3396 ό
1276 3328 1386 3395 Ἰεσσαί
1403 3357 1463 3396 πα-

308 3430 362 3517 τήρ
378 3437 488 3518 γίνεται
507 3434 560 3496 τοῦ
577 3433 683 3513 Δαβίό.
727 3433 788 3495 Καὶ
806 3428 872 3514 ήτοι
891 3435 946 3497 τοῦ
961 3428 1085 3511 Ἰεσσαί,
1111 3429 1177 3514 ήτοι
1193 3433 1226 3497 ἐκ
1242 3436 1297 3496 τοῦ
1312 3427 1465 3513 ὀνόματος

308 3531 411 3614 Ἰησοῦ
425 3538 479 3600 τοῦ
496 3536 603 3619 κυρίου
619 3529 703 3614 ήμοῦν
722 3530 928 3616 ἐπεκλήθησαν
947 3528 1099 3612 Ἰεσσαῖοι,
1127 3533 1178 3598 διά
1194 3530 1226 3598 τό
1243 3534 1273 3610 ἐξ
1286 3529 1391 3614 Ἰησοῦ
1411 3531 1465 3620 όρ-

310 3639 440 3714 μάσθαι,
462 3637 595 3718 μαθηταί
611 3635 693 3710 ὄντες
708 3631 817 3712 αῦτοῦ,
845 3632 867 3717 ή
886 3632 936 3700 διά
957 3640 1026 3700 ’τοι
1048 3639 1101 3718 τής
1118 3635 1307 3719 ἐτυμολογίας
1321 3640 1377 3699 τοῦ
1392 3631 1465 3702 όνό-

309 3755 401 3814 ματος
415 3741 469 3799 τοῦ
486 3741 601 3821 κυρίου,
642 3733 763 3818 Ἰησοῦς
783 3733 839 3821 γάρ
855 3734 930 3801 κατά
948 3733 1003 3819 τήν
1022 3733 1184 3822 Ἑβραλκήν
1198 3733 1348 3801 διάλεκτον
1368 3744 1466 3822 θερα-

308 3830 419 3915 πευτής
435 3841 579 3916 καλεῖται,
608 3836 673 3920 ήτοι
692 3835 791 3921 ἰατρός
812 3838 863 3902 καλ
883 3835 991 3924 σωτήρ.
1025 3837 1129 3920 Ὅμως
1147 3835 1240 3926 τοότω
1260 3843 1302 3925 τῷ
1322 3833 1466 3918 όνόματι,

308 3935 381 4020 πρίν
401 3940 457 3998 τοῦ
478 3936 673 4018 Χριστιανοῦς
694 3937 804 4015 αότοῦς
824 3947 996 4019 καλεῖσθαι,
1024 3938 1077 4022 τήν
1099 3941 1270 4021 ἐπωνυμίαν
1293 3940 1464 4020 ἐκέκτηντο.

307 4032 386 4101 ’Am'
401 4031 579 4116 Ἀντιοχείας
596 4039 638 4117 θλ,
660 4039 800 4126 καθάπερ
815 4038 876 4105 άνω
893 4040 1135 4125 ἐπεμνήσθημεν,
1159 4038 1200 4117 αίς
1213 4043 1270 4123 ἐγει
1283 4038 1305 4124 ή
1320 4047 1374 4124 τῆς
1390 4037 1467 4126 άλη-

307 4141 395 4214 θείᾱε
414 4131 578 4214 ὖπόθὲσες,
599 4137 724 4222 ἤρξαντο
742 4146 774 4208 οί
787 4145 921 4226 μαθηταὶ
938 4146 990 4210 καλ
1008 4151 1090 4210 πᾶσα
1108 4140 1129 4226 ή
1146 4145 1283 4226 ἐκκλησία
1305 4147 1359 4210 τοῦ
1381 4151 1467 4210 θεοῦ

311 4239 482 4325 Χριστιανολ
503 4245 666 4304 καλεῖσθαι.

342 4395 400 4445 Cn.
411 4397 452 4448 lv.
466 4423 499 4434 -
519 4397 539 4446 l.
557 4395 622 4444 Libri
633 4409 711 4446 omnes
725 4397 769 4449 τοῦ
784 4415 811 4451 τε
822 4401 866 4466 βα·
934 4399 960 4449 2.
977 4403 1078 4463 nepam·
1097 4417 1134 4454 τοι
1149 4415 1193 4464 pro
1206 4395 1252 4464 τί,
1277 4401 1340 4463 quod
1353 4403 1380 4451 τίι
1394 4401 1467 4453 libris

309 4461 408 4516 σιλελον.
726 4492 731 4503 ·
899 4469 970 4531 υαίρο
986 4475 1058 4520 ταλαί.
