3110 4984
326 351 461 404 rnunuu
478 351 556 405 nur.
573 349 742 404 ununrsss
759 353 821 406 nrs
838 355 857 404 ι.
875 355 956 408 ron.
974 357 1002 406 n.
1181 345 1238 410 14³

89 475 140 532 tear
155 482 187 532 et
193 471 333 553 fenim
341 474 420 554 seer't
431 493 490 534 eoa.
537 469 614 535 'l'um
631 471 802 556 quibusdum
818 472 998 540 interieotisr
1028 479 1179 557 Proptwen
1195 501 1241 540 ne-

89 577 196 654 dr‘apuet
207 576 288 636 tomo
298 585 410 654 putrere
425 585 580 636 etnam
596 593 686 648 mm,
706 586 734 635 et
744 577 1008 638 oddneredr‘tueori
1018 599 1096 653 nere,
1116 591 1147 640 et
1158 592 1243 641 erunt

90 679 140 738 dno
154 682 185 737 in
199 698 312 738 earnem
329 697 422 738 unone
458 673 571 758 Quibus
587 675 725 739 contiuuo
742 676 882 740 subierit:
908 681 983 756 Quos
998 683 1066 742 deur
1080 687 1238 755 meruerit,

88 781 165 840 dono
183 801 240 842 non
256 789 378 858 smeret.
425 773 539 860 Quibus
556 777 656 842 verbis
672 779 793 842 omnino
812 781 944 842 solvatur
964 781 1062 844 doouit
1077 793 1239 846 creatorem

5 888 6 907 ¹
89 881 236 946 hominum
254 880 459 942 universorum
476 899 544 944 esse
562 881 665 955 deum,
696 880 876 963 eundemque
900 890 1012 966 patrem
1034 901 1131 946 anum.
1175 883 1240 950 Nu·

5 1039 6 1054 ,
89 983 161 1068 ptias
178 1003 267 1068 porro
286 1001 345 1046 non
362 979 399 1044 nb
416 977 545 1058 Saura,
577 981 629 1044 sed
649 1004 667 1044 a
685 981 741 1044 deo
758 979 906 1046 remorans
925 1002 992 1046 esse
1009 984 1131 1068 primum
1150 987 1242 1050 donui-

5 1071 6 1100 ¹
89 1107 141 1148 nus
160 1085 225 1169 ipse
244 1093 383 1148 testatur:
413 1083 488 1160 Quos
505 1086 588 1156 deus,
618 1082 729 1166 inquit,
758 1087 922 1158 ronrnnur't,
949 1087 1030 1147 horno
1047 1107 1102 1148 non
1116 1101 1237 1167 separer.

5 1181 6 1190 ’
91 1185 166 1250 Turn
185 1197 307 1252 sanetus
323 1184 488 1270 apostolus:
512 1185 708 1258 lismonte,
733 1183 791 1261 nit,
815 1190 944 1266 nuptiae,
969 1198 999 1248 et
1014 1199 1094 1250 torus
1109 1194 1241 1252 tinnuer-
1255 1207 1392 1268 ueteres.

90 1291 173 1352 huns.
221 1285 337 1352 Deinde
357 1286 452 1350 viduis
471 1287 573 1348 eodem
590 1286 677 1348 modo
692 1286 844 1371 praeripit,
866 1307 919 1371 per
935 1286 1122 1354 Timotheum
1140 1291 1179 1354 itn
1198 1291 1242 1354 io-

5 1383 6 1386 *
90 1411 199 1474 quens:
231 1391 468 1452 Adulescentulus
482 1392 581 1450 oritura
597 1391 705 1449 mrim.-
735 1409 798 1450 erut
815 1393 889 1452 enain
908 1393 1072 1452 temnuntur
1079 1394 1196 1474 sumunt
1211 1398 1240 1456 tir
1256 1411 1273 1455 1.
1281 1412 1340 1458 'rte
1350 1415 1372 1470 s,

91 1496 218 1565 rnen,
251 1491 357 1552 nudem
376 1493 481 1552 nolunt.
504 1527 505 1532 κ
526 1487 602 1552 Tum
617 1489 787 1573 quibusdam
806 1489 985 1554 iuterieotisr
1009 1494 1141 1569 Nubant,
1157 1498 1241 1576 fidos
1274 1463 1305 1507 η
1320 1467 1351 1510 ¹²

86 1605 253 1674 meent,
278 1603 381 1654 nostres
394 1593 524 1674 senatus
539 1595 613 1665 sent,
637 1602 698 1656 ete.
743 1589 776 1654 ln
794 1613 852 1676 quo
871 1592 966 1676 legam
985 1594 1130 1660 eiusmodi
1147 1599 1241 1660 sanoit

90 1715 173 1778 qnam
192 1693 393 1780 praetergredi
410 1693 519 1756 nemini
534 1694 637 1772 tieem,
660 1713 736 1778 quae
751 1704 781 1758 et
801 1714 820 1757 a
838 1695 894 1760 deo
909 1697 1041 1778 protenta
1063 1696 1118 1776 sit,
1140 1709 1173 1761 et
1189 1697 1241 1762 bo·

90 1795 214 1860 minibus
238 1795 400 1860 tonsurus
423 1817 527 1860 oaussa
549 1796 719 1860 seruitute.
1452 1865 1458 1879 ,

173 1895 263 1981 Quod
277 1917 350 1960 varo
370 1897 406 1960 ad
420 1898 574 1983 opiniones
594 1897 796 1978 illuminet,
819 1918 890 1982 qnae
908 1898 944 1962 de
961 1899 1069 1964 divinis
1086 1899 1240 1986 prophetu—
1260 1921 1319 1990 cap.
1332 1926 1374 1976 vr,

91 2019 154 2063 rum
171 2001 301 2064 orrentia
316 2000 497 2065 euiunuiosa
519 2009 701 2064 sommentus
716 2010 780 2078 est,
804 2019 870 2062 oum
887 2001 923 2066 ad
940 2001 1025 2064 deum
1041 2003 1190 2086 pertinere
1206 2004 1241 2067 ii·

91 2100 296 2185 insurgerit,
328 2102 441 2165 infinita
463 2103 603 2186 quaedam
628 2103 659 2165 in
683 2101 808 2166 medium
832 2101 1048 2183 tumetium,
1080 2105 1240 2170 uniusmodi

93 2213 158 2266 sunt
174 2223 249 2288 qnae
271 2203 374 2268 uniens
396 2204 459 2288 ipse
478 2205 525 2266 dei
545 2203 620 2268 iilius
637 2203 783 2288 loquitur,
807 2224 872 2266 euru
890 2204 999 2268 deeora
1014 2227 1067 2270 sun
1084 2228 1240 2272 ornamen-

92 2315 177 2389 taque
201 2325 368 2392 proponens
391 2305 437 2369 his
459 2306 557 2370 verbis
576 2305 684 2369 utitnre
728 2301 876 2384 Primum,
899 2309 1027 2368 Atreum
1044 2320 1129 2387 poter
1148 2322 1391 2393 veruntamen.

91 2411 263 2470 dardmum't
277 2412 372 2470 uuidere
388 2413 460 2470 ment
477 2431 582 2482 neum,
606 2419 635 2469 et
651 2411 730 2481 nidr't,
748 2419 778 2468 et
787 2412 904 2488 gentius
918 2420 977 2470 est.-
1001 2429 1036 2472 ae
1050 2430 1182 2488 rursum,
1207 2417 1244 2474 Si

91 2513 244 2571 crederetis
259 2513 370 2588 Moysi,
394 2514 546 2573 crederetis
557 2513 686 2594 forsitan
702 2521 731 2571 et
744 2513 829 2584 mr‘dir'5
852 2514 887 2572 de
903 2531 946 2572 ne
959 2515 1031 2572 enim
1045 2515 1094 2574 itte,
1111 2518 1235 2593 scripsit.
1249 2530 1390 2588 tem.a‚ss.

90 2607 202 2696 Ecquis
218 2630 293 2674 vero
305 2613 431 2694 prudens
447 2623 477 2674 et
492 2623 611 2695 neeeptn
626 2610 764 2674 divinitus
779 2611 921 2694 snpientia
939 2613 1087 2694 praeditus
1102 2613 1240 2699 imposto-

90 2733 150 2776 rem
169 2709 354 2777 Saturnilnm
380 2733 439 2776 non
461 2713 545 2776 [anile
571 2711 743 2790 convineat,
768 2731 832 2776 eum
850 2713 1028 2776 snivaterern
1045 2715 1145 2778 videat
1162 2716 1240 2780 veri-

90 2817 158 2878 tatis
178 2815 413 2899 comprobandae
434 2813 529 2898 gratia
553 2815 741 2899 semetipsum
765 2834 831 2876 eum
854 2813 966 2898 ingenti
990 2815 1083 2899 gioria
1104 2827 1240 2901 retegen-

90 2925 147 2980 tem
163 2937 226 2980 non
245 2937 309 2978 enm
327 2917 415 2980 aiiter
429 2937 514 3000 quam
532 2914 562 2978 in
578 2916 673 2980 medio
686 2911 770 2980 Elias
786 2936 819 2979 ae
828 2914 924 2980 Musis
942 2915 1083 2980 exhibere
1095 2917 1239 2997 votuisse,

90 3017 136 3102 qni
156 3027 190 3082 et
208 3017 265 3103 ipsi
281 3037 334 3082 sun
350 3019 471 3103 quisque
486 3017 623 3082 instructi
640 3018 733 3102 gioria
748 3039 813 3081 eum
826 3016 876 3082 ἰΙΙο
892 3019 1041 3103 conspecti
1057 3023 1145 3084 suntt
1165 3018 1241 3086 Pos-

90 3129 208 3184 suntet
227 3118 285 3182 ntia
303 3119 331 3182 id
348 3139 441 3204 genus
461 3119 579 3198 afferri,
611 3139 809 3204 quaeeunque
830 3119 895 3204 ipso
919 3121 1028 3184 domini
1050 3141 1103 3185 ore
1121 3132 1240 3207 totoque

90 3231 270 3285 testamento
292 3241 369 3285 novo
388 3221 578 3307 pronunciata
596 3221 625 3285 id
641 3233 743 3308 operte
758 3222 932 3286 eoniirmuut
953 3222 1047 3306 legem
1066 3243 1102 3286 ne
1118 3223 1242 3308 prophe-

90 3331 135 3386 tas
149 3333 297 3407 vetusque
311 3324 537 3386 instrumentum
554 3344 641 3386 omne
655 3344 719 3387 enm
739 3345 816 3388 noro
833 3324 1011 3402 convenire,
1034 3334 1187 3408 utrumque
1204 3325 1240 3388 ab

91 3445 147 3488 nuo
167 3425 332 3509 eodemque
348 3427 402 3488 deo
417 3445 564 3489 manasse.
610 3421 861 3508 Quemadmodum
879 3445 944 3488 enm
960 3424 1049 3503 dioit,
1081 3429 1240 3490 Venr‘entr'n
1274 3449 1358 3498 arms,

89 3532 181 3588 m
199 3529 354 3602 Abrnlrne,
378 3532 461 3588 Isnnr
479 3538 508 3588 et
527 3529 611 3589 tarot
628 3531 657 3588 r'a
678 3549 767 3608 regno
784 3531 941 3602 coelorum,
966 3539 996 3588 et
1011 3532 1186 3608 reputesemtt
1204 3531 1240 3590 nd
1290 3506 1352 3559 ⁸’¹¹'

91 3633 251 3702 madente,
276 3639 335 3692 ete.
380 3627 556 3708 tremitur,
580 3629 656 3712 quod
679 3628 708 3692 iu
726 3649 851 3712 persona
873 3627 994 3694 Doridis
1011 3629 1046 3692 de
1070 3649 1103 3692 se
1126 3631 1240 3714 proedi-

90 3740 167 3794 etum
187 3731 302 3793 inerntr
326 3735 550 3794 Dteitdornr‘nur
565 3735 674 3793 domino
690 3751 764 3806 meo,
789 3735 861 3792 Sede
876 3753 894 3792 n
908 3736 1017 3793 dennis
1033 3737 1110 3793 ner's.
1159 3731 1236 3798 Tum
1268 3743 1353 3792 rnre.

91 3834 166 3914 quud
181 3829 354 3896 pharisaeis
370 3833 460 3898 dixitr
491 3837 677 3914 Nunquamne
700 3837 826 3913 legistis,
850 3837 983 3913 Lupridem
1006 3855 1084 3915 parem
1103 3837 1238 3916 reproba·
1270 3797 1354 3911 ism

90 3946 159 3996 rent
170 3935 379 4015 eednfienntest
419 3931 531 3999 Eodem
550 3935 637 3998 etiam
656 3935 782 4019 pertinet
797 3933 873 4017 quod
891 3931 991 3998 Luras
1015 3936 1124 4000 asserit
1142 3939 1238 4003 samu·
1275 3917 1309 3973 ²¹·
1322 3917 1354 3964 ⁴²

91 4043 184 4100 torem
203 4057 220 4100 a
238 4037 363 4100 mortuis
379 4038 536 4102 excitatum
545 4035 721 4101 Nethauneii
737 4055 771 4098 ao
782 4032 933 4121 Cleophae
950 4036 979 4099 in
989 4037 1037 4101 via
1054 4041 1235 4124 apparuisse,

90 4147 176 4220 atque
193 4157 234 4202 ex
251 4137 456 4224 prophetarum
471 4139 645 4203 testimoniis
662 4138 867 4216 admonuisse,
891 4144 1020 4220 quoniam
1037 4144 1388 4226 supersternens.

92 4241 234 4302 ctrnmn
248 4246 328 4320 puri,
352 4252 415 4303 eta
433 4245 550 4303 mortuis
572 4245 654 4303 tertr'rr
674 4245 719 4303 die
736 4261 896 4320 resurgere.
943 4237 1099 4305 Postremo
1116 4241 1188 4304 nihil
1208 4243 1237 4304 in

122 4425 149 4476 2
165 4423 210 4480 τὸν
222 4441 270 4479 non
285 4429 370 4478 item
383 4430 435 4478 ond.
444 4429 542 4491 niudis.
556 4432 579 4478 et
594 4429 649 4478 edit.
715 4423 741 4478 4.
759 4419 779 4492 ἦ
793 4443 839 4478 non
852 4429 920 4478 nubet
934 4430 986 4480 eod.
1004 4431 1077 4480 rorte.

90 4496 163 4552 vrbe.
184 4497 297 4546 Panum
311 4499 416 4558 rrpoautt
430 4509 460 4546 err
477 4498 527 4546 eut
544 4497 616 4546 reue
716 4494 741 4546 5.
757 4497 808 4547 rus
823 4497 932 4563 ψαλμῶν
947 4495 992 4550 nui
1007 4489 1057 4550 sind
1074 4495 1124 4550 reis
1141 4511 1238 4564 προφη-

123 4557 243 4626 &Vnae
258 4557 593 4627 enumerentur
683 4563 733 4615 τῶν
748 4563 887 4615 esstote
