3072 4986
312 259 448 312 radant!
467 260 543 314 ARV.
560 256 731 313 uetustus
747 260 811 312 utu.
824 263 844 312 l.
862 261 942 313 TOM.
957 263 983 313 1.·
1179 251 1218 313 33

76 381 199 466 grassari
222 380 334 464 coepit,
367 379 444 466 quud
470 381 592 465 primurn
613 380 650 443 ab
671 379 779 444 Adami
801 379 984 445 contumacia
1005 391 1121 463 natum,
1151 381 1219 445 inde

79 483 160 548 Caini
176 483 332 567 parricidio
351 481 573 547 corroboratum
589 482 695 546 inerat.
735 479 831 546 laredi
847 501 923 546 vero
939 493 1072 568 tempore
1086 504 1121 546 ao
1136 484 1218 548 dein-

77 607 141 671 eaps
163 596 262 670 postea
285 583 446 660 venalicia,
470 583 564 648 malae
583 594 679 663 artes,
703 583 878 669 petulantia,
901 584 1042 648 adulteria
1060 596 1147 670 atque
1164 586 1218 648 ina-

77 687 200 772 prcbitas
223 685 318 748 omnis
340 685 448 770 erupit.
492 683 648 748 Necdum
671 695 770 750 tamen
797 684 916 749 diuersa
936 686 995 749 ulla
1019 697 1083 750 erat
1104 689 1216 772 opinio,

77 809 166 872 neque
183 788 287 872 dogma
309 787 507 864 contrariom,
532 786 584 850 sed
603 807 661 850 una
678 787 822 850 duntaxat
838 785 955 870 lingua,
978 789 1097 872 perinde
1114 810 1148 852 ao
1165 811 1217 874 pe-

77 911 127 954 uus
143 911 230 954 unum
249 889 303 952 snb
322 889 398 952 idern
417 899 529 972 tempus
547 889 576 950 in
594 900 674 951 terra
690 887 872 972 dissipatum.
917 885 991 951 Post
1010 888 1082 953 baec
1096 888 1218 956 laredus

79 990 224 1055 linoobon
249 990 337 1053 liliuuu
361 989 479 1070 babuit,
507 990 555 1074 qui
579 991 634 1053 deo
655 1000 756 1074 gratum
781 989 851 1069 iuitq
883 1009 977 1074 neque
999 989 1137 1058 inventus
1159 1005 1216 1058 est.

76 1093 155 1156 llonc
171 1093 248 1156 enirn
264 1092 415 1156 transtulit
430 1092 513 1170 deus,
539 1112 595 1154 nec
610 1101 734 1154 mortem
752 1091 835 1156 obiit.
880 1089 993 1155 Enocbi
1011 1091 1086 1155 lilios
1100 1089 1220 1158 Mathu-

76 1199 150 1259 satas
174 1193 246 1272 luit,
276 1195 324 1278 qni
344 1191 523 1256 Lamecburn
545 1193 664 1276 genuit,
687 1190 854 1256 Lamachus
871 1191 1030 1258 Natorum.
1076 1189 1138 1257 Sub
1161 1217 1218 1278 qno

75 1298 166 1360 diuina
186 1297 304 1360 taudem
327 1294 438 1358 institia
455 1295 591 1357 eluvione
608 1315 747 1379 aquarum
765 1293 795 1356 in
813 1295 949 1358 muudum
973 1293 1103 1360 immissa
1125 1316 1218 1380 genus

73 1399 255 1463 animantium
272 1417 361 1460 omne
374 1395 503 1459 funditus
520 1396 658 1459 extinxit.
693 1393 776 1460 Unus
791 1394 821 1458 in
837 1417 905 1460 arca
919 1393 1054 1460 Nodmus
1073 1396 1120 1460 dei
1136 1396 1218 1462 iussu

74 1511 202 1564 seruatus
219 1509 280 1576 est,
303 1507 404 1583 utpote
422 1497 515 1560 eidem
533 1507 670 1582 acceptus
688 1507 718 1561 et
734 1497 903 1582 cumprimis
922 1497 995 1582 apud
1012 1498 1092 1562 illum
1108 1499 1218 1582 gratio·

74 1624 128 1666 aas.
168 1601 228 1666 llic
249 1601 370 1684 inquam
392 1619 456 1662 ouon
482 1597 575 1662 tribua
598 1599 717 1678 liberis,
743 1595 852 1678 Semo,
874 1594 1004 1678 Cbamo,
1029 1621 1065 1663 ao
1084 1597 1216 1683 lapbetn,

74 1725 197 1768 necnon
218 1713 249 1766 et
268 1722 365 1766 uxore
389 1712 447 1763 tam
465 1721 516 1763 sua
537 1721 624 1784 qoam
640 1699 765 1764 liliorum
784 1712 901 1786 ereptus
925 1711 988 1781 cst,
1011 1702 1085 1765 adeo
1103 1711 1136 1765 ut
1151 1712 1219 1766 octo

74 1827 126 1868 uoo
150 1805 274 1892 amplius
297 1803 393 1888 capita
412 1802 449 1865 ab
473 1801 528 1866 boc
544 1802 654 1865 diluvio
673 1802 701 1864 in
721 1823 789 1866 arca
806 1813 924 1867 seruata
942 1803 1068 1882 luerint,
1091 1801 1219 1888 itemque

74 1929 110 1970 ex
125 1908 199 1970 omni
220 1907 379 1970 bestiarum
394 1915 424 1968 et
439 1903 629 1968 animantium
644 1923 773 1988 geuene,
796 1905 876 1968 uelut
891 1903 1031 1988 pecudum
1048 1915 1079 1967 et
1093 1904 1219 1970 aliorum

73 2008 227 2087 eimmodi,
251 2008 288 2071 ad
309 2006 490 2070 restituenda
515 2007 697 2090 postmodnm
723 2005 753 2069 io
776 2007 921 2089 integrum
943 2005 1058 2086 omnia,
1082 2027 1124 2070 ex
1144 2028 1218 2071 non-

74 2110 153 2176 oullia
170 2113 241 2190 duo,
263 2131 304 2174 cx
321 2107 385 2172 aliis
403 2117 525 2193 septena
542 2108 664 2172 liberata
681 2107 751 2172 sint.
797 2106 862 2171 lloc
881 2109 966 2171 rnodo
988 2108 1100 2172 decima
1122 2119 1217 2172 traus-

72 2223 128 2276 acta
143 2210 298 2296 generatio
312 2221 359 2274 eat
370 2230 448 2273 aooo
463 2211 498 2273 ab
514 2210 585 2273 orbe
601 2211 718 2274 condito
731 2204 961 2275 MMCCLXll.
990 2207 1064 2273 lude
1080 2221 1215 2275 cessante

73 2315 175 2378 otono
205 2333 298 2399 penes
323 2309 471 2376 Nodmum
502 2333 567 2375 cum
598 2312 706 2376 familia
736 2333 790 2376 sua
817 2312 990 2376 resederunt
1018 2311 1137 2394 generis
1164 2312 1216 2375 bu·
1230 2327 1287 2373 aaa.
1300 2333 1320 2374 a.

71 2417 142 2479 uani
162 2415 324 2499 reliquiae,
349 2434 413 2476 cum
433 2413 512 2477 nulla
529 2413 624 2478 adbuc
639 2424 720 2477 esset
736 2415 902 2498 dogmatum
918 2412 1064 2492 vanietas,
1088 2433 1143 2478 nec
1159 2415 1219 2479 ulla

72 2539 137 2600 grus
160 2517 197 2580 ab
220 2517 279 2580 alia
301 2515 498 2600 discreparet,
524 2516 631 2580 nullum
653 2515 785 2580 haeresis
806 2535 931 2593 nomen,
955 2515 1118 2578 idololatria
1139 2516 1219 2581 nulla

72 2619 178 2703 uspiam
206 2628 299 2682 esset.
345 2615 385 2680 Et
408 2618 544 2700 quoniam
569 2639 622 2680 suo
647 2618 767 2701 quisque
792 2617 913 2680 arbitrio
938 2615 1026 2681 vitarn
1048 2616 1219 2682 instituebat

72 2722 177 2803 (neque
200 2719 279 2781 enim
301 2739 360 2782 nna
383 2719 434 2781 lex
452 2719 586 2782 omnibns
605 2719 697 2782 adbuc
716 2718 894 2803 praescripta
916 2719 1028 2797 luerat,
1053 2719 1106 2784 sed
1128 2741 1219 2784 unus·

72 2823 192 2905 quisque
211 2821 286 2904 legis
302 2820 357 2882 sibi
377 2821 471 2883 vicem
493 2819 660 2905 praestabat
675 2831 761 2904 atque
783 2841 823 2882 ex
840 2820 989 2884 voluntate
1005 2841 1058 2884 ona
1081 2821 1217 2905 degebat,

72 2943 117 3005 pro
139 2944 178 2984 eo
200 2942 238 2985 ae
254 2917 435 2985 barbarismi
453 2921 634 3005 aliorumque
655 2921 795 2984 eiusmodi
818 2921 1058 3006 appellationibus
1080 2943 1150 2987 usus
1172 2933 1219 2986 est

70 3023 219 3108 apostolus
241 3045 304 3086 cunr
328 3024 369 3086 ita
390 3022 533 3107 loquitura
562 3027 597 3084 In
616 3023 728 3085 elram
748 3027 920 3103 lentaeque
942 3025 1097 3098 borbmus,
1129 3047 1217 3106 neque
1230 3039 1262 3132 ξω
1253 3040 1317 3146 tppa

69 3129 184 3205 seam,
210 3146 302 3206 neque
316 3129 451 3198 Graecus,
475 3127 779 3208 nequeludueuscat),
802 3125 916 3190 illorum
933 3135 1094 3211 temporum
1108 3135 1215 3204 statua,

68 3227 112 3308 qui
134 3227 192 3292 sub
216 3228 318 3288 decem
340 3226 579 3310 generationibus
604 3227 674 3304 luit,
698 3223 879 3290 Barbarismi
899 3247 974 3290 voce
996 3228 1217 3311 cognominatus

67 3340 122 3390 est.
168 3325 245 3391 Post
269 3327 409 3391 diluuium
433 3349 498 3390 curn
522 3328 551 3390 in
570 3328 690 3390 Ararati
711 3327 874 3404 montibus,
896 3326 1068 3392 Armeniam
1090 3329 1168 3392 inter
1188 3337 1219 3391 et

66 3425 225 3514 Cardyeos
239 3429 270 3493 in
287 3427 408 3492 Lnbare
425 3430 498 3494 colle
512 3427 621 3493 Notaui
637 3450 706 3493 arca
723 3429 921 3507 constitisset,
945 3429 1005 3492 illio
1020 3429 1111 3510 prima
1126 3427 1217 3491 borni·
1230 3447 1320 3495 aaut

64 3551 132 3593 nam
151 3531 316 3594 secundum
333 3530 471 3595 diluuium
488 3529 629 3594 babitatio
645 3531 710 3594 luit.
745 3528 912 3614 lbidernque
929 3527 1062 3592 Noitorus
1078 3529 1219 3614 propbeta
1388 3515 1390 3522 ¹

64 3633 157 3696 rbem
172 3631 327 3712 consevit,
350 3654 385 3696 ao
400 3633 576 3696 domicilium
591 3633 752 3696 constituit.
798 3629 891 3697 Cuius
909 3629 1008 3693 liberis
1032 3629 1124 3710 (buno
1140 3633 1218 3695 euim

61 3733 161 3816 ipsum
177 3755 325 3818 generare
342 3735 465 3799 desiisse
481 3755 584 3798 sacrae
603 3734 706 3798 literae
724 3735 904 3820 significant)
924 3729 974 3794 lilii
992 3751 1028 3794 ac
1045 3744 1167 3817 nepotes
1182 3734 1218 3797 ad

63 3839 199 3918 quintam
224 3855 316 3920 nsque
338 3837 559 3976 generatipnem
581 3835 642 3900 uati
660 3846 745 3917 sunt,
775 3837 811 3900 ad
833 3855 928 3897 annos
951 3833 1065 3898 scilicet
1084 3831 1218 3898 chlx

93 4005 169 4056 lite
158 3998 209 4088 cuiq
224 4001 366 4069 ἓηροδοξῑα
382 4007 433 4056 cod
450 3959 525 4057 Vellet.
700 4005 742 4058 23.
759 4001 913 4057 Καυκασίων
930 4007 980 4055 cod.
1000 4007 1121 4055 Venet-
1149 4001 1219 4068 Kup-

93 4073 169 4126 lite
157 4089 233 4124 rurum
250 4075 302 4122 cod.
320 4074 395 4123 Vana.
663 4073 725 4128 duda
741 4080 804 4123 terro
819 4075 985 4122 numeraturi·
985 4074 1113 4134 a.froltoer
1125 4067 1168 4131 66,
1177 4073 1218 4120 bd.

91 4134 223 4193 2636·δὲ
240 4135 278 4198 tle
293 4141 344 4191 eod.
362 4143 438 4191 leuet.
665 4143 799 4204 cmptnma
791 4142 1003 4191 intuetdledtaoa.
1026 4141 1062 4202 cf.
1073 4106 1219 4189 attomboer

91 4207 138 4256 tt
157 4205 252 4266 zabad:
282 4210 462 4258 desideraturi
453 4225 477 4259 aa
502 4210 553 4260 cod.
577 4212 631 4260 Van.
665 4207 713 4272 tt,
729 4207 753 4259 3.

65 4277 632 4328 emmaumcornmaaaat’cautaactuu-
697 4246 1221 4345 lt.n0nptp.coovmtutparuaru

65 4349 117 4392 ruat
131 4346 232 4394 aaron
246 4349 300 4406 post
314 4348 387 4394 aurbu
404 4337 453 4396 οὐκ
467 4339 599 4404 Ἰουδαῖος.
665 4346 728 4407 tabu
745 4358 797 4408 cop
811 4347 835 4394 a.

96 4411 142 4462 22.
159 4405 209 4464 Ἐν
226 4411 330 4480 Χριστῷ
346 4414 466 4462 ceddam
502 4414 573 4476 Vutqc
587 4407 633 4468 ’Ea
700 4412 742 4463 26.
757 4407 865 4478 πρώτως
881 4412 932 4461 cod
949 4413 1003 4462 Vra.

67 4473 252 4547 mxima
