3106 4990
229 363 234 368 '
294 361 355 426 540
715 352 1026 424 κατατάττεται

296 487 337 567 οἷς
358 492 432 577 λέγει
454 485 473 555 ό
495 486 672 567 ἀπόστολος·
703 487 775 566 ῦςτε
791 479 882 553 οῦυό
902 485 1117 571 ἀνθιστάμενος
1137 495 1173 579 τῇ
1187 486 1324 580 Ἐξουσίρ
1342 497 1380 582 τῇ
1395 498 1454 558 τοῦ

292 601 369 660 θεοῦ
385 597 509 682 διαταγῇ
526 590 714 676 ἀνθέστηκεν.
761 595 801 656 Οί
817 589 872 676 γάρ
885 587 1047 674 ’Ἄρχοντες
1065 589 1120 656 οῦκ
1138 595 1194 658 ει’σι
1209 593 1284 658 κατά
1304 601 1358 659 τοῦ
1376 592 1453 679 ἀγα·

293 704 370 777 θοῦ,
399 693 458 760 ἀλλ’
473 693 548 777 άπέρ
565 703 619 762 τοῦ
635 693 755 781 ἀγαθοῦ
762 745 770 772 ,
801 695 852 758 καί
869 690 925 758 οῦκ
941 695 996 758 τίσι
1012 690 1088 758 κατά
1104 702 1157 777 τῆς
1173 692 1329 777 ἀληθείας,
1365 693 1451 760 ἢάλλ’

293 795 366 882 άπέρ
388 803 442 881 τῆς
463 795 613 880 ἀληθείας.
659 799 757 873 Θέλεις
773 797 822 875 δέ,
851 796 940 878 φησί,
971 794 1024 878 τὴν
1039 793 1190 874 Ἐξουσίαν
1209 796 1251 880 μή
1268 803 1451 882 φοβεῦσθαις

293 899 326 966 τό
351 897 494 985 θάγαθόν
514 904 607 978 ποίει,
637 901 687 964 καί
710 901 783 977 έξεις
799 901 921 964 ένταινον
943 901 973 974 έξ
994 895 1092 982 αὐτῆς.
1140 899 1185 966 Οῦ
1202 901 1258 987 γάρ
1276 905 1342 984 εἰκῆ
1362 911 1456 984 φορεῖ

293 999 347 1086 τὴν
364 1001 522 1089 μάχαιραν·
552 1000 693 1078 διάκονος
708 1000 764 1088 γάρ
782 1003 859 1068 έστιν
881 1003 921 1076 είς
938 997 1010 1066 αάτό
1027 1009 1116 1068 τοῦτο
1134 1005 1166 1069 έκ
1183 1012 1261 1070 θεοῦ
1278 1005 1453 1090 τεταγμένος

294 1113 335 1192 τῷ
355 1101 389 1171 τό
406 1104 500 1173 κακόν
515 1102 680 1190 πράττοντι.
727 1105 786 1168 Καί
802 1101 875 1192 δρᾷς
897 1099 938 1179 τάς
954 1099 973 1185 ἡ
990 1101 1126 1181 Ἐξουσία
1143 1105 1219 1190 αῦτη
1234 1104 1255 1190 ἦ
1268 1104 1399 1189 κοσμικιὶ
1416 1109 1452 1172 έιτ

293 1217 368 1274 θεοῦ
384 1210 535 1284 τέτακται,
563 1208 614 1272 καί
631 1211 774 1294 μαχαίρας
792 1208 877 1289 έλαβε
893 1204 947 1288 τήν
959 1203 1127 1285 Ἐξουσίανς
1157 1207 1213 1275 οάκ
1232 1206 1396 1292 ἀλλαχόθεν
1416 1209 1452 1274 δέ

292 1319 403 1390 ποθεν,
433 1307 491 1377 ἀλλ’
506 1312 539 1376 έκ
553 1316 645 1389 θεοῦ,
675 1312 717 1385 είς
733 1311 889 1390 ἐκδίκησιν.
935 1309 997 1373 Καί
1014 1305 1051 1374 οῦ
1065 1309 1222 1393 δυνάμεθα
1237 1313 1331 1397 λέγειν
1346 1310 1399 1379 διά
1417 1311 1451 1376 τό

293 1410 367 1480 εἶναι
380 1411 490 1499 Ἀρκάς
503 1415 555 1478 καί
566 1409 717 1489 Ἐξουσίας
731 1413 763 1476 έν
775 1408 877 1499 κόσμρο
891 1409 943 1476 τόν
957 1413 1076 1493 βασιλέα
1091 1411 1206 1479 τοότιυν
1221 1412 1262 1496 μή
1276 1412 1351 1480 εἶναι
1365 1419 1451 1497 βασι-

293 1517 359 1596 λέα,
392 1512 462 1580 ἀλλά
478 1511 553 1580 εἶναι
568 1511 620 1589 τάς
635 1511 745 1597 Ἀρχάς
760 1516 811 1580 καί
828 1511 881 1589 τάς
896 1509 1047 1590 Ἐξουσίας
1063 1517 1094 1580 έν
1109 1513 1227 1605 κόσμῳ,
1256 1512 1332 1584 είναι
1347 1518 1382 1582 δὲ
1400 1519 1453 1582 καὶ

292 1616 344 1684 τόν
361 1615 474 1684 τοῦτον
490 1617 617 1699 βασιλέα.
660 1612 713 1691 Ὡς
729 1607 783 1682 οὖν
800 1617 850 1680 έπί
867 1622 922 1700 γῆς
940 1613 1071 1700 ἀροῦμεν,
1101 1619 1245 1684 δέδεικται
1265 1617 1362 1704 ὃηιόρ,
1395 1617 1453 1685 οῦκ

293 1723 425 1796 έναντέας
440 1717 493 1795 τάς
510 1716 600 1804 ἀρχάς
615 1725 656 1808 τῷ
670 1723 785 1800 βασιλεῖ
789 1769 797 1797 ,
827 1715 885 1782 ἀλλ’
902 1714 1137 1803 ῦποτεταγμένας
1152 1723 1194 1796 είς
1208 1725 1355 1802 διοίκησιν
1373 1747 1452 1786 παν·

292 1821 343 1899 τός
355 1830 410 1888 τοῦ
423 1826 581 1904 βασιλείου,
598 1823 650 1885 καί
664 1823 706 1896 είς
720 1818 854 1897 εάταξίαν
869 1827 933 1906 γῆς,
949 1823 1026 1886 ένθα
1039 1821 1130 1903 φόνοι
1143 1825 1194 1888 καί
1209 1823 1307 1908 μάχαι,
1330 1820 1456 1908 άμνοιαί

293 1951 322 1990 τε
337 1927 389 1989 καὶ
405 1927 599 2002 διδασκαλίαι,
621 1920 754 2006 εάνομίαι
766 1948 796 1987 τε
810 1925 861 1989 καί
877 1929 1068 2008 παρανομίαι,
1089 1927 1141 1990 καί
1152 1924 1261 1992 τοῦτον
1274 1925 1359 2012 χάριν
1373 1929 1456 1992 εἰσὶν

292 2030 430 2107 ἐξουσίαι,
452 2030 502 2092 ίνα
517 2029 559 2102 είς
574 2023 716 2091 εάτακτον
731 2023 866 2103 σάνταξιυ
880 2033 933 2110 τῆς
947 2033 1001 2092 τοῦ
1017 2025 1127 2104 παντός
1140 2026 1254 2111 κόσμου
1271 2027 1457 2111 διοικήσεως

291 2128 327 2194 τά
347 2127 443 2195 πάντα
464 2132 497 2194 ἐκ
519 2135 594 2194 θεοῦ
616 2135 714 2204 καλῶς
734 2136 905 2219 καταταχθῇ
927 2131 979 2194 καί
999 2133 1204 2221 οίκονομηθῇ,
1234 2130 1312 2198 οῦτοι
1338 2133 1394 2196 καί
1420 2136 1456 2200 έν

293 2229 427 2321 οάρανρῦ,
457 2229 581 2315 μάλιστα
595 2231 628 2296 δέ
643 2231 796 2315 ἐξαιρέτως
813 2233 885 2310 ἐκεῖ,
917 2233 993 2298 ἔνθα
1010 2230 1046 2298 σά
1062 2231 1196 2312 φθόνος,
1227 2231 1264 2300 οῦ
1279 2240 1379 2315 ζῆλος,
1414 2234 1456 2300 οῦ

168 2361 220 2406 ηις.
233 2350 278 2394 τεσ.
293 2338 479 2420 παρανομία,
505 2331 561 2400 οάκ
577 2333 760 2416 έναντιότης,
782 2331 818 2398 οῦ
834 2333 945 2414 στάσις,
968 2332 1021 2418 οὐχ
1034 2333 1133 2420 ὅρκος,
1156 2333 1210 2419 οῦς
1225 2333 1351 2421 ἀρποηή,
1374 2335 1455 2404 οῦδέ

291 2465 318 2503 τι
339 2439 439 2522 ἕτερον
452 2443 518 2502 ,τοῖν
540 2434 697 2516 τοιούτοιν,
725 2433 873 2514 Ἐξουσίαι
890 2439 1059 2522 τεταγμέναι
1077 2439 1132 2502 είσί
1151 2434 1188 2504 δι’
1207 2436 1294 2520 ἀλλην
1309 2463 1453 2522 πραγμα·

290 2543 376 2605 τείαυ.
423 2545 521 2604 Ποῖαν
543 2540 575 2603 δέ
596 2564 689 2621 φημι,
720 2536 778 2603 ἀλλ’
799 2537 820 2620 ἢ
838 2539 887 2604 διά
903 2537 956 2604 τόν
972 2538 1092 2622 ῥυθμόν
1107 2547 1160 2606 τοῦ
1180 2539 1293 2622 ῦμνου,
1322 2538 1371 2604 διά
1392 2541 1457 2624 τὴν

291 2639 353 2708 ἀνω
367 2637 515 2725 ἀκήρατον
530 2643 717 2726 δοξολομίαν,
748 2638 785 2706 δι’
802 2638 841 2724 ἣν
856 2637 1001 2723 ἠθέλησεν
1016 2638 1033 2707 ό
1050 2640 1189 2722 ἀφθονος
1206 2640 1292 2725 ἦμιῦν
1306 2639 1379 2718 θεός
1396 2648 1454 2712 καί

291 2741 427 2829 βασιλεῦς
442 2746 620 2826 χαρίσασθαι
636 2741 748 2832 ἑκάστῳ
764 2750 823 2808 τιῦν
840 2739 891 2808 ἀπ’
911 2741 1005 2809 αάτοῦ
1020 2747 1237 2830 γεγεννημένων
1253 2743 1342 2824 δόξαν
1357 2771 1457 2832 προς-

291 2844 439 2928 ήκουσαν,
466 2848 517 2910 ίνα
538 2853 591 2928 τῆς
606 2841 698 2910 αὐτοῦ
713 2849 860 2928 βασιλείας
881 2844 913 2912 τό
930 2845 1059 2932 φαιδρὸν
1080 2849 1132 2912 καί
1148 2845 1378 2930 4ἀκατάληπτον
1397 2854 1455 2916 καὶ

290 2949 453 3029 ἔκπληκτον
467 2944 512 3011 ἀεί
527 2945 688 3031 δοξάζηται.
733 2955 848 3029 Σαφοῦς
861 2951 960 3014 τοίνυν
975 2951 1080 3014 ἐκεῖνοι
1096 2949 1307 3033 πεπλάνηνται,
1328 2949 1381 3034 τὴν
1399 2951 1453 3036 χά-

292 3077 339 3134 ριν
359 3056 413 3115 τοῦ
433 3057 510 3116 θεοῦ
531 3047 734 3135 ἀγνοήσαντες.

379 3361 458 3424 Φασὶ
473 3358 506 3423 δέ
520 3350 614 3437 οὗτοι,
638 3355 679 3434 τάς
693 3361 743 3424 καί
759 3356 822 3424 ἀνα
838 3385 890 3440 μοι
903 3356 1132 3443 προδεδήλωται,
1154 3358 1206 3425 τόν
1220 3359 1361 3443 διάβολον
1374 3355 1454 3428 εἶναι

291 3457 356 3526 υίόν
370 3468 424 3543 τῆς
436 3459 565 3545 ἑβδόμης
579 3463 723 3539 έξουσίας,
741 3463 869 3526 τουτέστι
881 3468 933 3528 τοῦ
946 3463 1096 3543 Σαβαοέθ·
1114 3459 1190 3528 είναι
1204 3463 1235 3527 δέ
1249 3459 1302 3528 τόν
1311 3463 1455 3544 Σαβαοόθ

291 3569 350 3628 τῶν
363 3560 531 3642 Ἰουδαίαν,
557 3561 610 3628 τόν
625 3563 657 3628 δὲ
672 3561 810 3646 διάβολον
825 3562 957 3648 πονηρόν
973 3560 1066 3630 αάτοῦ
1080 3563 1162 3643 υἷόν,
1191 3562 1263 3630 ὄντα
1281 3567 1315 3630 δέ
1330 3567 1378 3631 έπί
1393 3573 1455 3646 τῆς

294 3671 371 3749 1γῆς
386 3665 596 3731 ἐναντιοῦσθαι
610 3672 651 3754 τῷ
667 3667 732 3753 ίδίρο
745 3669 841 3749 πατρί.
886 3667 947 3730 Καί
962 3664 1015 3730 τόν
1029 3664 1122 3732 αὐτοῦ
1135 3669 1248 3752 πατέρα
1261 3665 1335 3750 μήτε
1350 3676 1453 3735 τοιοῦ-

291 3792 343 3834 τον
357 3763 446 3845 εἶναι,
475 3765 547 3850 μήτε
562 3765 649 3834 πάλιν
666 3764 741 3832 είναι
757 3767 809 3834 τόν
823 3765 1028 3850 ἀκατάληπτον
1043 3768 1131 3848 θεόν,
1161 3769 1197 3834 δν
1213 3771 1327 3854 νιατέρα
1346 3773 1452 3852 φασίν,

290 3867 361 3936 ἀλλά
382 3865 536 3952 ἀριστερᾶς
557 3866 632 3936 εἶναι
654 3871 795 3948 έξουσίας.
829 3869 954 3954 Ἕτερον
976 3871 1008 3935 δέ
1030 3870 1118 3936 πάλιν
1139 3879 1242 3954 μῦθον
1262 3873 1400 3957 λέγουσιν
1421 3877 1456 3940 σι’

289 3978 435 4048 τοιοῦτον,
457 3968 519 4049 ότι,
544 3973 675 4053 2ςοασίν,
698 3970 717 4038 ό
736 3971 873 4056 διάβολος
891 3972 989 4038 έλθιόν
1006 3973 1083 4060 πρός
1103 3973 1158 4057 την
1175 3972 1279 4053 Εῦαν,
1301 3975 1453 4060 συνήφθη

289 4071 365 4164 αῦτῇ
386 4070 427 4150 άς
447 4071 522 4155 ἀνὴρ
544 4077 677 4157 γυναικί,
707 4077 759 4140 καί
776 4077 927 4161 ἐγέννησεν
949 4079 978 4154 έξ
996 4074 1089 4143 αῦτοῦ
1107 4075 1159 4142 τόν
1180 4101 1209 4140 τε
1229 4075 1310 4142 Κάῖν
1328 4081 1381 4142 καί
1397 4077 1454 4144 τόν

282 4173 384 4258 ’Ἅβελ
430 4173 486 4241 Διό
505 4177 647 4260 ἐπανέστη
670 4175 688 4242 ό
709 4175 752 4254 είς
773 4185 814 4266 τῷ
830 4179 874 4244 ένί
893 4177 943 4244 διά
958 4185 1044 4262 ζῆλον
1058 4178 1094 4244 δν
1110 4175 1187 4262 είηον
1202 4177 1278 4262 πρός
1293 4177 1452 4264 ἀλλήλους,

325 4399 383 4452 Cn.
403 4403 442 4452 lv.
465 4430 499 4442 -
527 4405 547 4452 l.
569 4397 622 4456 ἀλλ’
640 4398 702 4468 ῦιτέρ
722 4403 770 4469 τῆς
787 4398 848 4468 ἀλη-
916 4402 941 4454 3.
958 4400 1006 4469 γάρ
1025 4419 1055 4454 ετ
1070 4405 1122 4454 τοῦ.
1136 4407 1210 4456 Vatia.
1228 4405 1312 4456 ατλλεολ.

291 4467 370 4533 θείας,
383 4473 445 4533 quoa
457 4488 502 4522 mm
517 4473 583 4521 λοδιλ
596 4473 725 4535 κιλρτλιια,
739 4475 849 4524 Ριίαυλαι
917 4465 941 4524 4.
959 4463 1059 4524 άκατάλ
1078 4489 1136 4525 ιιταν
1160 4473 1204 4528 καί
1229 4471 1368 4542 ἔκπληκτον
1393 4479 1450 4526 κοιλ.

290 4551 319 4588 τε
336 4539 387 4588 σσδ
404 4541 476 4589 Vatia.
493 4542 617 4602 τυμρλιυλί.
886 4543 958 4590 Vasio.
992 4535 1185 4607 ἀκαταπλητιτον
1208 4545 1264 4592 edin
1280 4545 1335 4592 λε’δνῦ
1355 4548 1378 4593 ιλ
1395 4546 1450 4594 eo&

324 4603 348 4654 2.
365 4602 441 4658 καλὸν
458 4609 509 4658 cod.
524 4609 598 4660 λἰιλιο.
883 4609 980 4672 Medio.
1014 4602 1186 4678 ἀκατάληκτσι
1202 4613 1336 4674 εαιμλοιιλιιε
1350 4617 1385 4661 εει
1401 4615 1449 4664 Pe·
