3080 5002
392 310 526 364 rnnnnu
545 311 607 362 nun.
619 311 638 362 1.
656 311 737 364 rou.
752 310 796 361 ru.
814 309 912 362 nunu.
925 309 1007 360 xnus.
1215 294 1277 358 669

121 447 222 512 neque
238 430 294 494 leo
308 430 349 494 illi
366 430 415 515 qui
433 432 528 516 legem
543 451 577 495 sc
596 430 751 517 prophetas
768 429 936 494 ussitidem
955 428 1003 492 ille
1021 423 1157 492 Christus
1172 423 1278 490 alver-

121 540 219 594 sstur.
264 502 342 596 llam
359 555 412 619 pro
428 554 464 598 eo
482 535 557 620 qnod
574 533 650 598 illius
671 533 895 618 pollicitationes
912 531 941 595 iu
959 531 1023 617 ipso
1038 537 1276 615 repraesentatae

122 643 210 714 sunt,
234 639 276 696 tn
288 659 342 717 per
360 641 466 718 ipsun,
489 635 601 722 iuquit,
625 643 718 699 Arnen
733 641 787 698 dei.
835 634 917 700 Deus
936 633 1012 698 euim
1031 645 1115 718 pater
1131 630 1275 717 promisit,

122 734 264 803 Christos
285 759 359 803 vern
382 739 515 803 dominus
537 750 598 803 rata
620 739 670 804 illa
694 739 779 818 lecit,
811 749 841 802 et
860 738 955 802 Amen
977 735 1108 799 adhibuit
1128 734 1184 798 illis
1205 754 1277 819 quos

121 840 175 905 illa
194 840 348 927 promissio
364 841 558 920 confirmavit,
582 841 688 926 quique
704 851 814 926 patrem
832 839 911 904 illum
928 861 1012 903 suum
1029 847 1214 923 agnoverunt
1229 838 1276 921 qni

120 943 155 1008 in
173 943 240 1028 lege
256 943 370 1009 loeutus
387 957 433 1009 est
449 965 484 1008 sc
500 945 685 1008 credentibus
702 943 839 1008 salutaria
855 944 930 1007 dona
947 941 1080 1006 contulit.
1127 937 1182 1003 llis
1199 939 1275 1004 enirn

119 1046 173 1111 ille
196 1046 294 1112 verbis
316 1068 387 1112 osus
409 1057 471 1112 est:
494 1052 539 1110 lto
557 1059 656 1128 poter,
680 1051 746 1128 quja
768 1051 808 1108 'ita
827 1050 962 1128 placitum
984 1056 1027 1106 est
1047 1055 1112 1106 ante
1134 1054 1170 1104 te.
1287 1059 1372 1168 ppei

210 1354 311 1422 Schol.
332 1354 343 1420 l
349 1355 359 1419 l
378 1366 409 1420 et
420 1353 542 1420 XXVI.
577 1361 641 1420 Non
656 1362 727 1420 enain
741 1379 792 1419 nos
806 1360 881 1437 ipsos
891 1361 1103 1436 prandemus,
1127 1357 1178 1416 sed
1192 1356 1272 1416 ctri-
1286 1371 1396 1428 somn,
1408 1373 1428 1420 t.

118 1471 197 1521 stem
212 1463 321 1535 lesam,
353 1463 501 1540 nosipsos
523 1481 589 1522 cero
605 1481 701 1522 seruos
716 1471 823 1522 umeros
838 1481 891 1539 per
908 1464 1009 1522 lesum.
1057 1461 1192 1537 Quonrhrn
1208 1461 1276 1519 dens

119 1564 175 1643 peti
193 1564 269 1623 demit
287 1565 322 1624 de
343 1564 464 1624 teneln's
485 1565 573 1624 locens
594 1565 794 1643 splendescere.

208 1661 311 1728 Relut.
330 1663 359 1729 ll
374 1676 405 1728 et
419 1661 541 1728 xxvt.
574 1663 644 1728 Non
667 1665 799 1750 seipsos,
829 1665 880 1730 setl
902 1662 998 1729 lesum
1017 1663 1164 1728 Christum
1184 1661 1276 1726 lomi-

119 1786 192 1829 num
207 1778 339 1832 nostrum
357 1767 526 1853 praedicant
542 1768 679 1853 apostoli.
724 1765 825 1851 Quare
843 1787 937 1852 neque
953 1777 1034 1832 secta
1052 1777 1095 1831 est
1113 1767 1187 1845 ulls,
1220 1785 1276 1830 nec

120 1868 249 1934 eeclesia
263 1870 461 1956 apostolorum
479 1870 616 1956 insignite
634 1870 763 1935 nomine.
808 1868 874 1935 Nec
887 1889 1013 1954 unqnsm
1029 1866 1173 1934 Pcuseos
1187 1869 1274 1949 nllos,

118 1982 175 2034 ant
191 1969 366 2050 Pauliacos,
398 1983 449 2037 ant
468 1969 724 2053 Bartholomaeus,
758 1982 808 2037 aut
822 1971 997 2038 Thaddseos
1014 1971 1193 2053 audivimus,
1223 1972 1273 2036 sed

117 2093 179 2137 nna
197 2075 256 2138 inm
276 2086 334 2139 tum
354 2073 437 2139 initio
456 2074 508 2139 luit
528 2075 725 2161 apostolorum
743 2075 870 2140 omnium
890 2076 1087 2161 praedicatio,
1121 2095 1195 2161 quae
1215 2095 1274 2140 non

118 2175 264 2261 ipsosmet
277 2177 354 2258 illos,
377 2179 429 2242 sed
444 2178 590 2242 lominum
608 2175 703 2243 lesum
720 2175 870 2243 Christum
888 2179 1085 2243 tantummono
1098 2178 1272 2242 celebraret.

119 2274 172 2343 0h
188 2278 218 2342 id
237 2281 380 2344 ecclcsiae
398 2301 503 2345 nomen
521 2301 611 2345 nnurn
626 2300 728 2346 omnes
743 2281 960 2367 imposueruntc
984 2301 1042 2344 nnn
1060 2300 1144 2345 sunm
1161 2281 1273 2364 ntique,

118 2381 175 2445 setl
195 2377 305 2448 Christi
323 2379 402 2463 lesu,
426 2405 491 2448 cum
508 2383 684 2450 Antiochiae
699 2383 821 2468 primum
839 2383 977 2469 appellari
992 2380 1153 2448 Christiani
1169 2403 1274 2468 coepe·

118 2493 202 2547 runt.
248 2481 334 2569 Quod
353 2485 466 2570 quidem
484 2487 576 2551 solam
595 2487 630 2550 atl
646 2486 818 2551 catholicam
836 2485 990 2550 ecclesiam
1011 2486 1165 2563 conuenit,
1200 2505 1274 2571 qnae

118 2584 203 2650 nnllo
219 2586 278 2650 alio
292 2607 376 2673 quem
393 2585 503 2653 Christi
520 2589 636 2654 nomine
652 2590 783 2674 praedito
797 2585 1030 2654 Christianorum
1047 2587 1190 2668 ecclesio,
1215 2607 1274 2652 non

119 2683 325 2768 Chi-istorum,
349 2689 470 2756 dicitnr-c
501 2691 574 2756 aden
591 2701 622 2756 nt
638 2713 703 2756 cnm
721 2713 795 2756 unns
810 2691 858 2756 ille
874 2691 929 2770 sit,
954 2693 1050 2778 plnres
1069 2701 1166 2754 umen
1183 2689 1218 2755 ah
1237 2711 1274 2755 eo

120 2787 283 2856 Christiani
309 2793 506 2859 nominentur.
558 2795 606 2858 Ah
635 2794 689 2858 hac
711 2794 835 2859 ecclesia
861 2793 981 2879 eiusque
1004 2794 1197 2879 praeconibus
1224 2794 1272 2859 nhi

119 2891 312 2974 discesseris,
344 2895 473 2980 reliquae
489 2917 591 2962 omnes
608 2896 682 2961 haul
698 2897 800 2964 eadem
816 2906 885 2962 nota
901 2907 1053 2977 constent,
1082 2919 1156 2982 quse
1173 2897 1274 2962 adiun-

118 2995 177 3062 ctis
191 2997 355 3063 nominihus
367 3009 455 3083 etque
472 2999 608 3084 epithetis
623 3011 778 3080 vocantur,
803 2997 1044 3064 Manichaeorum
1060 3001 1207 3079 videlieet,
1228 3001 1275 3066 Si·

117 3099 340 3179 moniencrum,
365 3100 607 3182 valentianense,
632 3101 869 3181 Ebiouaeornrn,
899 3103 1002 3186 quihus
1022 3112 1049 3166 et
1067 3112 1114 3180 tu,
1144 3100 1272 3181 Marcio,

117 3204 355 3267 annumerandus
373 3224 423 3284 es,
448 3207 530 3270 cuius
546 3227 651 3270 nomen
668 3205 831 3271 inscribunt
844 3205 863 3268 ii
881 3205 955 3283 sihi,
979 3225 1052 3288 quos
1069 3213 1131 3268 tute
1146 3204 1175 3267 in
1192 3225 1274 3268 erro-

117 3323 183 3368 rem
201 3305 371 3385 iudnxeris,
405 3317 503 3393 utpote
522 3310 569 3391 qni
590 3309 730 3392 teipsum,
764 3329 821 3370 non
843 3301 1012 3386 Christum,
1045 3307 1271 3392 praedicaveris.

119 3401 201 3469 Turn
219 3407 332 3472 demum
351 3409 500 3492 inquiunt,
532 3415 607 3470 Deus
623 3415 673 3491 qni
686 3413 762 3471 dicit
774 3413 809 3470 de
827 3411 948 3472 tenebrn's
963 3413 1155 3489 splendescere
1171 3412 1269 3472 lucen.

119 3505 197 3591 Quis
220 3508 266 3572 hic
288 3511 359 3574 lens
383 3519 428 3574 est
446 3511 501 3575 nisi
520 3532 595 3575 unns
611 3511 677 3590 ille,
709 3511 757 3596 qui
773 3513 847 3597 apud
864 3511 1032 3596 prophetam
1050 3533 1067 3576 e
1083 3513 1212 3577 tenebris
1229 3514 1273 3578 ln·

118 3629 187 3674 men
202 3612 348 3675 ostendit?
370 3613 424 3676 hcc
440 3622 485 3678 est
500 3634 539 3678 es
554 3613 714 3692 hominurn,
739 3613 908 3678 inhlclitnte
922 3625 952 3676 et
966 3615 1096 3692 inscitia,
1121 3635 1173 3700 per
1186 3611 1273 3680 Chri·

118 3721 196 3776 stnm
213 3713 305 3777 locem
322 3736 356 3778 ac
371 3714 523 3780 scientiam
537 3715 568 3778 in
582 3716 719 3780 eortlihus
735 3715 845 3780 nostris
859 3715 1012 3780 excitarit.
1051 3715 1188 3800 Quicum
1204 3716 1271 3782 olim

116 3813 200 3878 inter
212 3825 316 3899 gentes
334 3837 556 3883 numereremur
571 3818 735 3884 simulacris
750 3819 897 3897 addictas,
921 3818 1005 3882 deum
1021 3818 1101 3884 illnrn
1117 3821 1202 3884 modo
1222 3841 1273 3884 ve·

116 3935 257 3981 neranaur
273 3919 321 4004 qui
335 3941 386 4004 per
404 3921 572 4007 prophetam
589 3921 682 3986 lucem
698 3943 779 3986 suam
795 3921 941 3986 illaturum
958 3941 1024 3986 sese
1042 3923 1148 3987 mundo
1166 3923 1272 4007 promi-

117 4028 212 4097 serat,
237 4032 267 4083 ut
282 4020 428 4106 intelligas
445 4025 568 4088 eundem
584 4043 678 4108 neque
694 4045 710 4088 a
729 4023 834 4102 veteri,
859 4043 954 4108 noque
969 4045 986 4088 a
1002 4045 1080 4088 novo
1096 4036 1270 4089 testamento

117 4121 278 4203 elissitlcre,
300 4123 328 4186 id
348 4124 424 4208 quod
443 4125 532 4190 certis
555 4126 605 4189 tihi
625 4125 786 4190 rationibus
803 4127 946 4207 suadere,
970 4124 1104 4206 Marcio,
1129 4127 1269 4208 solemus,

114 4313 228 4362 moneto
240 4313 288 4362 tta:
302 4339 354 4374 „-
366 4309 445 4362 lucem
459 4329 490 4362 ac
503 4312 679 4380 cognitionem,
714 4331 812 4366 crorum
835 4315 942 4368 cultores
966 4333 1077 4378 eramus,
1101 4329 1167 4366 nuuc
1188 4325 1270 4368 autem

115 4391 181 4446 quse
198 4375 224 4427 in
244 4377 343 4431 Christo
360 4377 440 4430 illuxit
457 4379 482 4430 in
499 4381 613 4432 cordibus
628 4400 676 4434 no·
712 4384 791 4434 Deoua
803 4385 971 4452 eognovimus,
986 4385 1027 4452 qni
1039 4396 1099 4435 tunc
1112 4383 1136 4434 in
1147 4383 1270 4454 propheto

114 4443 190 4512 suis,
219 4446 261 4514 qui
279 4446 412 4516 aliqnando
430 4459 516 4517 gentes
533 4460 559 4501 et
574 4451 677 4503 simule·
712 4453 841 4520 promisit,
859 4453 939 4506 lucem
956 4460 1006 4506 cett.
