3078 5012
357 275 492 328 russeus
509 275 571 330 ers.
585 277 605 328 ι.
625 274 764 329 nonnus.
780 273 879 328 suun.
892 273 960 325 xer.
1176 261 1234 326 ιιι

81 382 185 460 Iasebi
206 404 236 460 et
251 393 334 462 Petri
351 393 491 482 Paulique
509 395 698 462 sueeessiene
720 416 828 460 uenum
850 395 946 460 lesum
970 392 1098 458 tenehst.
1145 387 1239 458 Cuius

81 498 189 582 depms
210 521 275 563 eum
295 499 472 584 reliquorum
492 521 564 584 ques
581 499 816 564 enumeravimus
835 495 1048 562 haeretieorum
1065 493 1150 582 nugis
1169 517 1239 560 een·

80 601 214 666 sentiens
235 601 304 666 lieet
322 603 397 666 idem
420 621 486 666 esse
504 603 655 680 rideatur,
687 600 817 666 neueihii
837 611 934 664 tamen
953 599 1116 684 discrepet,
1146 610 1176 662 et
1193 610 1238 666 est

80 702 258 770 huiusmodi.
303 702 371 769 Due
387 705 507 791 perinde
522 715 610 790 etque
625 705 673 769 eiii
687 701 834 789 Prieeipia
851 701 971 781 stetuit,
995 721 1029 765 ae
1046 701 1117 765 dees
1135 700 1238 766 videli-

79 816 131 872 eet
152 807 243 887 dees,
273 807 381 872 henum
404 809 547 888 atterum,
579 819 609 874 et
630 810 759 892 ignotum
780 805 932 884 omnihus,
964 823 1049 888 quem
1072 815 1102 868 et
1119 799 1238 868 l‘ntrem

77 905 152 972 lese
170 909 347 988 nominauit,
377 910 500 974 alterum
519 921 699 988 ereaterem,
730 910 834 974 maium
854 919 884 972 et
899 906 1064 991 eequitmn,
1089 904 1137 990 qui
1159 916 1190 969 et
1207 905 1237 974 iu

77 1011 149 1095 lege
166 1012 279 1078 loeutus
295 1023 325 1076 et
338 1013 486 1098 prophetis
500 1013 644 1099 apparuit,
660 1035 695 1076 ae
710 1032 744 1078 se
756 1011 911 1076 videndum
924 1029 1138 1094 saepenumero
1153 1029 1238 1094 prue-

79 1114 156 1178 huit.
203 1111 351 1180 Christum
369 1127 488 1200 nepeta
504 1112 601 1180 Maris
618 1116 765 1200 genitum,
790 1126 840 1178 sut
855 1133 944 1178 earne
958 1131 1064 1176 revere
1080 1111 1171 1176 inisse
1186 1131 1236 1178 ve·

76 1217 200 1296 stitem,
232 1217 283 1280 sed
301 1217 443 1284 eiusmodi
459 1219 558 1303 speeie
574 1229 660 1282 tenus
677 1218 831 1298 extitisse,
864 1227 893 1280 et
909 1214 1080 1302 apparuisse
1097 1213 1181 1278 tutem
1201 1234 1236 1278 ae

74 1318 181 1405 speeie
202 1319 265 1384 seta
287 1320 425 1387 universe
448 1320 567 1386 ieeisse.
613 1318 693 1386 ddem
711 1341 863 1406 uesperum
884 1317 1129 1384 resurrectionem
1149 1337 1235 1402 repu-

75 1423 157 1502 diatq
191 1432 276 1488 vetus
294 1433 519 1500 testsmentem,
553 1425 627 1508 quud
651 1443 704 1509 per
719 1419 847 1508 Meysen
869 1442 903 1486 ae
922 1419 1078 1506 prophetes
1097 1419 1234 1484 traditum

76 1535 144 1602 est,
179 1535 313 1610 tunquam
336 1526 464 1592 alienum
487 1549 504 1592 u
528 1527 583 1590 dee
609 1525 714 1591 reiieit.
767 1521 916 1590 Christum
940 1545 957 1586 e
979 1523 1062 1588 eeele
1087 1532 1175 1608 etque
1197 1521 1233 1586 eh

74 1628 182 1711 iqeete
199 1625 289 1692 Patre
307 1629 497 1694 descendisse
519 1629 585 1694 idee
607 1639 704 1714 punt,
736 1639 768 1694 ut
787 1627 833 1693 hie
852 1626 949 1692 mendi
968 1625 1129 1692 eeediteris
1146 1635 1234 1710 utque

75 1729 190 1816 epiieis
213 1731 364 1817 imperium
387 1752 422 1795 ae
443 1730 628 1817 tyrannidem
646 1740 811 1809 everteret,
842 1729 871 1794 id
888 1729 964 1814 qued
982 1728 1058 1794 stiae
1076 1727 1233 1812 pleresque

74 1834 219 1898 haereses
240 1834 421 1898 existiment.
467 1833 582 1900 Romae
604 1833 693 1918 igitur
713 1833 796 1898 breui
818 1833 866 1898 iiie
886 1843 1016 1916 tempere
1036 1840 1234 1896 eommeratus

73 1957 163 2000 suem
186 1933 331 2004 hiereieei
355 1935 437 2000 virus
459 1937 601 2022 aspersit,
626 1956 710 2019 quem
733 1936 822 2000 etiem
844 1954 1046 2000 sueeesserem
1071 1931 1182 2001 hebuit.

165 2139 274 2209 Verum
294 2163 359 2206 eum
384 2163 443 2206 eeu
461 2142 557 2206 minus
576 2140 683 2206 esteris
701 2141 832 2208 haeresis
858 2141 913 2205 iste
930 2137 1105 2226 deprehendi
1129 2160 1165 2204 ee
1185 2159 1233 2204 re·
1252 2149 1311 2218 cip.
1330 2149 1361 2200 ιι.

74 2243 181 2328 dergsd
200 2244 285 2310 tacite
301 2243 411 2330 pessit,
434 2245 535 2330 pausis
551 2265 624 2329 quse
640 2246 676 2310 ad
693 2265 758 2310 eam
773 2245 922 2330 pertinent
934 2241 1130 2327 eompleetee,
1155 2243 1233 2308 eius·

75 2367 135 2430 que
158 2347 335 2412 retelleedse
357 2346 393 2410 eh
415 2346 473 2410 iltis
493 2347 564 2432 ipsis
582 2368 683 2412 eurum
702 2346 827 2413 desuetis
844 2345 954 2412 initium
974 2364 1132 2410 areessam.
1179 2343 1232 2410 Et·

74 2450 156 2512 euim
178 2450 235 2514 dee
258 2448 345 2514 simul
368 2469 465 2516 rerum
488 2469 555 2515 esse
573 2447 721 2537 Priueipia
740 2469 921 2536 nequaquem
939 2466 1025 2534 pesse
1044 2445 1231 2512 menifestum

74 2563 136 2616 est.
181 2549 260 2616 Nem
280 2562 331 2616 set
352 2552 409 2616 due
430 2551 466 2616 eh
489 2573 547 2616 une
568 2563 724 2618 manerent
743 2552 858 2636 alique,
889 2561 939 2618 aut
961 2569 1049 2616 uuum
1071 2550 1232 2618 seeundum

73 2665 141 2733 est,
166 2654 288 2718 ahenum
303 2653 424 2719 seeundi
441 2676 544 2720 neusse
557 2675 659 2720 rursus
674 2676 708 2720 ae
723 2654 907 2741 prineipium.
953 2651 1161 2736 Quaerendum
1177 2652 1232 2740 ipi-

73 2767 127 2820 tur
147 2771 192 2820 est
214 2777 356 2841 queeusm
376 2756 526 2822 amborum
547 2779 651 2822 eeussa
673 2760 730 2837 sit,
763 2768 814 2822 aut
830 2758 906 2841 qued
926 2777 964 2821 rs
983 2755 1041 2820 iltis
1059 2754 1230 2841 principium

73 2861 115 2924 sit
131 2859 264 2938 alterius,
290 2869 320 2922 ut
335 2858 478 2940 disimusq
502 2860 602 2945 sieque
618 2862 653 2924 sd
669 2882 756 2926 unum
771 2861 889 2924 omniuo
906 2859 1063 2924 reserenda
1077 2858 1229 2942 eogitatie,

72 2961 153 3046 qued
174 2961 296 3047 primum
314 2962 459 3040 occurris,
489 2985 505 3028 s
524 2983 581 3050 qne
599 2966 757 3033 seeundum
776 2975 826 3030 aut
844 2963 929 3028 amhe
947 2962 996 3030 idle
1016 2961 1161 3048 preheisei
1180 2960 1230 3024 de·

73 3063 315 3128 monstravimus.
362 3061 429 3128 Due
451 3085 539 3150 perre
562 3065 647 3130 simui
670 3077 701 3130 ut
718 3063 865 3152 Principia
881 3067 941 3130 sint
958 3065 1018 3128 heri
1038 3063 1152 3148 penites
1172 3084 1229 3126 non

73 3176 190 3252 puteum
221 3165 272 3230 sed
295 3187 350 3230 nee
369 3188 454 3230 unuin
475 3177 569 3253 petest
588 3168 623 3233 ah
645 3167 738 3233 altero
757 3170 885 3233 differre.
930 3165 964 3232 Si
984 3167 1061 3230 enim
1080 3167 1228 3245 differunt,

71 3271 135 3335 dee
156 3267 215 3334 siut
236 3281 363 3354 opertet.
410 3267 476 3334 Due
498 3291 570 3336 rere
591 3271 617 3336 si
639 3282 847 3360 numerentur,
877 3269 1054 3352 siegulaeem
1077 3290 1230 3336 numerum

72 3371 236 3439 exeedeet.
282 3367 357 3439 Cum
381 3383 477 3436 eutem
499 3373 602 3438 uniens
625 3374 681 3438 iste
707 3395 742 3438 ee
766 3375 875 3458 primus
897 3394 1037 3438 uumerus
1058 3383 1228 3456 quaeretur,

72 3477 135 3538 dee
154 3473 201 3538 ida
217 3471 366 3560 Prineipia
384 3474 432 3538 sni
451 3496 486 3540 ee
501 3495 637 3561 supreme
650 3475 860 3554 subicientes,
885 3495 976 3561 eque
994 3475 1074 3548 uelut
1092 3495 1109 3538 a
1124 3495 1230 3540 sauses

72 3579 135 3640 duo
154 3575 265 3660 reliqua
283 3578 439 3662 pendeant.
487 3576 593 3662 Neque
610 3577 688 3642 enim
707 3579 763 3644 due
785 3579 835 3644 ills
853 3589 919 3664 pest
934 3577 1111 3661 siegulsrem
1128 3599 1229 3644 nume·

32 3761 38 3768 1
72 3701 141 3742 sum
165 3690 252 3763 etque
275 3679 392 3744 unieum
417 3681 597 3766 primumque
621 3677 798 3766 Prineipium
821 3683 866 3746 sei
890 3701 957 3748 esse
981 3699 1087 3746 essessa
1109 3693 1231 3767 pessunt

70 3782 223 3867 ipserum,
254 3802 320 3846 eem
337 3783 496 3867 singularis
515 3805 551 3848 ee
567 3804 721 3869 supremus
740 3784 926 3850 nihilomiuus
944 3803 1083 3850 numerus
1101 3784 1229 3869 iuquire-

72 3897 135 3948 ιιι.
179 3881 341 3969 Fingamus
357 3885 434 3949 enim
452 3885 593 3954 eiusmedi
609 3905 677 3951 esse
694 3888 751 3952 due
769 3898 800 3952 et
816 3884 894 3952 ieter
910 3905 978 3950 sese
994 3886 1180 3954 consentiant
1194 3908 1229 3952 ue

73 3987 272 4052 eemmuniter
283 3989 446 4072 gaudeant,
478 3989 592 4074 sibique
609 4001 807 4056 eeesentaues
824 3990 883 4054 sint
898 3989 1042 4069 insieme,
1065 3989 1105 4056 its
1124 3999 1155 4055 ut
1169 4010 1228 4055 une

72 4091 194 4156 veiente
209 4111 245 4154 ee
261 4089 370 4156 liheete
386 4091 545 4157 sdheerest
561 4092 702 4174 alterum,
733 4104 763 4158 et
779 4094 872 4179 ipsum
891 4112 1005 4177 queque
1020 4091 1141 4157 alterius
1159 4113 1229 4158 een·

71 4191 225 4257 iunetiene
243 4193 423 4274 delectetur,
446 4213 589 4278 quaeesm
605 4215 672 4260 esse
689 4206 787 4282 petest
803 4195 881 4260 inter
896 4205 1048 4281 utrumque
1065 4195 1229 4260 dissensio?

72 4293 129 4360 Sin
148 4305 249 4359 mutue
265 4296 446 4366 reluctantur
463 4317 498 4362 ue
516 4296 572 4364 sihi
587 4297 749 4384 aequaliter
763 4297 921 4378 resistent,
945 4319 1002 4366 een
1020 4297 1127 4383 peterit
1141 4293 1228 4365 Chri·

67 4453 244 4514 soniwtttren.
266 4453 395 4504 muneres
410 4455 570 4506 austeritatem
583 4453 634 4510 em
676 4489 682 4519 ,
703 4452 727 4504 2.
745 4455 857 4517 suspires
873 4451 918 4508 ned
934 4449 971 4514 rte
988 4449 1059 4520 qus.
1216 4486 1219 4494 ·

71 4521 172 4586 meg.
209 4521 282 4586 Vruqe
298 4525 362 4572 estet
378 4517 407 4574 st.
702 4519 726 4573 h
744 4523 855 4590 suspicer
869 4511 943 4582 edem
956 4519 1110 4592 συμφωνίας.
1124 4521 1227 4578 mrsu.
