3106 4990
343 315 478 367 ananau
494 314 557 366 ιιι.
570 316 588 368 ι.
606 315 686 368 rou.
700 315 743 367 ιιι.
762 315 860 367 naua.
872 315 999 367 xxxiv.
1184 303 1244 365 473

68 419 70 424 ,
94 435 186 499 salem
201 432 345 499 accedens
351 439 437 520 fleuit
448 457 534 518 snper
546 457 616 511 ιιιιι,
640 448 670 498 ιι
680 439 765 510 dicit,
790 439 828 499 Si
838 439 1014 516 cognovisses
1029 448 1058 498 et
1073 447 1114 511 tu,
1139 447 1169 498 et
1181 441 1243 517 qni·
1257 448 1311 492 uec.
1320 447 1353 502 ιι,
1364 446 1395 491 ιι

94 541 158 600 dene
174 541 203 599 in
220 541 274 599 doc
289 541 351 611 dte,
384 559 455 620 quoe
468 543 507 601 cd
516 559 613 621 possm
629 551 696 602 sunt
710 541 777 602 ott.-
807 561 881 600 nunc
896 551 987 600 cutem
1003 540 1165 601 absconditu
1178 551 1245 600 sunt

95 643 158 715 ιιι,
183 638 350 704 vocabulo
341 649 411 721 usto,
435 644 597 706 abscondito
612 655 690 718 sunt,
714 643 858 706 occultam
876 638 965 728 Bythi
980 651 1111 706 naturam
1130 641 1245 705 abstru

30 763 38 778 ’
93 763 214 828 samque
229 742 450 808 demonstrant
496 743 745 830 Quemadmodum
763 744 886 810 ethrsee
902 743 1017 808 uerbis
1043 747 1342 806 huncedonensem

93 867 190 908 ornnes
204 868 252 929 pon
250 849 421 923 'hionnam
446 854 600 910 etonerots
613 853 696 922 estas,
719 861 813 929 stege
827 851 951 929 reficiam
969 869 1034 923 eos,-
1068 858 1113 925 et,
1139 810 1295 909 Dileiu’te

93 971 170 1012 ome
184 959 241 1013 etc.
272 947 417 1014 Veritatis
432 961 581 1034 parentem
595 951 740 1014 iudicasse
755 951 938 1015 confirmant.
970 947 1056 1035 Quod
1071 949 1147 1014 euim
1163 949 1246 1032 iguo·

92 1051 216 1131 rabant,
246 1053 397 1138 inquiunt,
430 1053 484 1116 huc
503 1071 536 1118 se
557 1054 621 1117 illos
643 1054 811 1118 educturum
831 1053 953 1140 recepit.
998 1049 1154 1116 Postremo
1172 1052 1245 1115 haum

92 1153 176 1220 velut
194 1175 290 1220 arcem
308 1155 487 1242 probationis
503 1177 575 1222 suae
592 1177 626 1220 ac
643 1155 789 1240 fastigium
808 1157 975 1242 proterunt,
1006 1156 1081 1241 quod
1101 1156 1175 1219 idem
1195 1155 1246 1216 dn-

92 1258 191 1322 minus
208 1258 300 1323 dixit:
327 1262 469 1342 Confiteor
486 1261 539 1321 tibi
553 1263 639 1322 Potes·
653 1263 761 1322 domnine
777 1263 851 1322 cosli
862 1281 896 1320 oo
914 1270 1023 1333 terroe,
1044 1264 1111 1339 quin
1127 1260 1244 1320 abscon·
1257 1272 1311 1317 uus.
1321 1269 1353 1324 ιι,
1364 1267 1396 1312 ιι.

92 1365 167 1432 dieti
180 1383 199 1422 o
215 1364 388 1443 sapientibus
405 1373 434 1424 et
447 1364 647 1443 prudentibus,
679 1373 709 1424 et
722 1365 857 1425 renelmti
874 1383 906 1423 eo
920 1365 1065 1445 paruulos:
1096 1366 1137 1423 ito
1149 1373 1243 1442 poter,

92 1469 225 1547 quonaone
244 1487 340 1527 coreno
361 1477 388 1528 te
409 1466 608 1546 beneplacitum
630 1477 675 1527 est
691 1467 768 1527 mt'li.
816 1470 913 1528 Omnio
932 1467 1004 1526 midi
1019 1467 1124 1526 trudito
1143 1476 1245 1526 seento

92 1571 182 1629 Patre
195 1589 270 1630 meo:
294 1579 325 1630 et
337 1591 416 1630 nemu
432 1573 511 1630 nouit
521 1572 631 1630 Putrem
648 1572 708 1630 nisi
716 1571 824 1642 retius,
849 1579 877 1628 et
889 1570 992 1630 Filium
1008 1587 1086 1630 nemo
1101 1571 1179 1628 nouit
1191 1570 1251 1628 nisi

94 1675 182 1733 Pcter
198 1682 228 1732 et
243 1675 294 1732 eui
307 1673 522 1753 uolumitfid'm
539 1674 674 1733 rmelom.
722 1669 836 1757 Quibus
854 1669 952 1734 verbis
967 1670 1119 1732 evidenter
1136 1669 1190 1731 hoe
1209 1667 1245 1731 ab

91 1771 146 1836 illo
174 1772 352 1837 declaratum
377 1773 564 1854 existimant,
597 1793 682 1858 quem
709 1773 763 1860 ipsi
788 1771 931 1838 Veritatis
955 1769 1109 1836 Parentum
1136 1782 1247 1834 temere

93 1877 253 1938 commenti
271 1887 356 1956 sunt,
389 1877 464 1941 hune
484 1871 639 1963 antequam
658 1873 794 1942 Christus
814 1876 945 1940 venisset
963 1875 1070 1938 ceruini
1090 1874 1180 1940 luisse
1198 1895 1247 1937 eo·

92 1977 228 2062 gnitum,
260 1990 361 2043 contra
382 2001 454 2044 uero
471 1981 547 2044 istud
564 1978 678 2064 colligi,
711 1978 890 2042 uenditorem
913 1999 947 2040 ac
965 1989 1127 2042 creatorem
1144 1999 1248 2064 perpo-

93 2093 147 2145 tuo
170 2081 353 2147 manifestum
377 2083 511 2147 omnibus
535 2083 636 2147 luisse.
683 2080 765 2145 Haec
791 2081 867 2146 enim
893 2080 990 2146 omnia
1013 2081 1048 2144 de
1071 2081 1171 2168 ignoto
1196 2082 1245 2144 illu

92 2181 242 2263 Parente,
266 2203 350 2270 quom
371 2185 425 2272 ipss
417 2149 628 2272 praedicant,
652 2181 807 2250 aCltristc
825 2183 1009 2270 pronuntiata
1027 2206 1084 2248 nun
1103 2183 1245 2248 dubitant.

182 2283 268 2370 Quod
288 2299 384 2354 autem
406 2289 441 2352 ad
462 2290 690 2375 redemptionem
711 2287 853 2373 pertinet,
885 2308 949 2351 eam
969 2307 1063 2372 neque
1084 2287 1174 2371 aspici
1193 2307 1244 2350 ne·
1261 2299 1321 2367 cap.
1336 2295 1398 2348 xx

93 2388 764 2477 quecomprelueudiauimopussedelluiuut,
797 2401 914 2474 utpote,
946 2410 1018 2474 quae
1037 2409 1136 2453 eorum
1155 2401 1248 2456 mater

93 2493 137 2558 sit
159 2513 233 2578 quae
251 2513 396 2578 peraeque
415 2493 558 2558 contineri
578 2514 613 2558 ae
631 2495 722 2558 videri
745 2501 901 2579 nequeant.
947 2489 1047 2579 Quare
1064 2513 1128 2556 cum
1146 2493 1247 2556 incon·

93 2607 181 2660 stans
196 2605 283 2680 atque
298 2594 443 2660 instabilis
461 2596 516 2673 sit,
548 2617 605 2660 non
624 2617 680 2660 uua
696 2596 774 2660 illum
792 2617 827 2661 ac
843 2596 968 2682 simplex
985 2596 1078 2660 oratio
1095 2595 1246 2682 cumpleeli

92 2708 211 2784 potest,
243 2697 378 2783 quonlam
401 2697 437 2762 ab
460 2720 634 2784 unaqueque
655 2699 769 2762 illorum
793 2719 844 2784 pro
869 2719 923 2764 suo
948 2709 1018 2763 nutu
1042 2720 1076 2763 ac
1098 2699 1247 2762 voluntate
1296 2766 1304 2790 ·

91 2801 231 2865 traditur.
277 2797 356 2884 Quot
373 2803 449 2865 euim
469 2813 537 2867 sunt
555 2801 633 2866 illins
651 2803 794 2887 dogmatis
813 2823 847 2866 ac
866 2803 1070 2889 mysteriorum
1089 2802 1245 2881 antistites,

93 2903 217 2967 totidem
233 2913 261 2966 ct
276 2904 493 2989 redemptiones
509 2925 576 2970 esse
592 2905 702 2970 dieunt.
748 2903 909 2970 Enimvero
925 2915 1014 2970 tutam
1029 2906 1104 2969 illam
1120 2906 1246 2991 speciem

92 3017 184 3092 atque
203 3025 334 3091 pompam
349 3006 482 3071 ciurandi
498 3007 677 3094 baptismatis
694 3009 875 3096 iteratosque
890 3009 966 3073 illins
981 3031 997 3072 a
1014 3010 1068 3072 deo
1082 3007 1247 3092 generatio·

92 3109 143 3172 nis
158 3107 252 3192 gratia
268 3119 297 3170 et
310 3107 490 3173 abiiciendae
506 3109 571 3174 litei
586 3133 602 3174 a
620 3108 730 3176 Satann
747 3114 897 3176 confictam
914 3133 993 3192 esse,
1011 3131 1065 3174 suo
1082 3111 1157 3189 locu,
1182 3131 1246 3172 cum

91 3213 164 3275 illos
180 3210 381 3291 refutabimus,
399 3213 581 3278 ostesadetur.
622 3211 682 3279 Sed
697 3215 774 3279 illam
790 3215 986 3280 neeessariam
1002 3213 1120 3277 emulino
1136 3212 1249 3276 redem-

91 3314 225 3403 ptionem
243 3312 278 3376 ils
297 3333 363 3378 esse
382 3322 514 3378 statuunt
529 3315 577 3400 qui
595 3319 752 3402 perlectam
771 3317 922 3382 seientiam
940 3316 1035 3402 adepti
1053 3327 1137 3393 sunt,
1163 3325 1194 3377 ut
1212 3314 1247 3376 ad

92 3437 261 3503 supremam
285 3415 412 3479 omnium
431 3416 568 3481 virtutem
592 3419 687 3484 denuo
705 3422 874 3504 gignantur.
920 3419 1017 3483 Aliter
1038 3419 1114 3482 enim
1134 3435 1248 3479 omnem

91 3521 130 3584 ad
151 3516 287 3583 Pleroma
309 3519 416 3582 aditum
435 3519 608 3596 intercludi,
643 3541 708 3583 eum
727 3522 797 3585 haec
817 3519 865 3585 illa
884 3521 923 3586 sit
942 3543 1016 3607 quac
1036 3541 1087 3585 eos
1107 3521 1142 3583 ad
1161 3515 1250 3604 ssyut

92 3623 238 3709 protunda
255 3623 403 3706 perducat.
433 3619 511 3686 Nom
529 3622 701 3707 baptismum
717 3625 884 3709 apparentis
898 3624 976 3689 illius
993 3621 1061 3688 lesu
1076 3623 1250 3686 condemna-

92 3726 206 3790 tionem
222 3723 364 3788 duntaxat
378 3745 449 3810 prae
464 3745 497 3789 se
514 3726 592 3788 terre
608 3724 772 3804 criminum,
797 3729 1025 3814 redemptionem
1042 3747 1114 3790 vero
1126 3725 1249 3804 Christi,

91 3829 143 3914 qui
167 3845 200 3890 se
222 3825 252 3889 in
276 3823 374 3890 lesum
400 3827 617 3907 insinuaverat,
653 3831 811 3916 perlectum
838 3832 873 3894 ad
900 3841 1007 3895 statum
1030 3829 1253 3913 absolutumque

92 3939 243 4018 spectare.
288 3925 372 3992 lllum
395 3930 548 3994 animalem
572 3950 656 4010 esse,
688 3932 761 3997 hanc
780 3955 853 3998 uem
870 3933 1045 4019 spiritalem.
1090 3930 1250 3997 Praeterea
1262 3941 1405 4001 netu-sna

90 4030 269 4119 baptismum
298 4052 314 4095 a
339 4029 448 4096 loanne
470 4035 666 4119 capessendae
688 4035 887 4122 paenitentiae
911 4058 1014 4101 caussa
1039 4035 1251 4109 denuntiatum,

128 4220 191 4272 Gan
208 4219 330 4270 XX.-
358 4220 380 4273 l·
405 4215 488 4276 oidell
509 4217 577 4294 λόγῳ
601 4225 653 4276 oud.
688 4223 840 4293 profundum
868 4225 943 4293 nyehi
970 4223 1087 4282 deducit.
1118 4221 1253 4274 secundam

90 4291 192 4353 Rloedtp
689 4310 741 4352 eos
759 4297 851 4345 nidum
865 4297 985 4380 tepisse
964 4292 995 4348 τὸ
1011 4293 1097 4348 esaon
1112 4287 1193 4362 βάθος
1208 4307 1253 4343 κα

123 4361 151 4410 ι.
172 4359 237 4408 curt
254 4360 382 4448 lll'll'l‘mll
397 4361 482 4411 debent
499 4357 524 4412 tv
544 4375 586 4424 pro
605 4357 654 4414 dum
688 4355 814 4442 τάγιιισα,
833 4381 882 4416 κατ
907 4359 1011 4423 auceia.

125 4425 153 4478 3.
170 4424 243 4480 τοῦτο
258 4422 305 4481 uici
319 4429 387 4479 codd.
402 4429 557 4479 Vatiniana.
582 4431 654 4494 Vutpo
722 4429 861 4498 depossitus
874 4433 941 4483 nubet
955 4436 1003 4488 Vct
1011 4434 1132 4493 intes-pres,
1145 4423 1254 4481 utmou'·

89 4495 138 4552 cei
157 4487 216 4547 titi
326 4525 328 4528 ·
688 4515 767 4564 ματος
779 4515 824 4564 pre
839 4497 956 4567 Χριστοῦ
974 4503 1053 4566 house
1066 4501 1141 4562 uideri
1154 4499 1238 4570 pessit.

125 4559 154 4615 t.
174 4563 221 4615 tet
235 4563 348 4628 tuepm
361 4579 415 4618 eum
427 4567 539 4629 proeteot
552 4579 615 4633 quae
627 4563 653 4616 ie
