<?xml version="1.0" encoding="UTF-8"?>
<!DOCTYPE html PUBLIC "-//W3C//DTD XHTML 1.0 Transitional//EN"
    "http://www.w3.org/TR/xhtml1/DTD/xhtml1-transitional.dtd">
<html xmlns="http://www.w3.org/1999/xhtml" xml:lang="en" lang="en">
 <head>
  <title>
</title>
<meta http-equiv="Content-Type" content="text/html;charset=utf-8" />
  <meta name='ocr-system' content='tesseract 3.04.00' />
  <meta name='ocr-capabilities' content='ocr_page ocr_carea ocr_par ocr_line ocrx_word'/>
</head>
<body>
  <div class='ocr_page' id='page_1' title='image "./corporishaerese01oehlgoog_0679.png"; bbox 0 0 3080 5002; ppageno 0'>
   <div class='ocr_carea' id='block_1_1' title="bbox 0 119 4 963">
    <p class='ocr_par' dir='ltr' id='par_1_1' title="bbox 0 119 4 963">
     <span class='ocr_line' id='line_1_1' title="bbox 0 119 4 963; baseline 0 0"><span class='ocrx_word' id='word_1_1' title='bbox 0 119 4 963; x_wconf 95' lang='lat' dir='ltr'><em> </em></span> 
     </span>
    </p>
   </div>
   <div class='ocr_carea' id='block_1_2' title="bbox 299 269 1026 335">
    <p class='ocr_par' dir='ltr' id='par_1_2' title="bbox 299 269 1026 335">
     <span class='ocr_line' id='line_1_2' title="bbox 299 269 1026 335; baseline 0.004 -3"><span class='ocrx_word' id='word_1_2' title='bbox 299 269 361 332; x_wconf 76' lang='grc'><em>666</em></span> <span class='ocrx_word' id='word_1_3' title='bbox 719 279 842 334; x_wconf 68' lang='lat' dir='ltr'><em>emm</em></span> <span class='ocrx_word' id='word_1_4' title='bbox 859 280 1026 335; x_wconf 64' lang='lat' dir='ltr'><strong>nmmum</strong></span> 
     </span>
    </p>
   </div>
   <div class='ocr_carea' id='block_1_3' title="bbox 292 394 1453 2529">
    <p class='ocr_par' dir='ltr' id='par_1_3' title="bbox 292 394 1453 2529">
     <span class='ocr_line' id='line_1_3' title="bbox 298 394 1453 485; baseline 0.005 -23"><span class='ocrx_word' id='word_1_5' title='bbox 298 395 353 462; x_wconf 86' lang='grc' dir='ltr'><em>οῦιι</em></span> <span class='ocrx_word' id='word_1_6' title='bbox 372 399 546 483; x_wconf 89' lang='grc' dir='ltr'><em>ἐγείρονται,</em></span> <span class='ocrx_word' id='word_1_7' title='bbox 576 395 646 464; x_wconf 81' lang='grc' dir='ltr'><em>οῦδὲ</em></span> <span class='ocrx_word' id='word_1_8' title='bbox 662 394 789 482; x_wconf 82' lang='grc' dir='ltr'><em>Χριστιίς</em></span> <span class='ocrx_word' id='word_1_9' title='bbox 804 395 969 482; x_wconf 73' lang='grc' dir='ltr'><em>ἐγήγερται·</em></span> <span class='ocrx_word' id='word_1_10' title='bbox 998 399 1051 464; x_wconf 82' lang='grc' dir='ltr'><em>ταί</em></span> <span class='ocrx_word' id='word_1_11' title='bbox 1068 401 1095 464; x_wconf 91' lang='grc' dir='ltr'><em>εί</em></span> <span class='ocrx_word' id='word_1_12' title='bbox 1115 395 1243 484; x_wconf 75' lang='grc' dir='ltr'><em>Χριστάι</em></span> <span class='ocrx_word' id='word_1_13' title='bbox 1261 397 1322 466; x_wconf 74' lang='grc' dir='ltr'><em>στ’ττ</em></span> <span class='ocrx_word' id='word_1_14' title='bbox 1336 397 1453 485; x_wconf 71' lang='grc' dir='ltr'><em>ἐγιίγερ·</em></span> 
     </span>
     <span class='ocr_line' id='line_1_4' title="bbox 298 497 1450 588; baseline 0.005 -26"><span class='ocrx_word' id='word_1_15' title='bbox 298 526 361 578; x_wconf 90' lang='grc' dir='ltr'><em>ται,</em></span> <span class='ocrx_word' id='word_1_16' title='bbox 392 497 517 582; x_wconf 86' lang='grc' dir='ltr'><em>μάταιον</em></span> <span class='ocrx_word' id='word_1_17' title='bbox 537 497 570 566; x_wconf 81' lang='grc' dir='ltr'><em>τῦ</em></span> <span class='ocrx_word' id='word_1_18' title='bbox 589 499 726 586; x_wconf 80' lang='grc' dir='ltr'><em>κήρυγμα</em></span> <span class='ocrx_word' id='word_1_19' title='bbox 743 497 842 582; x_wconf 70' lang='grc' dir='ltr'><em>ἡμῶν·</em></span> <span class='ocrx_word' id='word_1_20' title='bbox 870 503 919 569; x_wconf 82' lang='grc' dir='ltr'><em>ταί</em></span> <span class='ocrx_word' id='word_1_21' title='bbox 937 499 1008 583; x_wconf 83' lang='grc' dir='ltr'><em>μετά</em></span> <span class='ocrx_word' id='word_1_22' title='bbox 1025 508 1117 566; x_wconf 91' lang='grc' dir='ltr'><em>ταῦτα</em></span> <span class='ocrx_word' id='word_1_23' title='bbox 1130 500 1242 582; x_wconf 87' lang='grc' dir='ltr'><em>πάντα,</em></span> <span class='ocrx_word' id='word_1_24' title='bbox 1275 510 1332 566; x_wconf 84' lang='grc' dir='ltr'><em>Δεῖ</em></span> <span class='ocrx_word' id='word_1_25' title='bbox 1347 499 1450 588; x_wconf 81' lang='grc' dir='ltr'><em>γάρεῦ</em></span> 
     </span>
     <span class='ocr_line' id='line_1_5' title="bbox 298 600 1448 689; baseline 0.002 -21"><span class='ocrx_word' id='word_1_26' title='bbox 298 601 413 684; x_wconf 83' lang='grc' dir='ltr'><em>θνητάν</em></span> <span class='ocrx_word' id='word_1_27' title='bbox 430 609 516 669; x_wconf 85' lang='grc' dir='ltr'><em>τοῦτο</em></span> <span class='ocrx_word' id='word_1_28' title='bbox 536 601 718 669; x_wconf 70' lang='grc' dir='ltr'><strong><em>ἐνδύσασθαι</em></strong></span> <span class='ocrx_word' id='word_1_29' title='bbox 733 600 917 680; x_wconf 87' lang='grc' dir='ltr'><em>ἀθανασίαν,</em></span> <span class='ocrx_word' id='word_1_30' title='bbox 945 605 997 668; x_wconf 89' lang='grc' dir='ltr'><em>ιιαλ</em></span> <span class='ocrx_word' id='word_1_31' title='bbox 1017 601 1050 670; x_wconf 86' lang='grc' dir='ltr'><em>τῦ</em></span> <span class='ocrx_word' id='word_1_32' title='bbox 1068 602 1208 689; x_wconf 85' lang='grc' dir='ltr'><em>φθαρτάν</em></span> <span class='ocrx_word' id='word_1_33' title='bbox 1224 611 1313 670; x_wconf 88' lang='grc' dir='ltr'><em>τοῦτο</em></span> <span class='ocrx_word' id='word_1_34' title='bbox 1331 603 1448 670; x_wconf 74' lang='grc' dir='ltr'><em>ἐνδῦσα</em></span> 
     </span>
     <span class='ocr_line' id='line_1_6' title="bbox 297 701 1449 790; baseline 0.002 -20"><span class='ocrx_word' id='word_1_35' title='bbox 297 714 371 770; x_wconf 89' lang='grc' dir='ltr'><em>σθαι</em></span> <span class='ocrx_word' id='word_1_36' title='bbox 387 701 568 790; x_wconf 71' lang='grc' dir='ltr'><em>ἀφθαρσίαν.</em></span> <span class='ocrx_word' id='word_1_37' title='bbox 615 707 674 770; x_wconf 76' lang='grc' dir='ltr'><em>Καὶ</em></span> <span class='ocrx_word' id='word_1_38' title='bbox 690 703 746 772; x_wconf 86' lang='grc' dir='ltr'><em>οῦιι</em></span> <span class='ocrx_word' id='word_1_39' title='bbox 762 701 840 783; x_wconf 87' lang='grc' dir='ltr'><em>είπε,</em></span> <span class='ocrx_word' id='word_1_40' title='bbox 868 703 907 771; x_wconf 80' lang='grc' dir='ltr'><em>Τί</em></span> <span class='ocrx_word' id='word_1_41' title='bbox 923 704 1038 788; x_wconf 79' lang='grc' dir='ltr'><em>θνητὸν</em></span> <span class='ocrx_word' id='word_1_42' title='bbox 1053 713 1140 772; x_wconf 88' lang='grc' dir='ltr'><em>τοῦτο</em></span> <span class='ocrx_word' id='word_1_43' title='bbox 1157 712 1289 789; x_wconf 84' lang='grc' dir='ltr'><em>χορῆσαι</em></span> <span class='ocrx_word' id='word_1_44' title='bbox 1305 705 1362 789; x_wconf 75' lang='grc' dir='ltr'><em>τὴν</em></span> <span class='ocrx_word' id='word_1_45' title='bbox 1376 704 1449 775; x_wconf 84' lang='grc' dir='ltr'><em>α’θτ-</em></span> 
     </span>
     <span class='ocr_line' id='line_1_7' title="bbox 297 806 1450 892; baseline 0.003 -21"><span class='ocrx_word' id='word_1_46' title='bbox 297 811 420 886; x_wconf 89' lang='grc' dir='ltr'><em>νασίαν,</em></span> <span class='ocrx_word' id='word_1_47' title='bbox 449 807 486 890; x_wconf 77' lang='grc' dir='ltr'><em>ἢ,</em></span> <span class='ocrx_word' id='word_1_48' title='bbox 518 806 558 874; x_wconf 77' lang='grc' dir='ltr'><em>Τί</em></span> <span class='ocrx_word' id='word_1_49' title='bbox 581 807 719 890; x_wconf 78' lang='grc' dir='ltr'><em>φθαρτῶν</em></span> <span class='ocrx_word' id='word_1_50' title='bbox 740 814 827 875; x_wconf 88' lang='grc' dir='ltr'><em>τοῦτο</em></span> <span class='ocrx_word' id='word_1_51' title='bbox 847 815 979 892; x_wconf 78' lang='grc' dir='ltr'><em>χωρῆσαι</em></span> <span class='ocrx_word' id='word_1_52' title='bbox 998 806 1054 892; x_wconf 77' lang='grc' dir='ltr'><em>τήν</em></span> <span class='ocrx_word' id='word_1_53' title='bbox 1074 806 1263 891; x_wconf 73' lang='grc' dir='ltr'><em>ἀφθαρσίαν,</em></span> <span class='ocrx_word' id='word_1_54' title='bbox 1292 807 1381 888; x_wconf 83' lang='grc' dir='ltr'><em>ἀλλά,</em></span> <span class='ocrx_word' id='word_1_55' title='bbox 1411 807 1450 876; x_wconf 79' lang='grc' dir='ltr'><em>Τί</em></span> 
     </span>
     <span class='ocr_line' id='line_1_8' title="bbox 297 907 1451 996; baseline 0 -20"><span class='ocrx_word' id='word_1_56' title='bbox 297 908 412 992; x_wconf 76' lang='grc' dir='ltr'><em>θνητῶν</em></span> <span class='ocrx_word' id='word_1_57' title='bbox 425 912 476 976; x_wconf 83' lang='grc' dir='ltr'><em>παλ</em></span> <span class='ocrx_word' id='word_1_58' title='bbox 495 917 529 958; x_wconf 78' lang='lat'><em>⁶⁵</em></span> <span class='ocrx_word' id='word_1_59' title='bbox 539 910 678 996; x_wconf 75' lang='grc' dir='ltr'><em>φθαρτὸν</em></span> <span class='ocrx_word' id='word_1_60' title='bbox 693 909 874 976; x_wconf 76' lang='grc' dir='ltr'><em>ἐνδύσασθαι</em></span> <span class='ocrx_word' id='word_1_61' title='bbox 890 907 1065 996; x_wconf 89' lang='grc' dir='ltr'><em>ἀφθαρσίαν</em></span> <span class='ocrx_word' id='word_1_62' title='bbox 1077 913 1128 976; x_wconf 86' lang='grc' dir='ltr'><em>ιιαλ</em></span> <span class='ocrx_word' id='word_1_63' title='bbox 1143 910 1321 978; x_wconf 90' lang='grc' dir='ltr'><em>ἀθανασίαν.</em></span> <span class='ocrx_word' id='word_1_64' title='bbox 1357 917 1451 978; x_wconf 80' lang='grc' dir='ltr'><em>Ποῖον</em></span> 
     </span>
     <span class='ocr_line' id='line_1_9' title="bbox 296 1010 1450 1102; baseline 0.002 -24"><span class='ocrx_word' id='word_1_65' title='bbox 296 1013 329 1078; x_wconf 84' lang='grc' dir='ltr'><em>ῦέ</em></span> <span class='ocrx_word' id='word_1_66' title='bbox 345 1015 404 1080; x_wconf 89' lang='grc' dir='ltr'><em>ἐστι</em></span> <span class='ocrx_word' id='word_1_67' title='bbox 419 1012 548 1096; x_wconf 81' lang='grc' dir='ltr'><em>θνητῶν,</em></span> <span class='ocrx_word' id='word_1_68' title='bbox 572 1012 630 1078; x_wconf 86' lang='grc' dir='ltr'><em>ἀλλ’</em></span> <span class='ocrx_word' id='word_1_69' title='bbox 647 1011 668 1096; x_wconf 74' lang='grc' dir='ltr'><em>ἢ</em></span> <span class='ocrx_word' id='word_1_70' title='bbox 682 1012 715 1078; x_wconf 81' lang='grc' dir='ltr'><em>τί</em></span> <span class='ocrx_word' id='word_1_71' title='bbox 730 1020 815 1096; x_wconf 87' lang='grc' dir='ltr'><em>σῶμα</em></span> <span class='ocrx_word' id='word_1_72' title='bbox 833 1013 866 1079; x_wconf 82' lang='grc' dir='ltr'><em>τῦ</em></span> <span class='ocrx_word' id='word_1_73' title='bbox 884 1011 921 1080; x_wconf 84' lang='grc' dir='ltr'><em>οῦ</em></span> <span class='ocrx_word' id='word_1_74' title='bbox 932 1021 1068 1098; x_wconf 71' lang='grc' dir='ltr'><em>χωρῆσαν</em></span> <span class='ocrx_word' id='word_1_75' title='bbox 1084 1017 1117 1080; x_wconf 87' lang='grc' dir='ltr'><em>ἐν</em></span> <span class='ocrx_word' id='word_1_76' title='bbox 1132 1010 1212 1102; x_wconf 71' lang='grc' dir='ltr'><em>αὐτῷ</em></span> <span class='ocrx_word' id='word_1_77' title='bbox 1230 1011 1325 1095; x_wconf 76' lang='grc' dir='ltr'><em>μόνον</em></span> <span class='ocrx_word' id='word_1_78' title='bbox 1337 1011 1450 1080; x_wconf 84' lang='grc' dir='ltr'><em>ἀθανα-</em></span> 
     </span>
     <span class='ocr_line' id='line_1_10' title="bbox 296 1113 1450 1200; baseline 0.002 -20"><span class='ocrx_word' id='word_1_79' title='bbox 296 1119 377 1195; x_wconf 86' lang='grc' dir='ltr'><em>σίαν,</em></span> <span class='ocrx_word' id='word_1_80' title='bbox 408 1113 478 1180; x_wconf 87' lang='grc' dir='ltr'><em>ἀλλά</em></span> <span class='ocrx_word' id='word_1_81' title='bbox 491 1119 543 1180; x_wconf 85' lang='grc' dir='ltr'><em>ταί</em></span> <span class='ocrx_word' id='word_1_82' title='bbox 560 1119 744 1200; x_wconf 75' lang='grc' dir='ltr'><em>Μοίιιῆσαν,</em></span> <span class='ocrx_word' id='word_1_83' title='bbox 773 1117 824 1181; x_wconf 87' lang='grc' dir='ltr'><em>ιιαλ</em></span> <span class='ocrx_word' id='word_1_84' title='bbox 841 1116 943 1198; x_wconf 90' lang='grc' dir='ltr'><em>μέλλον</em></span> <span class='ocrx_word' id='word_1_85' title='bbox 958 1114 1116 1188; x_wconf 77' lang='grc' dir='ltr'><em>ἐνδύεσθαι</em></span> <span class='ocrx_word' id='word_1_86' title='bbox 1131 1115 1186 1199; x_wconf 75' lang='grc' dir='ltr'><em>τὴν</em></span> <span class='ocrx_word' id='word_1_87' title='bbox 1201 1114 1386 1196; x_wconf 76' lang='grc' dir='ltr'><em>ἀθανασίαν,</em></span> <span class='ocrx_word' id='word_1_88' title='bbox 1414 1114 1450 1182; x_wconf 81' lang='grc' dir='ltr'><em>οῦ</em></span> 
     </span>
     <span class='ocr_line' id='line_1_11' title="bbox 296 1215 1448 1302; baseline 0.003 -20"><span class='ocrx_word' id='word_1_89' title='bbox 296 1225 349 1284; x_wconf 90' lang='grc' dir='ltr'><em>τοῦ</em></span> <span class='ocrx_word' id='word_1_90' title='bbox 365 1218 502 1301; x_wconf 74' lang='grc' dir='ltr'><em>σῶματος</em></span> <span class='ocrx_word' id='word_1_91' title='bbox 519 1215 759 1302; x_wconf 67' lang='grc' dir='ltr'><em>ἀποβαλλομένου</em></span> <span class='ocrx_word' id='word_1_92' title='bbox 780 1221 832 1284; x_wconf 85' lang='grc' dir='ltr'><em>ταλ</em></span> <span class='ocrx_word' id='word_1_93' title='bbox 851 1225 905 1301; x_wconf 83' lang='grc' dir='ltr'><em>τῆς</em></span> <span class='ocrx_word' id='word_1_94' title='bbox 920 1225 1034 1302; x_wconf 79' lang='grc' dir='ltr'><em>ψυχῆς,</em></span> <span class='ocrx_word' id='word_1_95' title='bbox 1062 1227 1116 1302; x_wconf 76' lang='grc' dir='ltr'><em>τῆς</em></span> <span class='ocrx_word' id='word_1_96' title='bbox 1129 1217 1171 1302; x_wconf 75' lang='grc' dir='ltr'><em>μή</em></span> <span class='ocrx_word' id='word_1_97' title='bbox 1186 1217 1448 1302; x_wconf 82' lang='grc' dir='ltr'><em>ἀποθνηστνῦσης,</em></span> 
     </span>
     <span class='ocr_line' id='line_1_12' title="bbox 296 1318 1448 1405; baseline 0.002 -19"><span class='ocrx_word' id='word_1_98' title='bbox 296 1322 477 1403; x_wconf 69' lang='grc' dir='ltr'><em>ἐνδυομένης</em></span> <span class='ocrx_word' id='word_1_99' title='bbox 492 1319 671 1401; x_wconf 71' lang='grc' dir='ltr'><em>ἀθανασίαν,</em></span> <span class='ocrx_word' id='word_1_100' title='bbox 702 1318 773 1388; x_wconf 86' lang='grc' dir='ltr'><em>ἀλλά</em></span> <span class='ocrx_word' id='word_1_101' title='bbox 794 1327 848 1387; x_wconf 89' lang='grc' dir='ltr'><em>τοῦ</em></span> <span class='ocrx_word' id='word_1_102' title='bbox 864 1328 980 1404; x_wconf 86' lang='grc' dir='ltr'><em>θνητοῦ</em></span> <span class='ocrx_word' id='word_1_103' title='bbox 995 1323 1175 1405; x_wconf 71' lang='grc' dir='ltr'><em>ἐνδυομένου</em></span> <span class='ocrx_word' id='word_1_104' title='bbox 1197 1320 1253 1404; x_wconf 71' lang='grc' dir='ltr'><em>τὴν</em></span> <span class='ocrx_word' id='word_1_105' title='bbox 1269 1318 1448 1400; x_wconf 78' lang='grc' dir='ltr'><em>ἀθανασίαν,</em></span> 
     </span>
     <span class='ocr_line' id='line_1_13' title="bbox 295 1420 1450 1510; baseline 0.001 -22"><span class='ocrx_word' id='word_1_106' title='bbox 295 1424 346 1488; x_wconf 87' lang='grc' dir='ltr'><em>ιιαλ</em></span> <span class='ocrx_word' id='word_1_107' title='bbox 365 1431 418 1490; x_wconf 84' lang='grc' dir='ltr'><em>τοῦ</em></span> <span class='ocrx_word' id='word_1_108' title='bbox 437 1431 579 1509; x_wconf 79' lang='grc' dir='ltr'><em>φθαρτοῦ</em></span> <span class='ocrx_word' id='word_1_109' title='bbox 596 1423 785 1508; x_wconf 85' lang='grc' dir='ltr'><em>ἀφθαρσίαν,</em></span> <span class='ocrx_word' id='word_1_110' title='bbox 817 1425 946 1490; x_wconf 87' lang='grc' dir='ltr'><em>τουτίστι</em></span> <span class='ocrx_word' id='word_1_111' title='bbox 963 1431 1016 1489; x_wconf 89' lang='grc' dir='ltr'><em>τοῦ</em></span> <span class='ocrx_word' id='word_1_112' title='bbox 1033 1423 1183 1508; x_wconf 72' lang='grc' dir='ltr'><em>σῶματος,</em></span> <span class='ocrx_word' id='word_1_113' title='bbox 1213 1420 1306 1490; x_wconf 85' lang='grc' dir='ltr'><em>αῦτοῦ</em></span> <span class='ocrx_word' id='word_1_114' title='bbox 1322 1423 1382 1510; x_wconf 85' lang='grc' dir='ltr'><em>γάρ</em></span> <span class='ocrx_word' id='word_1_115' title='bbox 1398 1426 1450 1490; x_wconf 83' lang='grc' dir='ltr'><em>ταί</em></span> 
     </span>
     <span class='ocr_line' id='line_1_14' title="bbox 295 1524 1449 1611; baseline 0.003 -20"><span class='ocrx_word' id='word_1_116' title='bbox 295 1524 429 1602; x_wconf 85' lang='grc' dir='ltr'><em>θάνατός</em></span> <span class='ocrx_word' id='word_1_117' title='bbox 446 1529 506 1593; x_wconf 91' lang='grc' dir='ltr'><em>ἐστι</em></span> <span class='ocrx_word' id='word_1_118' title='bbox 522 1528 572 1592; x_wconf 81' lang='grc' dir='ltr'><em>καλ</em></span> <span class='ocrx_word' id='word_1_119' title='bbox 591 1524 697 1610; x_wconf 87' lang='grc' dir='ltr'><em>φθορά</em></span> <span class='ocrx_word' id='word_1_120' title='bbox 714 1525 908 1611; x_wconf 70' lang='grc' dir='ltr'><em>πρόσκαιρος,</em></span> <span class='ocrx_word' id='word_1_121' title='bbox 938 1525 988 1595; x_wconf 84' lang='grc' dir='ltr'><em>ῦιά</em></span> <span class='ocrx_word' id='word_1_122' title='bbox 1004 1526 1058 1610; x_wconf 73' lang='grc' dir='ltr'><em>τὴν</em></span> <span class='ocrx_word' id='word_1_123' title='bbox 1070 1525 1156 1593; x_wconf 87' lang='grc' dir='ltr'><em>λῦσιν</em></span> <span class='ocrx_word' id='word_1_124' title='bbox 1172 1525 1226 1609; x_wconf 76' lang='grc' dir='ltr'><em>τὴν</em></span> <span class='ocrx_word' id='word_1_125' title='bbox 1242 1529 1449 1610; x_wconf 69' lang='grc' dir='ltr'><em>ἐπενεχθεῖσαν</em></span> 
     </span>
     <span class='ocr_line' id='line_1_15' title="bbox 295 1625 1450 1716; baseline 0 -22"><span class='ocrx_word' id='word_1_126' title='bbox 295 1625 375 1716; x_wconf 79' lang='grc' dir='ltr'><em>αῦτῷ</em></span> <span class='ocrx_word' id='word_1_127' title='bbox 391 1626 442 1695; x_wconf 83' lang='grc' dir='ltr'><em>θιά</em></span> <span class='ocrx_word' id='word_1_128' title='bbox 457 1637 511 1712; x_wconf 77' lang='grc' dir='ltr'><em>τῆς</em></span> <span class='ocrx_word' id='word_1_129' title='bbox 524 1635 578 1696; x_wconf 87' lang='grc' dir='ltr'><em>τοῦ</em></span> <span class='ocrx_word' id='word_1_130' title='bbox 588 1627 681 1712; x_wconf 81' lang='grc' dir='ltr'><em>Ἀἐάμ</em></span> <span class='ocrx_word' id='word_1_131' title='bbox 693 1635 856 1713; x_wconf 69' lang='grc' dir='ltr'><em>παρακοῆς.</em></span> <span class='ocrx_word' id='word_1_132' title='bbox 891 1627 960 1697; x_wconf 82' lang='grc' dir='ltr'><em>Ὅτι</em></span> <span class='ocrx_word' id='word_1_133' title='bbox 973 1630 1006 1696; x_wconf 79' lang='grc' dir='ltr'><em>δὲ</em></span> <span class='ocrx_word' id='word_1_134' title='bbox 1019 1631 1087 1715; x_wconf 84' lang='grc' dir='ltr'><em>περί</em></span> <span class='ocrx_word' id='word_1_135' title='bbox 1100 1636 1160 1696; x_wconf 90' lang='grc' dir='ltr'><em>τῶν</em></span> <span class='ocrx_word' id='word_1_136' title='bbox 1172 1636 1340 1712; x_wconf 82' lang='grc' dir='ltr'><em>μελλουσῶν</em></span> <span class='ocrx_word' id='word_1_137' title='bbox 1353 1651 1450 1712; x_wconf 82' lang='grc' dir='ltr'><em>φησιν</em></span> 
     </span>
     <span class='ocr_line' id='line_1_16' title="bbox 295 1727 1448 1819; baseline 0 -23"><span class='ocrx_word' id='word_1_138' title='bbox 295 1733 326 1796; x_wconf 90' lang='grc' dir='ltr'><em>ἐν</em></span> <span class='ocrx_word' id='word_1_139' title='bbox 348 1727 426 1819; x_wconf 76' lang='grc' dir='ltr'><em>αὐτῷ</em></span> <span class='ocrx_word' id='word_1_140' title='bbox 447 1739 628 1798; x_wconf 76' lang='grc' dir='ltr'><em>τελειοῦσθαι</em></span> <span class='ocrx_word' id='word_1_141' title='bbox 651 1729 820 1817; x_wconf 82' lang='grc' dir='ltr'><em>εῦιργεσιῶν</em></span> <span class='ocrx_word' id='word_1_142' title='bbox 841 1729 890 1798; x_wconf 83' lang='grc' dir='ltr'><em>ῦιά</em></span> <span class='ocrx_word' id='word_1_143' title='bbox 910 1739 964 1814; x_wconf 73' lang='grc' dir='ltr'><em>τηρ</em></span> <span class='ocrx_word' id='word_1_144' title='bbox 983 1728 1183 1816; x_wconf 70' lang='grc' dir='ltr'><em>ἀποσχέσεσι,</em></span> <span class='ocrx_word' id='word_1_145' title='bbox 1211 1728 1244 1799; x_wconf 82' lang='grc' dir='ltr'><em>τῦ</em></span> <span class='ocrx_word' id='word_1_146' title='bbox 1260 1738 1448 1817; x_wconf 88' lang='grc' dir='ltr'><em>πληροῦσθαι</em></span> 
     </span>
     <span class='ocr_line' id='line_1_17' title="bbox 298 1831 1448 1921; baseline -0.002 -21"><span class='ocrx_word' id='word_1_147' title='bbox 298 1835 509 1915; x_wconf 64' lang='grc' dir='ltr'><em>ο’ἐνσημαίνει</em></span> <span class='ocrx_word' id='word_1_148' title='bbox 530 1835 636 1919; x_wconf 72' lang='grc' dir='ltr'><em>λέγειν,</em></span> <span class='ocrx_word' id='word_1_149' title='bbox 673 1832 744 1902; x_wconf 83' lang='grc' dir='ltr'><em>Τότε</em></span> <span class='ocrx_word' id='word_1_150' title='bbox 763 1833 915 1919; x_wconf 76' lang='grc' dir='ltr'><em>γενήσεται</em></span> <span class='ocrx_word' id='word_1_151' title='bbox 935 1831 1055 1919; x_wconf 80' lang='grc' dir='ltr'><em>ἀλόγσς</em></span> <span class='ocrx_word' id='word_1_152' title='bbox 1073 1831 1091 1900; x_wconf 87' lang='lat' dir='ltr'><em>o‘</em></span> <span class='ocrx_word' id='word_1_153' title='bbox 1109 1835 1322 1921; x_wconf 72' lang='grc' dir='ltr'><em>γεγραμμένοι,</em></span> <span class='ocrx_word' id='word_1_154' title='bbox 1352 1839 1448 1900; x_wconf 68' lang='lat' dir='ltr'><strong><em>Kate-</em></strong></span> 
     </span>
     <span class='ocr_line' id='line_1_18' title="bbox 295 1931 1452 2026; baseline 0.003 -26"><span class='ocrx_word' id='word_1_155' title='bbox 295 1932 381 2018; x_wconf 87' lang='grc' dir='ltr'><em>πάθη</em></span> <span class='ocrx_word' id='word_1_156' title='bbox 403 1931 421 2001; x_wconf 84' lang='lat' dir='ltr'><em>o‘</em></span> <span class='ocrx_word' id='word_1_157' title='bbox 442 1933 574 2012; x_wconf 80' lang='grc' dir='ltr'><em>θάνατοι·</em></span> <span class='ocrx_word' id='word_1_158' title='bbox 595 1938 637 2012; x_wconf 79' lang='grc' dir='ltr'><em>είς</em></span> <span class='ocrx_word' id='word_1_159' title='bbox 657 1946 753 2012; x_wconf 83' lang='grc' dir='ltr'><em>νίκας·</em></span> <span class='ocrx_word' id='word_1_160' title='bbox 782 1940 833 2002; x_wconf 83' lang='grc' dir='ltr'><em>ίνα</em></span> <span class='ocrx_word' id='word_1_161' title='bbox 854 1936 970 2026; x_wconf 81' lang='grc' dir='ltr'><em>σημάνη</em></span> <span class='ocrx_word' id='word_1_162' title='bbox 991 1935 1046 2020; x_wconf 72' lang='grc' dir='ltr'><em>τὴν</em></span> <span class='ocrx_word' id='word_1_163' title='bbox 1066 1935 1132 2002; x_wconf 85' lang='grc' dir='ltr'><em>τότε</em></span> <span class='ocrx_word' id='word_1_164' title='bbox 1148 1938 1310 2018; x_wconf 88' lang='grc' dir='ltr'><em>μίλλουσαν</em></span> <span class='ocrx_word' id='word_1_165' title='bbox 1326 1939 1452 2004; x_wconf 79' lang='grc' dir='ltr'><em>ἐσεσθατ</em></span> 
     </span>
     <span class='ocr_line' id='line_1_19' title="bbox 293 2035 1450 2127; baseline 0.003 -26"><span class='ocrx_word' id='word_1_166' title='bbox 293 2044 406 2122; x_wconf 85' lang='grc' dir='ltr'><em>νεκρῶν</em></span> <span class='ocrx_word' id='word_1_167' title='bbox 420 2035 585 2104; x_wconf 81' lang='grc' dir='ltr'><em>ἀνάστασιν.</em></span> <span class='ocrx_word' id='word_1_168' title='bbox 620 2036 740 2121; x_wconf 74' lang='grc' dir='ltr'><em>’ίθπιιῦὴ</em></span> <span class='ocrx_word' id='word_1_169' title='bbox 754 2037 909 2121; x_wconf 77' lang='grc' dir='ltr'><em>κατεπόθη</em></span> <span class='ocrx_word' id='word_1_170' title='bbox 924 2036 943 2106; x_wconf 82' lang='grc' dir='ltr'><em>ἀ</em></span> <span class='ocrx_word' id='word_1_171' title='bbox 955 2039 1088 2116; x_wconf 81' lang='grc' dir='ltr'><em>θάνατσς</em></span> <span class='ocrx_word' id='word_1_172' title='bbox 1101 2036 1160 2106; x_wconf 86' lang='grc' dir='ltr'><em>ἀπῦ</em></span> <span class='ocrx_word' id='word_1_173' title='bbox 1177 2041 1285 2122; x_wconf 80' lang='grc' dir='ltr'><em>μέρους</em></span> <span class='ocrx_word' id='word_1_174' title='bbox 1297 2040 1329 2106; x_wconf 90' lang='grc' dir='ltr'><em>ἐν</em></span> <span class='ocrx_word' id='word_1_175' title='bbox 1341 2043 1379 2127; x_wconf 73' lang='grc' dir='ltr'><em>τῇ</em></span> <span class='ocrx_word' id='word_1_176' title='bbox 1391 2046 1450 2107; x_wconf 83' lang='grc' dir='ltr'><em>τοῦ</em></span> 
     </span>
     <span class='ocr_line' id='line_1_20' title="bbox 297 2137 1450 2229; baseline 0.003 -25"><span class='ocrx_word' id='word_1_177' title='bbox 297 2145 427 2221; x_wconf 80' lang='grc' dir='ltr'><em>Χριστοῦ</em></span> <span class='ocrx_word' id='word_1_178' title='bbox 441 2137 604 2220; x_wconf 87' lang='grc' dir='ltr'><em>ἀναστάσει,</em></span> <span class='ocrx_word' id='word_1_179' title='bbox 620 2143 670 2208; x_wconf 83' lang='grc' dir='ltr'><em>ταί</em></span> <span class='ocrx_word' id='word_1_180' title='bbox 683 2146 741 2206; x_wconf 90' lang='grc' dir='ltr'><em>τῶν</em></span> <span class='ocrx_word' id='word_1_181' title='bbox 756 2140 811 2207; x_wconf 85' lang='grc' dir='ltr'><em>σῦν</em></span> <span class='ocrx_word' id='word_1_182' title='bbox 826 2137 907 2229; x_wconf 72' lang='grc' dir='ltr'><em>αῦτηῦ</em></span> <span class='ocrx_word' id='word_1_183' title='bbox 919 2139 1115 2208; x_wconf 75' lang='grc' dir='ltr'><em>ἀναστάντων.</em></span> <span class='ocrx_word' id='word_1_184' title='bbox 1149 2140 1267 2224; x_wconf 84' lang='grc' dir='ltr'><em>Ἀνέστη</em></span> <span class='ocrx_word' id='word_1_185' title='bbox 1283 2141 1336 2226; x_wconf 83' lang='grc' dir='ltr'><em>γάρ</em></span> <span class='ocrx_word' id='word_1_186' title='bbox 1350 2141 1450 2208; x_wconf 76' lang='grc' dir='ltr'><em>πολλαί</em></span> 
     </span>
     <span class='ocr_line' id='line_1_21' title="bbox 292 2239 1451 2332; baseline 0.002 -25"><span class='ocrx_word' id='word_1_187' title='bbox 292 2239 413 2324; x_wconf 84' lang='grc' dir='ltr'><em>σῶματα</em></span> <span class='ocrx_word' id='word_1_188' title='bbox 427 2249 486 2310; x_wconf 91' lang='grc' dir='ltr'><em>τῶν</em></span> <span class='ocrx_word' id='word_1_189' title='bbox 501 2240 606 2328; x_wconf 84' lang='grc' dir='ltr'><em>ἀγίαν,</em></span> <span class='ocrx_word' id='word_1_190' title='bbox 627 2241 670 2319; x_wconf 79' lang='grc' dir='ltr'><em>ῶς</em></span> <span class='ocrx_word' id='word_1_191' title='bbox 686 2266 760 2326; x_wconf 89' lang='grc' dir='ltr'><em>φησι</em></span> <span class='ocrx_word' id='word_1_192' title='bbox 775 2241 808 2309; x_wconf 81' lang='grc' dir='ltr'><em>τῦ</em></span> <span class='ocrx_word' id='word_1_193' title='bbox 820 2241 1008 2330; x_wconf 75' lang='grc' dir='ltr'><em>,εῦαγγίλιον,</em></span> <span class='ocrx_word' id='word_1_194' title='bbox 1030 2246 1082 2310; x_wconf 82' lang='grc' dir='ltr'><em>καί</em></span> <span class='ocrx_word' id='word_1_195' title='bbox 1099 2251 1293 2327; x_wconf 77' lang='grc' dir='ltr'><em>συνειςηλθον</em></span> <span class='ocrx_word' id='word_1_196' title='bbox 1308 2241 1389 2332; x_wconf 81' lang='grc' dir='ltr'><em>αῦτρῦ</em></span> <span class='ocrx_word' id='word_1_197' title='bbox 1407 2247 1451 2320; x_wconf 80' lang='grc' dir='ltr'><em>είς</em></span> 
     </span>
     <span class='ocr_line' id='line_1_22' title="bbox 292 2341 1451 2430; baseline 0.002 -20"><span class='ocrx_word' id='word_1_198' title='bbox 292 2341 346 2426; x_wconf 72' lang='grc' dir='ltr'><em>τήν</em></span> <span class='ocrx_word' id='word_1_199' title='bbox 360 2341 447 2430; x_wconf 84' lang='grc' dir='ltr'><em>ἀγίαν</em></span> <span class='ocrx_word' id='word_1_200' title='bbox 462 2342 554 2412; x_wconf 86' lang='grc' dir='ltr'><em>πόλιν.</em></span> <span class='ocrx_word' id='word_1_201' title='bbox 603 2343 673 2412; x_wconf 83' lang='grc' dir='ltr'><em>Τότε</em></span> <span class='ocrx_word' id='word_1_202' title='bbox 688 2345 720 2412; x_wconf 83' lang='grc' dir='ltr'><em>ῦέ</em></span> <span class='ocrx_word' id='word_1_203' title='bbox 736 2347 778 2420; x_wconf 79' lang='grc' dir='ltr'><em>είς</em></span> <span class='ocrx_word' id='word_1_204' title='bbox 791 2354 874 2422; x_wconf 83' lang='grc' dir='ltr'><em>νῖκος</em></span> <span class='ocrx_word' id='word_1_205' title='bbox 892 2350 1094 2426; x_wconf 76' lang='grc' dir='ltr'><em>καταπίνεται,</em></span> <span class='ocrx_word' id='word_1_206' title='bbox 1118 2347 1167 2414; x_wconf 83' lang='grc' dir='ltr'><em>ὅτε</em></span> <span class='ocrx_word' id='word_1_207' title='bbox 1182 2343 1243 2414; x_wconf 66' lang='lat' dir='ltr'><em>duo*</em></span> <span class='ocrx_word' id='word_1_208' title='bbox 1259 2343 1379 2416; x_wconf 84' lang='grc' dir='ltr'><em>ιτάντιιν</em></span> <span class='ocrx_word' id='word_1_209' title='bbox 1394 2373 1451 2412; x_wconf 88' lang='grc' dir='ltr'><em>ιτα-</em></span> 
     </span>
     <span class='ocr_line' id='line_1_23' title="bbox 293 2445 636 2529; baseline 0 -17"><span class='ocrx_word' id='word_1_210' title='bbox 293 2454 423 2524; x_wconf 81' lang='grc' dir='ltr'><em>θολιιιῶς</em></span> <span class='ocrx_word' id='word_1_211' title='bbox 444 2445 636 2529; x_wconf 88' lang='grc' dir='ltr'><em>ἀφαντοῦται.</em></span> 
     </span>
    </p>
   </div>
   <div class='ocr_carea' id='block_1_4' title="bbox 170 2841 1202 2902">
    <p class='ocr_par' dir='ltr' id='par_1_4' title="bbox 170 2841 1202 2902">
     <span class='ocr_line' id='line_1_24' title="bbox 170 2841 1202 2902; baseline -0.003 -2"><span class='ocrx_word' id='word_1_212' title='bbox 170 2855 221 2902; x_wconf 72' lang='lat' dir='ltr'><em>m·</em></span> <span class='ocrx_word' id='word_1_213' title='bbox 235 2845 280 2890; x_wconf 73' lang='lat'><em>³⁸⁶·</em></span> <span class='ocrx_word' id='word_1_214' title='bbox 528 2841 606 2898; x_wconf 84' lang='grc' dir='ltr'><em>ΤΗΣ</em></span> <span class='ocrx_word' id='word_1_215' title='bbox 630 2842 738 2898; x_wconf 76' lang='grc' dir='ltr'><strong>ΠΡΟΣ·</strong></span> <span class='ocrx_word' id='word_1_216' title='bbox 755 2841 980 2898; x_wconf 85' lang='grc' dir='ltr'><strong>ΚΟΡΙΝΘΙΟΥΣ</strong></span> <span class='ocrx_word' id='word_1_217' title='bbox 1006 2842 1202 2898; x_wconf 81' lang='grc' dir='ltr'>ΔΕΥΤΕΡΔΣ.</span> 
     </span>
    </p>
   </div>
   <div class='ocr_carea' id='block_1_5' title="bbox 291 2958 1448 4279">
    <p class='ocr_par' dir='ltr' id='par_1_5' title="bbox 293 2958 1448 3150">
     <span class='ocr_line' id='line_1_25' title="bbox 375 2958 1448 3048; baseline 0.004 -24"><span class='ocrx_word' id='word_1_218' title='bbox 375 2958 459 3041; x_wconf 80' lang='grc' dir='ltr'><em>Λῦοη</em></span> <span class='ocrx_word' id='word_1_219' title='bbox 480 2960 513 3026; x_wconf 86' lang='grc' dir='ltr'><em>ῦέ</em></span> <span class='ocrx_word' id='word_1_220' title='bbox 534 2964 615 3044; x_wconf 86' lang='grc' dir='ltr'><em>τρίτη</em></span> <span class='ocrx_word' id='word_1_221' title='bbox 638 2969 731 3028; x_wconf 87' lang='grc' dir='ltr'><em>ιιιίται</em></span> <span class='ocrx_word' id='word_1_222' title='bbox 752 2959 833 3044; x_wconf 86' lang='grc' dir='ltr'><em>παρά</em></span> <span class='ocrx_word' id='word_1_223' title='bbox 854 2967 896 3048; x_wconf 76' lang='grc' dir='ltr'><em>τῶ</em></span> <span class='ocrx_word' id='word_1_224' title='bbox 912 2964 1082 3046; x_wconf 85' lang='grc' dir='ltr'><em>Μαρτίανι.</em></span> <span class='ocrx_word' id='word_1_225' title='bbox 1126 2962 1381 3045; x_wconf 81' lang='grc' dir='ltr'><em>Μετηλλαγμένας</em></span> <span class='ocrx_word' id='word_1_226' title='bbox 1403 2962 1448 3038; x_wconf 78' lang='grc' dir='ltr'><em>ῦέ,</em></span> 
     </span>
     <span class='ocr_line' id='line_1_26' title="bbox 293 3059 1228 3150; baseline -0.001 -24"><span class='ocrx_word' id='word_1_227' title='bbox 293 3059 343 3128; x_wconf 83' lang='grc' dir='ltr'><em>ῦιά</em></span> <span class='ocrx_word' id='word_1_228' title='bbox 365 3059 399 3128; x_wconf 82' lang='grc' dir='ltr'><em>τῦ</em></span> <span class='ocrx_word' id='word_1_229' title='bbox 421 3059 541 3144; x_wconf 86' lang='grc' dir='ltr'><em>πρῶτην</em></span> <span class='ocrx_word' id='word_1_230' title='bbox 561 3059 630 3146; x_wconf 84' lang='grc' dir='ltr'><em>παρ’</em></span> <span class='ocrx_word' id='word_1_231' title='bbox 651 3059 731 3150; x_wconf 74' lang='grc' dir='ltr'><em>αὐτῷ</em></span> <span class='ocrx_word' id='word_1_232' title='bbox 752 3060 892 3146; x_wconf 80' lang='grc' dir='ltr'><em>τετάηθαι</em></span> <span class='ocrx_word' id='word_1_233' title='bbox 913 3059 968 3144; x_wconf 74' lang='grc' dir='ltr'><em>τὴν</em></span> <span class='ocrx_word' id='word_1_234' title='bbox 990 3059 1067 3146; x_wconf 79' lang='grc' dir='ltr'><em>πράς</em></span> <span class='ocrx_word' id='word_1_235' title='bbox 1088 3061 1228 3138; x_wconf 72' lang='grc' dir='ltr'><em>Γαλάτας.</em></span> 
     </span>
    </p>

    <p class='ocr_par' dir='ltr' id='par_1_6' title="bbox 294 3161 1447 3356">
     <span class='ocr_line' id='line_1_27' title="bbox 375 3161 1447 3255; baseline 0.003 -26"><span class='ocrx_word' id='word_1_236' title='bbox 375 3162 402 3229; x_wconf 80' lang='grc' dir='ltr'><em>α’</em></span> <span class='ocrx_word' id='word_1_237' title='bbox 419 3166 471 3230; x_wconf 80' lang='grc' dir='ltr'><em>καί</em></span> <span class='ocrx_word' id='word_1_238' title='bbox 486 3162 527 3230; x_wconf 82' lang='grc' dir='ltr'><em>κε’</em></span> <span class='ocrx_word' id='word_1_239' title='bbox 545 3163 632 3248; x_wconf 85' lang='grc' dir='ltr'><em>Σχάλ.</em></span> <span class='ocrx_word' id='word_1_240' title='bbox 669 3169 811 3230; x_wconf 67' lang='grc' dir='ltr'><em>Μ’Παῦσαι</em></span> <span class='ocrx_word' id='word_1_241' title='bbox 833 3161 890 3250; x_wconf 84' lang='grc' dir='ltr'><em>γάρ</em></span> <span class='ocrx_word' id='word_1_242' title='bbox 916 3167 950 3228; x_wconf 87' lang='grc' dir='ltr'><em>αί</em></span> <span class='ocrx_word' id='word_1_243' title='bbox 969 3167 1135 3250; x_wconf 75' lang='grc' dir='ltr'><em>ἐπαγγελίαι</em></span> <span class='ocrx_word' id='word_1_244' title='bbox 1156 3172 1232 3230; x_wconf 83' lang='grc' dir='ltr'><em>θεοῦ</em></span> <span class='ocrx_word' id='word_1_245' title='bbox 1255 3167 1288 3230; x_wconf 92' lang='grc' dir='ltr'><em>ἐν</em></span> <span class='ocrx_word' id='word_1_246' title='bbox 1309 3163 1390 3255; x_wconf 67' lang='grc' dir='ltr'><em>αῦτῷ</em></span> <span class='ocrx_word' id='word_1_247' title='bbox 1413 3165 1447 3232; x_wconf 82' lang='grc' dir='ltr'><em>τῦ</em></span> 
     </span>
     <span class='ocr_line' id='line_1_28' title="bbox 294 3264 1011 3356; baseline 0 -24"><span class='ocrx_word' id='word_1_248' title='bbox 294 3271 371 3332; x_wconf 88' lang='grc' dir='ltr'><em>Ναί·</em></span> <span class='ocrx_word' id='word_1_249' title='bbox 393 3264 439 3332; x_wconf 82' lang='grc' dir='ltr'><em>ῦιιί</em></span> <span class='ocrx_word' id='word_1_250' title='bbox 462 3268 512 3333; x_wconf 85' lang='grc' dir='ltr'><em>ιιαλ</em></span> <span class='ocrx_word' id='word_1_251' title='bbox 534 3265 571 3332; x_wconf 77' lang='grc' dir='ltr'><em>δι’</em></span> <span class='ocrx_word' id='word_1_252' title='bbox 593 3264 685 3333; x_wconf 87' lang='grc' dir='ltr'><em>αῦτοῦ</em></span> <span class='ocrx_word' id='word_1_253' title='bbox 706 3265 740 3333; x_wconf 81' lang='grc' dir='ltr'><em>τῦ</em></span> <span class='ocrx_word' id='word_1_254' title='bbox 761 3265 854 3350; x_wconf 76' lang='grc' dir='ltr'><em>Ἀμὴν</em></span> <span class='ocrx_word' id='word_1_255' title='bbox 875 3273 917 3356; x_wconf 80' lang='grc' dir='ltr'><em>τῷ</em></span> <span class='ocrx_word' id='word_1_256' title='bbox 938 3273 1011 3353; x_wconf 79' lang='grc' dir='ltr'><em>θεῷ.</em></span> 
     </span>
    </p>

    <p class='ocr_par' dir='ltr' id='par_1_7' title="bbox 291 3365 1447 4279">
     <span class='ocr_line' id='line_1_29' title="bbox 375 3365 1447 3454; baseline 0.002 -20"><span class='ocrx_word' id='word_1_257' title='bbox 375 3368 402 3434; x_wconf 90' lang='grc' dir='ltr'><em>α’</em></span> <span class='ocrx_word' id='word_1_258' title='bbox 419 3371 470 3434; x_wconf 82' lang='grc' dir='ltr'><em>ταί</em></span> <span class='ocrx_word' id='word_1_259' title='bbox 485 3367 655 3454; x_wconf 74' lang='grc' dir='ltr'><em>τιέἜλεγχ.</em></span> <span class='ocrx_word' id='word_1_260' title='bbox 688 3367 848 3447; x_wconf 78' lang='grc' dir='ltr'><em>Διάνοιξου</em></span> <span class='ocrx_word' id='word_1_261' title='bbox 870 3365 942 3445; x_wconf 74' lang='grc' dir='ltr'><em>τοῦς</em></span> <span class='ocrx_word' id='word_1_262' title='bbox 965 3365 1141 3451; x_wconf 75' lang='grc' dir='ltr'><em>ὀφθαλμούς</em></span> <span class='ocrx_word' id='word_1_263' title='bbox 1165 3391 1222 3436; x_wconf 89' lang='grc' dir='ltr'><em>σου</em></span> <span class='ocrx_word' id='word_1_264' title='bbox 1244 3371 1297 3434; x_wconf 89' lang='grc' dir='ltr'><em>ιιαλ</em></span> <span class='ocrx_word' id='word_1_265' title='bbox 1320 3368 1447 3454; x_wconf 83' lang='grc' dir='ltr'><em>σείθιγτι,</em></span> 
     </span>
     <span class='ocr_line' id='line_1_30' title="bbox 291 3464 1447 3558; baseline 0 -18"><span class='ocrx_word' id='word_1_266' title='bbox 291 3464 316 3540; x_wconf 79' lang='grc' dir='ltr'><em>ἀ</em></span> <span class='ocrx_word' id='word_1_267' title='bbox 332 3476 491 3558; x_wconf 83' lang='grc' dir='ltr'><em>Μαρτίων.</em></span> <span class='ocrx_word' id='word_1_268' title='bbox 535 3475 577 3538; x_wconf 83' lang='grc' dir='ltr'><em>Εί</em></span> <span class='ocrx_word' id='word_1_269' title='bbox 589 3473 623 3538; x_wconf 81' lang='grc' dir='ltr'><em>ὃέ</em></span> <span class='ocrx_word' id='word_1_270' title='bbox 639 3469 676 3536; x_wconf 83' lang='grc' dir='ltr'><em>στί</em></span> <span class='ocrx_word' id='word_1_271' title='bbox 692 3469 790 3538; x_wconf 86' lang='grc' dir='ltr'><em>σῦιιέτι</em></span> <span class='ocrx_word' id='word_1_272' title='bbox 806 3469 943 3551; x_wconf 82' lang='grc' dir='ltr'><em>θῦνασαι,</em></span> <span class='ocrx_word' id='word_1_273' title='bbox 965 3471 1165 3554; x_wconf 72' lang='grc' dir='ltr'><em>τετελειίτηιιας</em></span> <span class='ocrx_word' id='word_1_274' title='bbox 1179 3469 1248 3557; x_wconf 83' lang='grc' dir='ltr'><em>γάρ,</em></span> <span class='ocrx_word' id='word_1_275' title='bbox 1270 3473 1303 3538; x_wconf 88' lang='grc' dir='ltr'><em>οί</em></span> <span class='ocrx_word' id='word_1_276' title='bbox 1316 3467 1378 3538; x_wconf 79' lang='grc' dir='ltr'><em>ἀπά</em></span> <span class='ocrx_word' id='word_1_277' title='bbox 1393 3479 1447 3540; x_wconf 84' lang='grc' dir='ltr'><em>σοῦ</em></span> 
     </span>
     <span class='ocr_line' id='line_1_31' title="bbox 291 3570 1446 3658; baseline 0 -18"><span class='ocrx_word' id='word_1_278' title='bbox 291 3571 492 3656; x_wconf 75' lang='grc' dir='ltr'><em>ἀπατηθέντες</em></span> <span class='ocrx_word' id='word_1_279' title='bbox 505 3572 706 3651; x_wconf 82' lang='grc' dir='ltr'><em>ἀνοιξάτασαν</em></span> <span class='ocrx_word' id='word_1_280' title='bbox 718 3572 789 3650; x_wconf 73' lang='grc' dir='ltr'><em>τοῦς</em></span> <span class='ocrx_word' id='word_1_281' title='bbox 802 3570 980 3656; x_wconf 76' lang='grc' dir='ltr'><em>ἀφθαλμοῦς</em></span> <span class='ocrx_word' id='word_1_282' title='bbox 994 3571 1107 3654; x_wconf 86' lang='grc' dir='ltr'><em>αῦτῶν,</em></span> <span class='ocrx_word' id='word_1_283' title='bbox 1129 3576 1181 3640; x_wconf 82' lang='grc' dir='ltr'><em>καλ</em></span> <span class='ocrx_word' id='word_1_284' title='bbox 1194 3575 1373 3658; x_wconf 86' lang='grc' dir='ltr'><em>φυγίτασαν</em></span> <span class='ocrx_word' id='word_1_285' title='bbox 1386 3571 1446 3640; x_wconf 73' lang='grc' dir='ltr'><em>ἀτί</em></span> 
     </span>
     <span class='ocr_line' id='line_1_32' title="bbox 291 3673 1446 3762; baseline -0.001 -19"><span class='ocrx_word' id='word_1_286' title='bbox 291 3683 347 3743; x_wconf 89' lang='grc' dir='ltr'><em>σοῦ</em></span> <span class='ocrx_word' id='word_1_287' title='bbox 362 3674 403 3751; x_wconf 73' lang='grc' dir='ltr'><em>ῶς</em></span> <span class='ocrx_word' id='word_1_288' title='bbox 417 3674 477 3743; x_wconf 84' lang='grc' dir='ltr'><em>ἀπά</em></span> <span class='ocrx_word' id='word_1_289' title='bbox 492 3679 614 3760; x_wconf 78' lang='grc' dir='ltr'><em>ἐραστοῦ</em></span> <span class='ocrx_word' id='word_1_290' title='bbox 627 3681 727 3743; x_wconf 84' lang='grc' dir='ltr'><em>θεινοῦ</em></span> <span class='ocrx_word' id='word_1_291' title='bbox 742 3677 794 3742; x_wconf 86' lang='grc' dir='ltr'><em>ααλ</em></span> <span class='ocrx_word' id='word_1_292' title='bbox 806 3678 1023 3759; x_wconf 87' lang='grc' dir='ltr'><em>λυμαινομένου</em></span> <span class='ocrx_word' id='word_1_293' title='bbox 1036 3675 1106 3752; x_wconf 76' lang='grc' dir='ltr'><em>τοῦς</em></span> <span class='ocrx_word' id='word_1_294' title='bbox 1119 3679 1290 3762; x_wconf 76' lang='grc' dir='ltr'><em>ἐγγίζοντας.</em></span> <span class='ocrx_word' id='word_1_295' title='bbox 1336 3679 1380 3742; x_wconf 71' lang='lat' dir='ltr'><em>Et</em></span> <span class='ocrx_word' id='word_1_296' title='bbox 1390 3673 1446 3762; x_wconf 79' lang='grc' dir='ltr'><em>γῦρ</em></span> 
     </span>
     <span class='ocr_line' id='line_1_33' title="bbox 291 3773 1447 3867; baseline 0 -21"><span class='ocrx_word' id='word_1_297' title='bbox 291 3779 358 3846; x_wconf 85' lang='grc' dir='ltr'><em>ῦσαι</em></span> <span class='ocrx_word' id='word_1_298' title='bbox 374 3781 539 3864; x_wconf 78' lang='grc' dir='ltr'><em>ἐπαγγελίαι</em></span> <span class='ocrx_word' id='word_1_299' title='bbox 552 3787 629 3846; x_wconf 83' lang='grc' dir='ltr'><em>θεοῦ</em></span> <span class='ocrx_word' id='word_1_300' title='bbox 642 3781 675 3846; x_wconf 89' lang='grc' dir='ltr'><em>ἐν</em></span> <span class='ocrx_word' id='word_1_301' title='bbox 689 3773 816 3867; x_wconf 68' lang='grc' dir='ltr'><em>αῦτῶτά</em></span> <span class='ocrx_word' id='word_1_302' title='bbox 833 3781 906 3859; x_wconf 83' lang='grc' dir='ltr'><em>Ναί,</em></span> <span class='ocrx_word' id='word_1_303' title='bbox 923 3781 1094 3866; x_wconf 72' lang='grc' dir='ltr'><em>ἐπαγγελίας</em></span> <span class='ocrx_word' id='word_1_304' title='bbox 1109 3779 1141 3844; x_wconf 81' lang='grc' dir='ltr'><em>ῦέ</em></span> <span class='ocrx_word' id='word_1_305' title='bbox 1154 3784 1231 3844; x_wconf 84' lang='grc' dir='ltr'><em>θεοῦ</em></span> <span class='ocrx_word' id='word_1_306' title='bbox 1244 3775 1327 3844; x_wconf 79' lang='grc' dir='ltr'><em>οίδεν</em></span> <span class='ocrx_word' id='word_1_307' title='bbox 1340 3775 1359 3844; x_wconf 81' lang='grc' dir='ltr'><em>θ</em></span> <span class='ocrx_word' id='word_1_308' title='bbox 1372 3776 1447 3846; x_wconf 78' lang='grc' dir='ltr'><em>ἀτοί-</em></span> 
     </span>
     <span class='ocr_line' id='line_1_34' title="bbox 291 3879 1446 3970; baseline -0.001 -23"><span class='ocrx_word' id='word_1_309' title='bbox 291 3890 393 3958; x_wconf 78' lang='grc' dir='ltr'><em>στολος</em></span> <span class='ocrx_word' id='word_1_310' title='bbox 411 3880 461 3948; x_wconf 79' lang='grc' dir='ltr'><em>θιά</em></span> <span class='ocrx_word' id='word_1_311' title='bbox 476 3888 530 3948; x_wconf 86' lang='grc' dir='ltr'><em>τοῦ</em></span> <span class='ocrx_word' id='word_1_312' title='bbox 546 3879 643 3964; x_wconf 82' lang='grc' dir='ltr'><em>νόμου</em></span> <span class='ocrx_word' id='word_1_313' title='bbox 658 3884 711 3948; x_wconf 85' lang='grc' dir='ltr'><em>ταί</em></span> <span class='ocrx_word' id='word_1_314' title='bbox 726 3887 786 3952; x_wconf 83' lang='grc' dir='ltr'><em>τῶν</em></span> <span class='ocrx_word' id='word_1_315' title='bbox 802 3886 982 3966; x_wconf 75' lang='grc' dir='ltr'><em>προφητῶν,</em></span> <span class='ocrx_word' id='word_1_316' title='bbox 1012 3881 1070 3966; x_wconf 86' lang='grc' dir='ltr'><em>ἀρα</em></span> <span class='ocrx_word' id='word_1_317' title='bbox 1088 3906 1121 3966; x_wconf 89' lang='grc' dir='ltr'><em>γε</em></span> <span class='ocrx_word' id='word_1_318' title='bbox 1138 3883 1171 3946; x_wconf 79' lang='grc' dir='ltr'><em>ἐν</em></span> <span class='ocrx_word' id='word_1_319' title='bbox 1190 3887 1309 3970; x_wconf 75' lang='grc' dir='ltr'><em>Χριστῷ</em></span> <span class='ocrx_word' id='word_1_320' title='bbox 1331 3879 1366 3948; x_wconf 78' lang='grc' dir='ltr'><em>τῶ</em></span> <span class='ocrx_word' id='word_1_321' title='bbox 1384 3883 1446 3948; x_wconf 83' lang='grc' dir='ltr'><em>Ναί</em></span> 
     </span>
     <span class='ocr_line' id='line_1_35' title="bbox 291 3976 1447 4072; baseline -0.004 -19"><span class='ocrx_word' id='word_1_322' title='bbox 291 3993 351 4052; x_wconf 88' lang='grc' dir='ltr'><em>τῶν</em></span> <span class='ocrx_word' id='word_1_323' title='bbox 371 3988 549 4072; x_wconf 72' lang='grc' dir='ltr'><em>ἐπαγγελιῶν</em></span> <span class='ocrx_word' id='word_1_324' title='bbox 570 3991 623 4050; x_wconf 88' lang='grc' dir='ltr'><em>τοῦ</em></span> <span class='ocrx_word' id='word_1_325' title='bbox 643 3983 838 4071; x_wconf 69' lang='grc' dir='ltr'><em>πληρώματος</em></span> <span class='ocrx_word' id='word_1_326' title='bbox 862 3987 1042 4068; x_wconf 82' lang='grc' dir='ltr'><em>ίβεβαιοῦτο.</em></span> <span class='ocrx_word' id='word_1_327' title='bbox 1089 3981 1154 4050; x_wconf 88' lang='grc' dir='ltr'><em>Οῦτ</em></span> <span class='ocrx_word' id='word_1_328' title='bbox 1176 3981 1328 4068; x_wconf 83' lang='grc' dir='ltr'><em>ἀλλότριος</em></span> <span class='ocrx_word' id='word_1_329' title='bbox 1350 3976 1447 4048; x_wconf 79' lang='grc' dir='ltr'><em>οῦνῦ</em></span> 
     </span>
     <span class='ocr_line' id='line_1_36' title="bbox 294 4083 1446 4172; baseline 0.002 -20"><span class='ocrx_word' id='word_1_330' title='bbox 294 4087 423 4171; x_wconf 84' lang='grc' dir='ltr'><em>Χριστάς</em></span> <span class='ocrx_word' id='word_1_331' title='bbox 442 4095 495 4153; x_wconf 92' lang='grc' dir='ltr'><em>τοῦ</em></span> <span class='ocrx_word' id='word_1_332' title='bbox 512 4093 641 4152; x_wconf 85' lang='grc' dir='ltr'><em>παλαιοῦ</em></span> <span class='ocrx_word' id='word_1_333' title='bbox 658 4087 753 4171; x_wconf 84' lang='grc' dir='ltr'><em>νόμου</em></span> <span class='ocrx_word' id='word_1_334' title='bbox 775 4088 825 4152; x_wconf 86' lang='grc' dir='ltr'><em>ιιαί</em></span> <span class='ocrx_word' id='word_1_335' title='bbox 848 4093 908 4155; x_wconf 89' lang='grc' dir='ltr'><em>τῶν</em></span> <span class='ocrx_word' id='word_1_336' title='bbox 925 4092 1105 4172; x_wconf 85' lang='grc' dir='ltr'><em>προφητῶν,</em></span> <span class='ocrx_word' id='word_1_337' title='bbox 1136 4083 1206 4152; x_wconf 81' lang='grc' dir='ltr'><em>οῦῦέ</em></span> <span class='ocrx_word' id='word_1_338' title='bbox 1225 4091 1279 4151; x_wconf 87' lang='grc' dir='ltr'><em>τοῦ</em></span> <span class='ocrx_word' id='word_1_339' title='bbox 1296 4091 1375 4154; x_wconf 88' lang='grc' dir='ltr'><em>θεοῦ</em></span> <span class='ocrx_word' id='word_1_340' title='bbox 1392 4093 1446 4154; x_wconf 84' lang='grc' dir='ltr'><em>τοῦ</em></span> 
     </span>
     <span class='ocr_line' id='line_1_37' title="bbox 291 4185 1446 4279; baseline 0.002 -25"><span class='ocrx_word' id='word_1_341' title='bbox 291 4190 469 4275; x_wconf 78' lang='grc' dir='ltr'><em>λαλήσαντος</em></span> <span class='ocrx_word' id='word_1_342' title='bbox 486 4193 518 4256; x_wconf 86' lang='grc' dir='ltr'><em>ἐν</em></span> <span class='ocrx_word' id='word_1_343' title='bbox 534 4196 574 4279; x_wconf 74' lang='grc' dir='ltr'><em>τῷ</em></span> <span class='ocrx_word' id='word_1_344' title='bbox 587 4187 686 4278; x_wconf 81' lang='grc' dir='ltr'><em>νόμῳ,</em></span> <span class='ocrx_word' id='word_1_345' title='bbox 715 4191 766 4256; x_wconf 86' lang='grc' dir='ltr'><em>ιιαλ</em></span> <span class='ocrx_word' id='word_1_346' title='bbox 785 4191 817 4256; x_wconf 79' lang='grc' dir='ltr'><em>ἐν</em></span> <span class='ocrx_word' id='word_1_347' title='bbox 835 4195 953 4278; x_wconf 83' lang='grc' dir='ltr'><em>Χριστρῦ</em></span> <span class='ocrx_word' id='word_1_348' title='bbox 972 4188 1024 4266; x_wconf 80' lang='grc' dir='ltr'><em>τάς</em></span> <span class='ocrx_word' id='word_1_349' title='bbox 1039 4185 1132 4255; x_wconf 85' lang='grc' dir='ltr'><em>αῦτοῦ</em></span> <span class='ocrx_word' id='word_1_350' title='bbox 1149 4191 1319 4274; x_wconf 71' lang='grc' dir='ltr'><em>ἐπαγγείλας</em></span> <span class='ocrx_word' id='word_1_351' title='bbox 1336 4197 1446 4272; x_wconf 58' lang='lat' dir='ltr'><em>nuln-</em></span> 
     </span>
    </p>
   </div>
   <div class='ocr_carea' id='block_1_6' title="bbox 291 4373 1446 4584">
    <p class='ocr_par' dir='ltr' id='par_1_8' title="bbox 291 4373 1446 4584">
     <span class='ocr_line' id='line_1_38' title="bbox 322 4373 1446 4448; baseline -0.003 -16"><span class='ocrx_word' id='word_1_352' title='bbox 322 4378 364 4432; x_wconf 70' lang='lat'><em>55.</em></span> <span class='ocrx_word' id='word_1_353' title='bbox 381 4383 447 4432; x_wconf 76' lang='grc' dir='ltr'><em>λίθοι·</em></span> <span class='ocrx_word' id='word_1_354' title='bbox 462 4384 518 4433; x_wconf 72' lang='lat' dir='ltr'><em>edita·</em></span> <span class='ocrx_word' id='word_1_355' title='bbox 534 4383 640 4432; x_wconf 83' lang='grc' dir='ltr'><em>πεαθσιι</em></span> <span class='ocrx_word' id='word_1_356' title='bbox 656 4373 791 4448; x_wconf 67' lang='grc' dir='ltr'><em>ἄφθαρτον.</em></span> <span class='ocrx_word' id='word_1_357' title='bbox 917 4377 959 4432; x_wconf 82' lang='grc'><em>67.</em></span> <span class='ocrx_word' id='word_1_358' title='bbox 976 4377 1120 4447; x_wconf 81' lang='grc' dir='ltr'><em>ἐνσημαίνει</em></span> <span class='ocrx_word' id='word_1_359' title='bbox 1143 4394 1191 4444; x_wconf 80' lang='grc' dir='ltr'><em>τρο.</em></span> <span class='ocrx_word' id='word_1_360' title='bbox 1225 4381 1393 4430; x_wconf 54' lang='lat' dir='ltr'><em>Libram</em></span> <span class='ocrx_word' id='word_1_361' title='bbox 1413 4395 1446 4445; x_wconf 80' lang='grc' dir='ltr'><em>με</em></span> 
     </span>
     <span class='ocr_line' id='line_1_39' title="bbox 323 4445 1445 4514; baseline 0.002 -14"><span class='ocrx_word' id='word_1_362' title='bbox 323 4445 364 4500; x_wconf 81' lang='grc'><em>66.</em></span> <span class='ocrx_word' id='word_1_363' title='bbox 382 4451 510 4502; x_wconf 71' lang='lat' dir='ltr'><em>comorius</em></span> <span class='ocrx_word' id='word_1_364' title='bbox 525 4453 606 4502; x_wconf 77' lang='grc' dir='ltr'><em>νττίίίι</em></span> <span class='ocrx_word' id='word_1_365' title='bbox 622 4449 668 4499; x_wconf 74' lang='lat' dir='ltr'><em>sed</em></span> <span class='ocrx_word' id='word_1_366' title='bbox 684 4449 758 4500; x_wconf 75' lang='lat' dir='ltr'>etiam</span> <span class='ocrx_word' id='word_1_367' title='bbox 775 4447 848 4500; x_wconf 77' lang='lat' dir='ltr'>habi-</span> <span class='ocrx_word' id='word_1_368' title='bbox 883 4447 1008 4514; x_wconf 78' lang='grc' dir='ltr'><em>σημαίνει</em></span> <span class='ocrx_word' id='word_1_369' title='bbox 1036 4451 1163 4500; x_wconf 78' lang='grc' dir='ltr'><em>Οαπατίιιτ</em></span> <span class='ocrx_word' id='word_1_370' title='bbox 1176 4451 1259 4500; x_wconf 72' lang='lat' dir='ltr'><em>verm.-</em></span> <span class='ocrx_word' id='word_1_371' title='bbox 1273 4447 1348 4510; x_wconf 82' lang='lat' dir='ltr'>Quod</span> <span class='ocrx_word' id='word_1_372' title='bbox 1360 4457 1445 4502; x_wconf 67' lang='lat' dir='ltr'><em>mem</em></span> 
     </span>
     <span class='ocr_line' id='line_1_40' title="bbox 291 4513 1445 4584; baseline -0.002 -18"><span class='ocrx_word' id='word_1_373' title='bbox 291 4513 386 4566; x_wconf 72' lang='lat' dir='ltr'>tatione</span> <span class='ocrx_word' id='word_1_374' title='bbox 404 4516 503 4582; x_wconf 82' lang='lat' dir='ltr'>excipit.</span> <span class='ocrx_word' id='word_1_375' title='bbox 883 4515 916 4566; x_wconf 80' lang='lat' dir='ltr'><em>de</em></span> <span class='ocrx_word' id='word_1_376' title='bbox 931 4515 1088 4582; x_wconf 71' lang='lat' dir='ltr'>perficiendis</span> <span class='ocrx_word' id='word_1_377' title='bbox 1103 4515 1129 4566; x_wconf 82' lang='lat' dir='ltr'><em>in</em></span> <span class='ocrx_word' id='word_1_378' title='bbox 1142 4515 1198 4584; x_wconf 82' lang='grc' dir='ltr'><em>ίμτσ</em></span> <span class='ocrx_word' id='word_1_379' title='bbox 1215 4513 1387 4570; x_wconf 69' lang='lat' dir='ltr'><em>beneficentiis</em></span> <span class='ocrx_word' id='word_1_380' title='bbox 1400 4531 1445 4584; x_wconf 80' lang='grc' dir='ltr'><em>μετ</em></span> 
     </span>
    </p>
   </div>
   <div class='ocr_carea' id='block_1_7' title="bbox 0 0 1544 4999">
    <p class='ocr_par' dir='ltr' id='par_1_9' title="bbox 0 0 1544 4999">
     <span class='ocr_line' id='line_1_41' title="bbox 0 0 1544 4999; baseline 0 0"><span class='ocrx_word' id='word_1_381' title='bbox 0 0 1544 4999; x_wconf 95' lang='lat' dir='ltr'><em> </em></span> 
     </span>
    </p>
   </div>
  </div>
 </body>
</html>
