3080 5002
290 271 351 334 700
710 279 833 339 ειιεσιι
849 281 1019 334 εειειιιιιειι
1089 259 1103 302 ·’

288 408 330 465 λετ
345 398 588 482 τιαταλιμπάνεις,
617 398 676 486 ἀρα
697 407 772 485 γοῦν
792 398 895 485 κριτής
917 397 1162 485 Ιπροῦιιάθισας,
1195 397 1248 484 οάγ
1261 400 1454 486 ἑρμηνευτὴς

286 510 347 568 τῶν
361 501 475 585 νόμων,
497 500 568 567 ἀλλά
583 502 718 592 ἰιιλογεῦς
733 508 790 568 τῶν
804 502 842 569 οά
856 501 930 568 ιιατδ
944 501 996 568 τόν
1009 510 1084 568 νοῦν
1099 525 1154 570 σον
1168 505 1347 589 γραφέντων,
1377 501 1453 568 ἀλλά

289 604 383 672 όντων
399 605 451 687 μὲν
467 603 635 688 ἀληθινῶν,
658 605 740 691 παρά
756 607 802 671 σολ
818 608 851 672 δὲ
865 609 1127 690 μεταποιηθίντων
1141 609 1276 688 ψευδοῦς,
1297 608 1349 672 ιιαλ
1370 607 1452 672 τιατά

286 707 339 775 τόν
358 714 431 773 νοῦν
451 714 504 791 τῆς
523 716 579 791 σῆς
601 707 717 792 ἀπάτης
738 711 789 774 ιιαλ
810 716 869 774 τῶν
887 707 947 775 ῦπδ
965 717 1021 775 σοῦ
1037 707 1242 792 ἦπατημίνων.
1285 711 1329 774 Εἰ
1342 709 1381 774 δὲ
1400 711 1451 774 καί

287 810 363 888 δλως
375 810 469 887 παιιός
483 810 608 894 ποιητὴς
620 811 655 876 τά
672 814 804 878 ἐνταῦθα
818 811 987 898 εἰργάσατο,
1010 815 1088 896 φημλ
1101 813 1134 878 δὲ
1147 810 1200 878 τόν
1214 810 1340 894 ιιόσμοτ,
1362 817 1450 888 τίνος

287 916 369 980 ἕνεκα
389 906 481 997 ἦλθεν
503 910 522 978 ό
543 911 603 979 ἀπό
623 912 742 1000 ἀγαθοῦ
758 913 870 1000 πατρός
893 918 935 991 εἰς
949 917 1031 980 τόνδε
1053 914 1105 981 τόν
1122 917 1214 979 αἰῶνα
1221 942 1230 992 ,·
1264 915 1324 979 Καί
1341 917 1373 979 εἰ
1396 917 1449 998 μίν

287 1020 337 1084 ἰ’να
354 1015 436 1106 τόση
456 1013 654 1102 ἀνθρώπους,
684 1016 743 1103 ἀρα
760 1024 819 1084 τῦν
836 1021 920 1083 ἰδίων
935 1017 1145 1101 λπεμελήσατο,
1174 1021 1226 1084 ιιαλ
1242 1015 1339 1083 οῦτίτι
1352 1015 1448 1094 ἀλλος

286 1124 331 1203 εἴη
356 1117 587 1205 όδημιουργός·
618 1123 645 1184 εἰ
664 1121 696 1184 δὲ
719 1119 756 1185 οῦ
774 1128 833 1186 τοῖν
850 1122 934 1186 ἰδίων
951 1119 1102 1204 προενόει,
1131 1119 1265 1204 βούλεται
1282 1119 1314 1186 δί
1330 1121 1362 1185 ἐν
1381 1129 1446 1196 τοῖς

287 1220 446 1308 ἀλλοτρίοις
462 1224 647 1305 ἰπεμβαίνειν
663 1225 713 1288 ιιαλ
731 1221 766 1288 τά
786 1221 842 1289 οάιι
858 1221 929 1288 ὅντα
946 1221 1033 1312 αάτρῦ
1044 1221 1209 1301 διαοάζειν,
1238 1221 1362 1306 ἀτόλαξ
1382 1225 1445 1289 ἰσιί

285 1333 349 1402 τοῖς
365 1323 523 1410 ἀλλοτρίοις
540 1332 764 1412 προςλιπαρῦν,
792 1325 1001 1410 ἢαενόδοξος,
1028 1329 1082 1392 ίνα
1098 1330 1236 1412 κρείττων
1251 1332 1303 1391 τοῦ
1320 1333 1445 1392 παστοῦ

286 1435 379 1518 φανῇ,
400 1426 476 1513 πρδς
490 1427 526 1493 τά
543 1427 678 1515 ἀλλότρια
693 1429 714 1494 ἀ
729 1428 880 1508 διασώζειν
895 1437 1031 1514 πειρᾶται
1042 1434 1101 1494 τόν
1117 1431 1201 1494 ἰδίων
1216 1428 1257 1512 μη“
1273 1429 1443 1510 ἐφιέμενος,

286 1533 337 1597 ιιαλ
358 1529 455 1597 οόιιίτι
476 1533 555 1596 ἔσται
581 1529 733 1614 ἀληθινός.
770 1531 812 1596 Ἢ
831 1531 877 1598 ότι
893 1530 1011 1616 μέτριός
1028 1534 1087 1597 ἐστι
1104 1530 1179 1597 ιιατά
1200 1532 1247 1610 σλ,
1276 1522 1442 1617 ἀάγιλρτιι,

288 1636 379 1713 ἰταλ,
401 1634 443 1716 μὴ
458 1636 530 1717 ἔχων
546 1639 640 1700 ιιτίσιν
656 1637 772 1714 ἑαυτοῦ,
796 1635 831 1700 τό
847 1632 981 1720 ἀλλότρια
996 1637 1155 1717 ἐπιθυμοῦν
1169 1639 1260 1699 ταῦτα
1274 1639 1367 1699 συλάν
1379 1659 1440 1699 πει·

286 1744 387 1823 ρῦται,
411 1733 471 1801 ἀπδ
487 1743 546 1802 τῶν
560 1734 718 1823 ἀλλοτρίων
731 1741 826 1828 ἑαυτῷ
839 1737 1085 1824 περιποωόμενος
1098 1735 1198 1819 ψυχάς
1210 1735 1264 1812 τάς
1275 1733 1332 1801 οῦιι
1347 1733 1441 1813 οῦσας

254 1871 258 1882 ·
286 1836 378 1905 αὐτοῦ
398 1842 449 1905 καλ
471 1845 524 1905 τοῦ
546 1839 639 1905 αάτοῦ
660 1839 779 1927 πατρός.
826 1842 867 1905 Εἰ
881 1841 913 1904 δὲ
930 1838 1024 1906 αὐτοῦ
1040 1842 1093 1923 μίν
1110 1842 1183 1906 εἰσιν
1197 1843 1231 1904 αἰ
1247 1841 1358 1922 ψυχαὶ,
1388 1842 1441 1905 τεαὶ

285 1939 404 2008 ἀνωθεν
416 1943 557 2008 ἐλθοῦσαι
572 1947 738 2024 φαίνονται,
759 1941 817 2029 ἀρα
832 1945 873 2020 εἰς
887 1942 1003 2028 ἀγαθόν
1018 1941 1130 2026 ιιόσμοτ
1144 1941 1347 2025 ἀπεστάλησαν
1359 1941 1441 2028 παρά

285 2051 338 2111 τοῦ
353 2042 471 2110 ἀῦωθιν
486 2044 562 2112 πατά
576 2047 608 2112 σλ
624 2043 744 2133 ἀγαθοῦ
760 2054 851 2124 θεοῦ,
873 2048 923 2111 παλ
938 2043 993 2112 οάιι
1012 2049 1053 2121 εἰς
1069 2045 1201 2130 πονηρόν
1215 2048 1308 2131 ἔργον.
1354 2047 1396 2108 Εἰ
1406 2047 1439 2110 δὲ

284 2146 486 2232 ἀπεστάλησαν
507 2147 556 2213 διά
578 2175 642 2214 τινα
665 2151 716 2231 μὲν
734 2157 849 2236 χρῆσιν,
881 2149 920 2232 ἣν
941 2147 1012 2230 τόγα
1031 2157 1224 2230 μυθοποιεῖς,
1256 2151 1438 2223 εἰςελθοῦσαι

284 2253 316 2317 δὲ
336 2253 492 2334 μετέπεσον
510 2253 550 2326 εἰς
569 2253 683 2338 ἓτέραν,
715 2253 862 2318 τουτέστιν
879 2255 929 2317 ἵνα
948 2251 1065 2316 δίκαιόν
1082 2277 1108 2316 τι
1129 2249 1276 2336 πράξωσι,
1306 2250 1438 2336 πονηρόν

260 2427 265 2438 Ι
284 2355 316 2420 δί
337 2354 524 2450 εἰργάσαντο,
553 2351 720 2438 ὀφθήσεται
743 2352 761 2419 ό
777 2357 938 2431 ἐπιστείλας
954 2351 1044 2428 αῦτάς
1060 2353 1229 2438 πρόγνωσιν
1246 2353 1283 2418 ἀν
1297 2353 1339 2437 μη
1354 2356 1434 2436 ἔχων,

283 2455 385 2539 δπειδή
401 2456 456 2542 γάρ
470 2454 634 2522 ἀπέστειλεν
651 2454 742 2533 αάτάς
756 2456 793 2524 δι’
809 2459 925 2542 ἕτερον,
949 2460 999 2522 ιιαί
1015 2453 1113 2540 ἕτερόν
1129 2483 1156 2521 τε
1172 2453 1341 2542 εῦρίθησαν
1354 2457 1434 2542 ἔργα·

281 2559 412 2642 σάμεναι.
454 2559 498 2624 Ἢ
513 2559 601 2624 πόλιν
617 2560 670 2625 ἰάν
686 2563 772 2649 εἰπης
787 2557 833 2626 ότι
852 2557 890 2625 οῦ
908 2559 982 2626 πατά
1000 2560 1055 2642 τὴν
1072 2557 1164 2624 αάτοῦ
1182 2557 1325 2641 βούλησιν
1341 2556 1435 2640 ἒληλό-

283 2672 387 2742 θασιν,
416 2661 486 2727 ἀλλά
503 2661 578 2727 κατά
595 2667 754 2748 τυραννίδα
771 2671 825 2728 τοῦ
844 2661 1086 2747 ἀφαρπάζοντος,
1116 2658 1175 2746 ἀρα
1192 2661 1312 2746 ἰσχυρός
1328 2665 1401 2727 ἔστιν
1416 2658 1434 2725 ό

170 2783 176 2807 '
280 2768 413 2841 πεισθείς
433 2761 493 2832 ἀπό
512 2773 566 2830 τοῦ
584 2763 703 2850 ἀγαθοῦ
720 2773 796 2830 θεοῦ
813 2765 944 2850 πονηρός
958 2763 1140 2849 δημιουργός
1155 2763 1237 2850 παρά
1254 2762 1308 2829 τόν
1322 2761 1433 2850 ἀγαθόν

281 2865 371 2946 θεόν,
401 2866 448 2932 ὅτι
467 2867 503 2930 τά
526 2865 618 2932 ιιάτοῦ
641 2865 811 2952 ἀπείργοντα
830 2867 1009 2953 ἀφαρπάξας
1027 2866 1176 2950 ἐχρήσατο.
1224 2869 1334 2933 Πόθεν
1352 2868 1382 2932 δί
1398 2863 1433 2931 οά

282 2967 488 3059 διελεγχθηση,
520 2967 612 3034 αότοῦ
634 2978 687 3034 τοῦ
704 2979 837 3056 σωτῆρος
855 2969 1023 3050 φάσιιοντος
1045 2967 1106 3047 ότι,
1136 2967 1289 3046 Ἐξουσίαν
1311 2973 1367 3053 ἔγω
1384 2967 1432 3051 τόν

283 3073 383 3156 ψυχήν
399 3099 457 3155 μου
472 3081 588 3150 θεῖναι,
610 3075 659 3138 ιιαλ
676 3077 777 3156 λαβεῖν
793 3072 902 3156 αάτήν,
925 3071 966 3148 οός
979 3071 1071 3136 αῦτοῦ
1087 3073 1141 3153 μὲν
1155 3071 1256 3154 miv
1275 3071 1430 3154 εἰληφότες,

282 3177 333 3241 ιιαλ
347 3177 468 3254 θέντος,
491 3178 542 3240 ιιτιὶ
558 3174 645 3240 πόλιν
658 3173 817 3259 λαβόντος,
846 3175 901 3242 οάιι
919 3173 1072 3257 ἀλλοτρίαν
1088 3171 1163 3239 εἰναι
1179 3172 1233 3257 τήν
1250 3173 1367 3258 ψυχὴν,
1387 3175 1429 3238 τοί

283 3278 384 3365 ἑτέρου
399 3281 596 3364 δημιουργοῦς
630 3276 725 3343 Πάλιν
742 3281 774 3345 δλ
790 3277 980 3366 εῦρεθόσεται
995 3275 1113 3363 ἀγαθόν
1130 3283 1214 3359 σῦμα
1231 3283 1347 3360 φοριῦν.
1391 3272 1430 3341 ov?

159 3407 210 3452 m.
223 3397 268 3441 τοι.
283 3379 339 3468 γάρ
356 3377 395 3446 ἀν
407 3379 598 3463 πεισθήσεται
614 3379 731 3465 ἀγαθός
746 3407 789 3458 τις
800 3387 931 3467 χρῆσθαι
946 3385 1068 3467 πονηρῷ
1083 3381 1172 3467 ἔργῳ·
1188 3382 1239 3444 ίνα
1252 3378 1296 3462 μὴ
1310 3379 1371 3447 ἀπό
1384 3384 1430 3444 τοῦ

281 3485 407 3567 μετέχειν
422 3485 530 3568 μόρους
546 3490 598 3550 τοῦ
615 3491 750 3568 πονηροῦ
766 3485 816 3550 ιιαλ
836 3481 925 3560 αάτάς
941 3480 1137 3568 χρανθήσεται
1158 3489 1195 3571 τῇ
1212 3488 1267 3564 τῆς
1284 3485 1429 3566 ἐπιμίξεαι

282 3591 419 3675 πονηρίᾳ.
463 3588 506 3650 Εἰ
526 3587 557 3651 δλ
577 3589 629 3651 ιιαλ
650 3584 740 3663 αάτός
762 3585 915 3670 ἀνέστησε,
943 3587 1007 3672 λίγε
1028 3610 1094 3667 μοι,
1124 3589 1152 3649 τί
1168 3587 1219 3649 ίνα
1234 3585 1348 3676 ποιήσῃ
1367 3581 1429 3669 μετά

282 3687 441 3755 ἀνάστασιν
455 3691 504 3756 ιιαί
520 3687 591 3754 αάτδ
606 3691 696 3756 πόλιν
711 3693 901 3756 καταλέλοιπε
915 3693 1034 3774 μερίσας
1048 3695 1112 3764 τοῖς
1124 3689 1259 3772 τέσσαρσι
1275 3693 1428 3773 στοιχείοις,

280 3800 321 3882 τῷ
335 3798 441 3880 θερμῷ
457 3791 489 3858 τό
504 3790 634 3876 θερμδν,
662 3795 713 3858 ιιαλ
731 3797 771 3882 τῷ
785 3799 892 3882 ψυχρῷ
911 3791 943 3857 τό
960 3788 1091 3877 ψυχρόν,
1119 3793 1171 3855 ταί
1187 3796 1228 3878 τῷ
1246 3794 1327 3880 ξηρᾷ
1341 3790 1372 3856 τό
1386 3795 1427 3872 ξη

281 3895 349 3983 ρδν,
380 3895 432 3960 ιιαλ
453 3902 494 3983 τῷ
512 3892 594 3984 ἀγρῷ
616 3893 648 3960 τό
669 3892 774 3981 ἀγρόνς
807 3899 850 3959 Εἰ
864 3893 919 3980 γάρ
939 3893 1054 3979 ἤγειρεν
1071 3891 1159 3972 αάτδ,
1189 3895 1241 3957 ἵνα
1258 3893 1347 3960 πόλιν
1363 3890 1426 3958 αότδ

278 3997 364 4088 λόση,
381 3995 439 4082 ἀρα
450 4000 689 4083 δραματουργίας
701 3997 733 4063 τό
748 4000 835 4086 ἔργον
849 4003 937 4063 τοῦτο
952 3999 1007 4080 εἰη,
1026 3997 1076 4062 ταλ
1088 3992 1145 4061 οῦιι
1158 3991 1308 4078 ἀληθείας.
1339 3993 1426 4080 'Hya-

280 4125 313 4186 ρε
334 4101 367 4166 δλ
388 4097 460 4166 αῦτδ
484 4097 502 4166 ό
522 4098 626 4185 ιιῦριος
647 4099 732 4183 ἡμῶν
745 4098 860 4186 Ἰησοῦς
880 4099 1009 4186 Χριστός
1028 4100 1080 4164 ιιαλ
1097 4099 1322 4183 συμπαρέλαβεν
1339 4100 1425 4185 ἑαυτῷ

281 4201 352 4288 όπερ
376 4201 556 4270 ἀνεπλάσατο
578 4205 619 4278 εἰς
640 4201 745 4269 ἔαυτόν
762 4210 846 4285 σῦμα
867 4201 923 4268 σῦν
940 4208 1022 4291 ψυχῇ
1043 4202 1095 4267 ιιαλ
1111 4199 1192 4290 πόση
1210 4197 1423 4287 ἰνανθραιιτιὶσει

314 4393 373 4442 (ίαν.
386 4393 416 4442 V.
434 4421 468 4432 -
493 4395 514 4446 1.
532 4389 706 4462 προάκάθισας
722 4396 777 4446 &di
793 4409 823 4446 τε
839 4396 997 4448 mmm
1015 4395 1124 4446 commi
1140 4398 1209 4457 οίςιιι
1225 4395 1326 4444 Patavii.
1359 4393 1420 4454 Υιίςι

280 4459 462 4577 πῼλκαίδδόίδςτλτ
479 4527 526 4580 κτλ
