3112 4984
237 342 249 361 ι
374 281 509 333 runsnn
527 281 589 333 eta.
605 282 625 332 ι.
638 280 723 334 rone.
738 280 770 333 ιι.
787 279 886 332 nunu.
900 279 988 330 xxx.
1045 269 1047 272 ’
1192 267 1252 332 24³

102 421 137 465 ae
153 399 319 486 multiplex,
342 409 384 478 et,
408 399 617 478 retitudinem,
641 399 792 464 fabulosos
808 397 885 464 illius
899 417 936 462 ue
952 397 1108 466 multorum
1128 402 1253 488 ospitem

103 501 226 590 Hydrae
241 501 441 586 serpentinam
460 502 490 565 in
507 523 575 566 sese
596 501 716 585 liguram
737 499 924 585 exprimens,
947 519 1049 564 rursus
1071 503 1106 565 ad
1129 503 1252 569 exitium

101 604 222 668 bomani
238 604 358 687 generis
375 603 481 688 erupit.
502 603 558 670 ue
572 603 642 666 lieet
657 621 697 666 ex
710 601 827 666 illorum
841 602 992 688 disciplina
1007 603 1159 688 prodierit,
1179 627 1252 670 non·

100 707 182 770 nulle
197 717 295 770 tamen
315 715 518 790 praeterquam
541 704 579 768 ub
596 703 655 768 illis
670 704 830 770 domantur
844 704 972 768 asseruit
986 715 1073 788 atque
1088 709 1249 792 proposuit.

102 805 142 874 Ut
161 807 240 872 enim
257 809 282 871 si
302 806 366 891 quis
384 807 476 872 variis
496 827 536 872 ex
550 805 656 890 lapillis
672 815 805 869 ornatum
822 803 878 870 sibi
893 805 1018 889 aliquem
1034 807 1180 885 eontinet,
1203 815 1269 872 aut·

99 909 286 992 variegatam
304 907 453 974 eoloribus
471 918 584 974 vestem
600 906 719 985 induat,
742 917 828 990 etque
845 906 1018 991 exquisitum
1036 911 1178 992 quandam
1192 911 1253 974 ele·

99 1011 230 1096 gentium
248 1009 399 1088 adbibeet,
423 1010 466 1074 sie
480 1009 530 1074 ille
548 1020 651 1073 eontra
667 1007 801 1072 omuibus
820 1009 946 1091 undique
963 1011 1135 1094 perniciosis
1152 1033 1188 1075 ee
1202 1031 1253 1096 pe-

100 1111 215 1177 stiferis
231 1111 415 1196 dogmatibus
431 1111 600 1188 arcessitis,
624 1108 759 1194 quiequid
775 1130 966 1194 aneqmeque
986 1111 1116 1176 baeresis
1131 1113 1254 1178 borreu-

100 1215 170 1278 dum
188 1213 332 1298 imprimis
350 1223 381 1278 et
400 1211 551 1278 exitiabile
569 1233 604 1275 ao
620 1211 820 1278 detestendum
838 1211 964 1291 asserit,
987 1223 1072 1299 turpe
1089 1215 1205 1299 inquam
1222 1226 1254 1280 et

100 1315 245 1380 amenum
262 1315 507 1398 absurditatisque
521 1314 636 1399 pleunro
651 1324 682 1378 et
694 1313 827 1378 odiosum
844 1334 861 1378 e
875 1312 997 1398 singulis
1013 1314 1117 1398 dogma
1134 1316 1253 1380 ooneiu·

100 1437 180 1482 oens
196 1416 325 1480 omnium
343 1418 372 1479 iu
390 1437 424 1480 se
441 1418 550 1482 termae
564 1415 736 1500 speeiesque
752 1415 911 1482 transtulit.
957 1413 1035 1480 Nam
1051 1413 1253 1482 Samaritano-

100 1539 167 1583 rum
183 1517 324 1602 impuram
342 1517 579 1604 superstitionem
595 1517 755 1584 asenario.
800 1515 828 1582 Α
847 1514 963 1582 ludaeis
979 1539 1067 1603 porro
1082 1539 1187 1582 nemen
1202 1541 1254 1584 uo*

102 1623 195 1705 sepit,
213 1619 249 1684 eb
264 1615 400 1697 Ossaeis,
418 1617 586 1684 Nazaraeie
602 1629 633 1684 et
648 1617 812 1684 Nasameis
826 1619 973 1702 degusta,
995 1615 1252 1686 Cerintbianorunn

101 1722 210 1786 deinde
227 1723 368 1800 tomum,
393 1718 688 1806 Carpoeratiuuerom
712 1719 888 1804 nequitiam,
913 1716 1148 1786 Christianorum
1172 1723 1253 1788 deni·

102 1841 161 1906 que
176 1823 398 1907 appellationem
417 1843 558 1907 usurpare
574 1823 735 1886 coeuntis.
767 1819 874 1905 Neque
893 1822 970 1888 enim
985 1821 1020 1884 ab
1037 1821 1083 1888 bis
1099 1825 1253 1908 postremis

100 1945 169 1988 eum
187 1923 306 1988 nomine
323 1926 398 1990 iaetu
413 1924 476 2009 ipae
492 1924 613 2009 pariter,
636 1945 672 1988 ae
685 1935 812 1990 mentem
828 1923 1094 2010 cognitionemque,
1119 1937 1149 1990 et
1164 1947 1254 1990 evan·

100 2026 248 2110 getiorum
273 2037 361 2110 atque
384 2025 581 2111 apostotorum
607 2025 643 2093 de
663 2025 719 2090 tide
741 2025 966 2090 consensionem
988 2026 1148 2110 expressit.
1194 2025 1254 2109 Qui

102 2149 170 2191 eon
194 2127 306 2192 medius
327 2127 383 2206 eit,
406 2138 438 2190 ut
457 2128 498 2192 ita
515 2127 623 2206 diuam,
646 2127 724 2192 inter
742 2147 862 2206 omnes,
885 2127 1002 2211 proprie
1019 2127 1115 2192 nullus
1136 2139 1198 2207 est,
1223 2131 1252 2194 in

102 2248 201 2312 euque
218 2227 293 2312 quod
313 2229 451 2314 seriptum
470 2240 516 2293 est
529 2229 680 2314 impletur,
703 2231 792 2294 Paulo
808 2233 900 2292 ιιίιιιιι
914 2240 1042 2290 uermes
1054 2251 1116 2292 sem
1129 2235 1159 2295 ιἰι
1176 2238 1254 2294 omme·
1263 2249 1357 2309 resne,
1370 2256 1401 2299 ts

102 2333 195 2403 ub,
220 2335 251 2394 ιἰι
266 2335 354 2394 medab
369 2334 522 2404 eerbu'ae,
545 2343 576 2392 et
589 2351 763 2412 synogogae.
808 2327 903 2414 Igitur
918 2350 982 2395 eum
999 2347 1105 2394 revera
1122 2325 1253 2398 Samari·

102 2443 192 2498 uuus
214 2430 251 2494 ob
270 2433 468 2498 exeeraudam
488 2431 647 2516 nequitiam
662 2433 718 2511 sit,
741 2431 904 2496 istiusmodi
921 2441 1017 2494 manen
1033 2431 1253 2518 appellationem

102 2531 214 2611 reiicit,
229 2543 260 2597 et
274 2553 341 2598 eum
357 2551 393 2598 se
406 2534 482 2598 idem
498 2531 637 2600 iudaeum
655 2533 742 2598 laniat
754 2530 871 2599 ludeeis
885 2533 1061 2616 refragatur,
1080 2555 1253 2620 quamquam

104 2657 171 2700 eum
188 2635 233 2698 bis
252 2635 348 2718 aliqua
362 2655 403 2700 nx
416 2644 500 2722 parte
514 2637 678 2714 eonsentit,
701 2635 878 2720 nepotes,
901 2635 1018 2698 eumad
1040 2635 1105 2700 eius
1127 2638 1171 2704 rei
1187 2659 1253 2724 pre-
1318 2684 1329 2702 .

104 2736 266 2815 udonem,
288 2747 319 2801 et
332 2735 545 2802 baereticorum
558 2737 702 2802 eiusmodi
721 2735 951 2802 confutationem
966 2742 1137 2822 perventum
1153 2739 1251 2820 luerit,

105 2839 163 2902 dee
183 2837 341 2904 efflorente
362 2837 602 2906 monstrabimus.

193 2937 346 3024 Siquidem
365 2937 459 3004 Ebieo
479 2941 535 3004 iste
553 2941 681 3024 priorum
698 2939 814 3006 illorum
836 2940 966 3023 sequalie
986 2941 1055 3019 luit,
1078 2953 1110 3006 et
1130 2943 1253 3008 eandem
1270 2947 1329 3015 cup
1344 2950 1376 3001 11.

105 3063 172 3106 men
185 3041 258 3126 ipsis
273 3040 417 3125 originem
430 3042 554 3128 aeeepit.
587 3041 634 3105 Ae
649 3041 770 3127 primurn
786 3061 802 3106 e
817 3040 895 3106 virili
911 3041 1066 3108 monubitu
1079 3044 1251 3124 eonomine,

105 3154 174 3230 pute
191 3141 321 3229 losepbi,
345 3153 442 3209 nutum
462 3161 532 3210 etse
551 3140 699 3210 cinerum
715 3143 854 3220 temnit,
877 3153 909 3207 ut
925 3152 995 3208 aute
1011 3142 1251 3227 signibeavirnus,

105 3265 171 3310 enm
187 3244 388 3325 indiximus,
412 3245 489 3310 bone
503 3245 612 3310 esteris
626 3243 657 3308 in
674 3243 763 3310 rebus
778 3244 880 3308 eadem
898 3263 962 3308 eam
985 3242 1049 3308 eliis
1064 3246 1250 3324 sentientem,

104 3347 161 3412 tue
175 3366 233 3412 uae
245 3366 280 3410 re
294 3343 462 3431 diserepare
479 3346 554 3430 quod
570 3343 744 3410 ludaeorum
761 3345 835 3410 ritus
850 3365 884 3408 ee
901 3343 1082 3410 eeremonias
1099 3345 1252 3429 amplexus

104 3449 156 3528 uit,
180 3447 272 3512 veluti
286 3447 438 3512 sebbetom
453 3467 488 3512 ao
501 3446 765 3526 oiroumeieionem,
789 3445 903 3530 elinque
918 3445 948 3510 id
963 3465 1056 3530 geues
1073 3445 1194 3531 perinde
1207 3458 1251 3510 at·

104 3571 162 3635 que
185 3569 203 3614 e
227 3547 344 3614 ludaeis
370 3569 406 3613 ae
430 3547 624 3614 Samaritanis
649 3548 856 3613 observentur.
900 3545 1069 3631 Quinetiam
1092 3545 1174 3631 plura
1196 3547 1252 3614 iste

104 3671 191 3736 ῃιιιι
212 3647 311 3714 lutleei
331 3647 583 3716 Samaritanorum
606 3650 768 3715 imitatione
791 3647 1023 3734 complentium..
1045 3645 1124 3712 Num
1146 3658 1177 3712 et
1197 3651 1252 3716 noe

104 3752 231 3830 ediaeit,
259 3761 292 3816 ut
314 3753 350 3816 ab
375 3763 566 3818 externorum
587 3751 733 3818 bominum
759 3759 838 3816 tantu
862 3767 929 3814 sese
954 3749 1138 3830 eontineret,
1162 3763 1252 3835 utque

105 3851 209 3920 ttetm
233 3852 356 3937 siugulis
384 3855 499 3938 quoties
522 3852 672 3918 mulierum
697 3851 859 3937 attigisset,
886 3849 924 3914 ab
949 3849 1070 3936 eiusque
1097 3853 1252 3938 eomplexu

104 3963 260 4038 surgeret,
284 3975 358 4039 equa
374 3975 442 4020 sese
460 3955 625 4041 prolueret,
649 3954 742 4020 sieubi
759 3954 823 4018 eius
842 3963 922 4018 esset
938 3953 1038 4039 nepio,
1063 3953 1192 4020 marinae
1206 3955 1251 4018 ui·

105 4057 213 4119 delicet
226 4065 278 4120 aut
292 4055 411 4120 alterius
427 4057 557 4140 generis.
603 4054 690 4140 Quod
705 4054 732 4118 si
747 4055 783 4120 eb
800 4054 850 4118 itta
865 4055 975 4118 lotione
991 4075 1025 4118 ae
1040 4057 1187 4122 mersione
1203 4075 1250 4118 re-

104 4155 191 4222 diens
207 4158 240 4220 iu
255 4158 416 4242 quempiam
432 4159 581 4237 innonat,
604 4160 700 4222 denuo
717 4157 752 4220 ed
768 4155 940 4222 ublueudum
953 4157 1046 4236 sese,'
1057 4177 1146 4241 saepe
1163 4156 1249 4219 etiam

103 4279 171 4322 eum
189 4259 260 4344 ipsis
277 4259 462 4324 vestimentis
479 4260 654 4346 regreditur.
699 4257 795 4321 Hodie
816 4278 888 4322 vero
911 4258 1066 4345 virginitas
1087 4259 1162 4344 apud
1183 4257 1250 4322 illos

99 4431 189 4478 uertit:
211 4427 237 4478 iu
254 4427 509 4482 demonstruu'onibae
531 4428 564 4484 de
587 4429 638 4482 boe
655 4437 681 4479 et
698 4427 724 4480 in
747 4425 823 4496 ipsius
844 4421 1018 4482 mundone
1039 4427 1088 4480 dee
1113 4425 1253 4493 opitulante

100 4493 297 4547 detinebimus

986 4587 1024 4648 lb
1036 4581 1053 4617 *
