3096 4988
309 287 371 349 298
732 297 854 350 mem
872 297 1041 350 nmmum

307 414 352 482 δτι
369 413 547 502 θεραπεύει,
576 411 645 480 άλλά
665 416 715 480 ναί
732 413 808 480 νατά
827 413 882 480 δύο
900 411 1031 500 τρόπους
1049 417 1137 482 ίάτατ.
1183 411 1383 502 Πορνγγέίλει
1398 414 1456 501 γάρ

307 528 371 596 τοῖς
387 522 583 604 ίατρευθεῖσιν
599 518 631 582 ἐν
647 524 687 605 τῷ
705 515 844 606 σαββάτῳ
863 519 958 602 αίρειν
973 515 1025 584 τάν
1039 516 1224 602 τράββατον,
1251 519 1304 585 ναί
1319 521 1455 602 βαδίζειν.

306 620 391 687 Ἀλλά
405 624 455 688 ναί
470 623 502 686 ἐν
516 618 655 708 σαββάτῳ
668 617 762 703 πηλδν
776 617 915 704 φυράσας
929 621 1058 702 ἐπέθηιιε
1070 629 1133 696 τοῖς
1144 628 1198 686 τοῦ
1210 627 1325 701 τυφλοῦ
1339 618 1456 702 άφθαλ-

307 734 382 807 μοῖς.
418 723 535 810 Ἔργον
557 726 589 788 δέ
608 725 668 788 ἐστι
690 720 784 803 πηλάν
807 720 947 807 φυράσειν.
982 721 1080 788 Ὅθεν
1100 721 1217 807 γνόντες
1239 727 1270 790 οί
1291 720 1460 802 άπάστολοι,

307 827 352 894 ὅτι
370 828 482 892 λέλυται
505 825 538 894 τά
559 823 710 911 σάββατον
731 822 790 890 άπά
811 831 864 908 τῆς
880 821 974 891 αύτοῦ
990 822 1051 907 άμα
1068 822 1170 902 αὐτοῖς
1186 829 1396 910 συνδιατριβης
1411 828 1462 892 ναί

306 933 508 1006 διδασκαλίας,
529 933 656 994 τίλλουσι
673 926 801 1011 στάχυας
818 925 969 1016 σαββάτῳ,
991 928 1042 992 καί
1058 926 1209 1010 ψύχουσι,
1230 930 1282 994 καὶ
1298 930 1461 996 ἐσθίουσιν.

299 1024 355 1098 Ἠν
368 1033 400 1096 δέ
415 1031 565 1114 σάββατον
579 1029 827 1117 δευτεράπρυτον,
852 1027 894 1106 ῶς
908 1033 964 1113 ἔχει
977 1027 1011 1096 τά
1027 1027 1202 1116 εὐαγγέλιον.
1245 1028 1390 1114 Σάββατα
1404 1028 1460 1116 γάρ

306 1133 438 1218 διάφορα
457 1133 559 1218 ῶριζεν
575 1129 592 1199 δ
610 1131 717 1217 νόμος,
746 1131 779 1198 τδ
798 1133 849 1215 μέν
865 1130 941 1198 κατά
959 1132 1110 1216 ἑβδομάδα
1127 1129 1386 1215 άνανυτιλούμενον
1402 1132 1460 1214 φύ-

185 1267 235 1312 pag.
250 1257 293 1300 ιτε.
308 1258 352 1303 σει
372 1235 537 1321 σάββατον,
558 1234 591 1302 τά
613 1237 645 1302 δέ
666 1233 715 1302 διά
736 1233 789 1311 τάς
809 1231 1038 1311 ύπυπιπτούσας
1054 1241 1108 1319 τῆς
1124 1232 1198 1300 πατά
1216 1233 1340 1318 σελήνην
1356 1261 1461 1319 νεομη-

304 1343 386 1420 νίας,
416 1341 468 1404 καί
489 1336 542 1415 τάς
559 1342 689 1421 καθεξῆς
705 1336 810 1422 ἑορτάς
816 1389 825 1418 ,
856 1335 921 1404 σίου
938 1335 1046 1424 ἡμέρας
1062 1341 1265 1423 σκηνοπηγίας
1281 1340 1332 1404 ναί
1349 1335 1460 1422 ἡμέρας

307 1440 466 1525 Ἇπάσγαυ,
497 1439 546 1508 ὅτε
572 1440 605 1507 τά
631 1439 784 1528 πρόβατον
809 1439 938 1520 θύουσι,
966 1442 1018 1506 ιιαί
1041 1437 1136 1522 άίυμα
1162 1437 1268 1508 λοιπύν
1296 1442 1459 1508 ἐσθίουσιν.

309 1543 402 1610 ιἜτι
419 1545 452 1609 δέ
468 1541 522 1626 τὴν
539 1547 609 1628 μίαν
625 1547 760 1626 νηστείαν
775 1541 951 1626 νηστεύουσι
963 1549 1018 1609 τοῦ
1038 1545 1139 1622 έτους,
1167 1539 1222 1626 τὴν
1235 1545 1393 1628 λεγομένην
1408 1567 1456 1626 με·

304 1646 405 1734 γάλην,
426 1649 478 1714 παλ
492 1643 545 1729 τὴν
561 1643 660 1728 άλλην,
681 1645 720 1728 ἣν
732 1647 850 1732 λέγουσι
865 1644 982 1730 μικράν.
1004 1643 1076 1712 Ὅτε
1088 1644 1143 1731 γάρ
1160 1647 1356 1728 ἐμπίπτουσιν
1370 1637 1460 1710 αὗται

304 1753 337 1815 αί
349 1746 466 1834 ἡμέραι,
484 1747 551 1832 ἤτοι
566 1751 597 1815 ἐν
612 1750 733 1836 δευτέρῳ
748 1747 916 1830 σαββάτων,
934 1746 955 1832 ἢ
970 1750 1001 1814 ἐν
1014 1751 1107 1837 τρίτη,
1127 1747 1194 1830 ἢέν
1212 1746 1362 1834 4τετράδι,
1386 1747 1457 1830 σάβ

304 1857 395 1936 βατον
410 1853 462 1918 ναί
480 1848 552 1918 αύτά
570 1848 672 1927 αύτοῑς
687 1848 820 1935 ὁρίζεται.
863 1848 920 1916 Διδ
938 1849 1009 1934 μετά
1024 1848 1078 1933 τήν
1091 1857 1153 1918 τῶν
1166 1848 1284 1932 άζάμαν
1297 1852 1460 1935 γενομένην

304 1953 427 2040 ἡμέραν,
448 1957 499 2020 ναί
513 1951 686 2040 άρισθείσαν
700 1950 814 2039 ἡμέραν
828 1951 993 2035 σαββάτου,
1016 1960 1058 2042 τῷ
1072 1951 1211 2042 σαββάτῳ
1225 1951 1313 2034 φύσει
1328 1959 1368 2041 τβ
1384 1951 1460 2035 μετά

304 2056 357 2141 την
377 2055 490 2142 ἡμέραν
510 2063 570 2123 τῶν
588 2053 707 2139 άζύμων
728 2058 770 2131 είς
789 2053 941 2138 σάββατον
957 2057 1178 2142 λελογισμένην,
1209 2052 1377 2141 εύρέθησαν
1395 2059 1462 2120 διει-

304 2165 454 2245 βαίνοντες
471 2156 520 2227 διά
537 2167 596 2225 τῶν
613 2161 780 2244 σπορίμων,
810 2160 862 2222 καί
879 2160 988 2226 ἐτιλλσν
1001 2157 1145 2241 στάχυας,
1175 2159 1226 2224 ναί
1241 2161 1359 2242 ἔψυχον
1366 2209 1376 2237 ,
1407 2161 1460 2224 καί

303 2262 429 2347 ἤσθιον,
450 2260 617 2337 δεικνύντες
625 2260 678 2350 βτί
691 2261 807 2326 λέλυται
823 2257 842 2326 ύ
857 2260 964 2344 δεσμάς
979 2257 998 2328 o‘
1015 2262 1047 2328 ἐν
1061 2269 1103 2349 τῷ
1119 2259 1259 2349 σαββάτῳ
1276 2257 1459 2343 ὁριζόμενος,

303 2363 444 2444 ἐλθόντος
459 2371 513 2432 τοῦ
533 2363 658 2452 μεγάλου
676 2361 842 2450 σαββάτου,
871 2364 1002 2430 τουτέστι
1020 2369 1168 2447 Χριστοῦ,
1196 2369 1251 2429 τοῦ
1266 2360 1459 2428 άναπαύσαν-

304 2494 355 2545 τος
375 2466 454 2552 ἡμᾶς
477 2467 535 2536 άπδ
560 2475 619 2534 τῶν
642 2463 859 2550 άμαρτημάτυν
877 2461 978 2547 ἡμῶν,
1009 2457 1047 2532 ού
1069 2464 1161 2542 τύπος
1176 2458 1215 2549 ἦν
1234 2461 1252 2532 δ
1273 2472 1359 2544 Νῶε,
1386 2463 1461 2532 δνό

303 2570 399 2654 πατὴρ
416 2569 508 2638 αὐτοῦ
524 2571 685 2657 γενηθέντα
701 2565 839 2656 ἐυραιιῶς
853 2564 928 2634 νατά
942 2571 1136 2654 προφητείαν,
1153 2570 1278 2634 ἐπέθετο
1293 2567 1373 2657 αύτῷ
1390 2566 1460 2634 avo·

302 2701 343 2757 μα
358 2680 443 2752 Νῶε,
468 2675 557 2759 λέγειν
579 2671 640 2752 ὅτι,
673 2665 770 2750 Ούτσς
786 2669 950 2737 ἀναπαύσει
967 2669 1047 2754 ἡμᾶς
1064 2673 1097 2736 έν
1115 2677 1175 2738 τῶν
1193 2668 1343 2756 ἁμαρτιῶν
1359 2667 1459 2754 ἡμῶν,

305 2774 368 2857 ἤτοι
383 2783 517 2862 σκληρῶν
534 2779 628 2861 έργοον
644 2772 739 2858 ἡμῶν.
780 2771 814 2838 ‘0
834 2779 905 2840 Νῶε
922 2774 953 2838 δέ
968 2770 1028 2840 άπδ
1044 2771 1197 2858 άμαρτιῶν
1208 2771 1264 2842 σύν
1280 2771 1459 2856 α’νέπαυσεν,

303 2875 373 2944 άλλά
387 2882 429 2955 είς
447 2876 576 2965 Χριστόν
590 2875 809 2963 προεφήτευσεν
825 2872 843 2942 ά
858 2875 963 2958 Λάμεχ
974 2874 1029 2958 τήν
1045 2881 1229 2962 προφητείαν
1246 2883 1311 2965 ⁶¹93
1325 2883 1396 2944 Νῶε
1411 2881 1459 2962 ἑρ·

302 2981 502 3065 μηνευόμενυν
519 2983 550 3046 έν
568 2977 700 3066 άληθείῳ.
745 2985 817 3044 Νῶε
838 2976 894 3064 γάρ
912 2975 1079 3055 άνάπαυσις
1096 2977 1302 3064 ἑρμηνεύεται,
1330 2982 1382 3044 καί
1400 2989 1460 3046 Σε-

302 3085 375 3168 βέθ,
405 3083 478 3168 ὅπερ
493 3079 659 3156 άνάπαυσις
672 3081 723 3145 καί
737 3079 887 3164 σάββατον
902 3079 1107 3166 ἑρμηνεύεται,
1138 3079 1233 3147 δέστι
1253 3079 1396 3166 Χριστιίς,
1426 3086 1460 3150 ἐν

303 3180 327 3276 β
343 3185 546 3252 άναπέπαυται
562 3181 580 3250 ά
593 3180 689 3267 πατὴρ
704 3185 757 3249 ναί
771 3181 805 3250 τά
822 3182 908 3269 άγιον
923 3190 1040 3265 πνεῦμα
1055 3181 1164 3262 αύτοῡ,
1187 3185 1239 3250 ιιαλ
1254 3182 1362 3260 πάντες
1376 3183 1460 3271 ίίγιοι

303 3289 460 3376 άνθροοπυι
476 3291 507 3354 έν
521 3285 602 3376 αύτῷ
619 3284 838 3364 άνεπαύσαντο,
861 3284 1045 3369 παυσάμενοι
1062 3283 1122 3352 άπά
1138 3283 1365 3371 άμαρτημάτοον.
1397 3281 1460 3354 Ού·

303 3391 354 3468 τάς
376 3395 436 3458 ἐστι
456 3389 489 3456 τά
513 3391 588 3475 μίγα
608 3389 757 3475 σάββατον
776 3390 828 3454 καί
847 3385 960 3468 άΐδιον,
991 3379 1028 3454 ού
1046 3387 1139 3464 τύπος
1156 3381 1194 3471 ἦν
1209 3386 1243 3454 τά
1260 3387 1365 3474 μικράν
1382 3393 1459 3457 ‘nal

302 3493 482 3580 πράςναιρον
494 3491 644 3575 σάββατον
656 3488 925 3577 ἐξυπηρετούμενον
937 3488 1004 3575 άχρι
1014 3497 1067 3573 τῆς
1076 3489 1170 3558 αύτοῦ
1180 3495 1354 3576 παρουσίας,
1366 3519 1457 3578 προς-

302 3597 408 3682 ταχθδν
422 3593 471 3662 ύπ’
486 3593 579 3660 αὐτοῦ
595 3591 670 3660 ιιατά
685 3591 737 3659 τάν
754 3591 863 3676 νόμον,
884 3595 937 3659 καί
952 3595 983 3660 ἐν
1000 3591 1080 3682 αύτῷ
1097 3594 1206 3673 λυθὲν,
1228 3595 1278 3660 ναί
1296 3597 1460 3680 πληρωθὲν

302 3703 334 3765 ἐν
356 3705 395 3788 τῷ
417 3696 579 3787 εύαγγελίῳ.
627 3694 730 3774 Ούτοις
749 3693 806 3782 γάρ
826 3692 922 3777 είπεν,
951 3695 1014 3776 ὅτι,
1044 3694 1159 3782 Κύριός
1180 3699 1258 3762 ἐστιν
1279 3693 1297 3762 ά
1318 3696 1385 3774 υίδς
1402 3709 1460 3766 τοῦ

303 3799 468 3886 άνθράπου
487 3803 538 3866 ναί
550 3807 605 3866 τοῦ
617 3797 777 3882 σαββάτου.
813 3797 910 3868 Ὅθεν
922 3799 1097 3884 θαρσαλέως
1110 3802 1142 3864 οί
1152 3802 1287 3882 μαθηταί
1299 3799 1405 3868 λύουσι
1422 3803 1458 3870 τά

304 3903 469 3987 σάββατον,
492 3901 593 3986 ἐπειδὴ
609 3903 659 3968 ναὶ
676 3905 707 3967 οί
719 3899 778 3988 πρά
797 3898 895 3968 αύτῶν
913 3905 999 3988 ίερεῖς
1015 3903 1101 3970 έλυον
1121 3899 1178 3968 7τά
1196 3901 1346 3985 σάββατον
1359 3903 1459 3972 θύον·

303 4031 364 4087 τες,
387 4007 437 4072 ναί
452 4011 515 4093 θεῷ
530 4010 640 4082 θυσίας
659 4005 887 4092 προςφέροντες,
910 4007 960 4070 ίνα
976 4001 1017 4088 μὴ
1031 4002 1146 4095 άργηση
1164 4009 1256 4070 θυσία
1269 4003 1290 4089 ἡ
1305 4008 1461 4093 ἐνδελεχὴς

336 4267 361 4350 2..
377 4261 481 4335 πάσχων
494 4265 545 4316 cod.
559 4267 632 4316 λἀείο.
654 4267 718 4315 Edita
731 4267 801 4328 υυλρυ
813 4279 860 4316 πα·
921 4263 946 4314 5.
960 4263 1054 4325 „Forte
1067 4259 1127 4317 τὸτ’·
1140 4269 1260 4347 οιιτοισυιλ
1269 4267 1388 4316 Ρεεοοίυτ
1408 4271 1463 4350 &jon

305 4351 416 4457 σιίίέιίτι
432 4400 462 4458 δὲ
478 4397 523 4456 δτι
539 4399 586 4467 τήν
605 4400 663 4468 μίαν
680 4403 730 4452 cod.
746 4404 819 4451 Υοίίτ.
894 4335 1463 4482 ffiafssmfffflhfflpm

337 4469 361 4524 ἐ.
375 4465 475 4537 τετράδι
485 4473 521 4522 εδ.
532 4473 612 4522 Ρελσυ.
635 4467 744 4534 τετράδη
755 4471 805 4520 οοτλ
816 4472 861 4519 Va·
895 4477 932 4516 ιιι
941 4467 1065 4545 Ιλιιιιιττίι,
1079 4467 1121 4536 qui
1134 4485 1179 4537 μετ
1193 4469 1249 4520 Noe
1262 4469 1417 4536 εἰροιδοτιοι
1431 4473 1462 4526 in

303 4543 341 4592 ιίε.
374 4536 482 4607 τετράδα
499 4541 550 4592 τοδ.
563 4540 661 4602 madiy.
677 4543 698 4588 ει
713 4540 749 4589 ιδ.
761 4540 837 4600 princ.
896 4544 1008 4588 τατιειιε.
