3106 4990
350 270 486 324 raanan
503 273 565 324 nra.
581 274 601 324 r.
619 273 700 326 rou.
714 273 757 326 ιιι.
774 272 1030 326 aasaxxxrru.
1196 265 1257 330 519

189 388 309 456 Falsum
333 391 504 476 igiturest,
538 393 613 478 quod
635 393 683 457 isti
709 392 860 473 iactitant,
892 390 992 458 ludam
1020 395 1056 458 ob
1082 415 1146 460 rana
1169 406 1391 480 quamCap.v1.

101 493 230 560 babebat
252 495 404 560 scientiane
426 494 602 560 salvatorem
626 496 807 580 prodidisseq
840 497 971 580 adeoque
997 518 1051 560 nec
1075 498 1129 584 ipsi
1156 497 1256 564 ludaei

100 595 224 664 Citristo
246 597 276 660 iu
299 617 386 662 eruce
408 598 513 664 suffixo
536 599 700 662 mercedem
723 598 872 663 consecuti
892 608 976 676 sunt,
1011 601 1141 684 quamvis
1160 604 1256 668 crucis

99 701 190 766 uobis
205 700 347 764 beneflcio
363 701 443 766 sadus
457 700 622 766 obvenerit.
666 698 737 766 Non
756 701 833 766 enim
848 711 880 764 ut
896 701 1018 764 satutem
1037 702 1122 765 nobis
1137 704 1258 768 afferret

99 802 193 868 iudas
207 804 286 866 ittam
304 803 437 883 tradidit,
468 804 519 868 sed
537 802 640 888 partim
658 803 840 888 ignorantia,
872 804 974 888 partim
990 803 1099 868 invidia
1117 816 1147 869 et
1161 807 1256 870 arari·

98 893 146 970 tia⁸
159 907 274 984 ductus,
298 927 383 990 qaam
401 927 466 970 cum
483 906 529 968 dei
546 906 738 990 abnegatione
755 907 961 970 continuauerat.
1007 903 1125 970 Etenim
1142 907 1212 972 licet
1225 909 1255 972 in

98 1029 219 1074 erucem
237 1020 332 1073 actum
349 1009 386 1072 iri
405 1005 554 1072 Christum
571 1009 716 1094 scriptura
735 1009 934 1094 praedixerit,
958 1029 993 1071 ac
1009 1030 1082 1093 quae
1099 1011 1254 1094 postremis

98 1111 281 1196 temporibus
304 1131 321 1174 a
343 1109 426 1176 nobis
453 1111 659 1176 committenda
683 1122 751 1178 sunt
773 1111 887 1174 scelera
908 1111 957 1176 diu
977 1123 1045 1176 ante
1067 1112 1251 1196 significarit,

97 1214 226 1292 nubtam,
250 1213 275 1278 si
293 1213 368 1277 male
384 1212 526 1299 quispiam
545 1213 709 1297 egerimus,
734 1233 773 1276 ex
793 1212 864 1276 iisee
882 1213 1044 1298 scripturae
1063 1215 1251 1296 testimoniis,

96 1335 177 1402 quae
202 1317 230 1380 id
256 1317 383 1380 futurum
408 1315 632 1402 praenuntiant,
671 1316 890 1380 excusationem
916 1315 1096 1382 babebimus.
1147 1316 1253 1403 Neque

95 1419 178 1484 enim
199 1419 274 1503 quod
291 1419 435 1504 scriptura
456 1417 653 1504 praedixerit,
683 1417 793 1482 idcirco
811 1419 950 1499 iacimus,
982 1420 1034 1483 sed
1052 1421 1127 1504 quod
1148 1421 1254 1484 iactari

95 1542 235 1601 eramus,
258 1521 405 1607 scriptura
419 1519 580 1605 praedixit3
605 1520 642 1584 ob
656 1521 877 1584 antecedentem
895 1520 941 1583 dei
957 1521 1091 1586 videlieet
1109 1525 1253 1608 eograitio·

95 1646 185 1703 uem,
217 1634 301 1708 atquc
321 1634 353 1687 ut
369 1625 441 1690 deus
457 1624 535 1708 ipse,
568 1624 615 1708 qui
635 1623 809 1702 bonusest,
839 1643 904 1688 eum
922 1623 1065 1688 aduersus
1083 1636 1253 1711 peccatores

95 1729 174 1792 iram
189 1737 322 1805 exercet,
343 1747 401 1790 non
418 1725 634 1812 perturbatione
649 1727 744 1812 aliqua
759 1736 921 1790 conamotus
937 1747 1004 1790 csse
1019 1725 1164 1794 videatur.
1195 1728 1252 1793 Dei

94 1829 241 1914 siquidem
260 1832 403 1892 adversus
420 1839 590 1914 peccatores
608 1827 753 1915 quoslibet
773 1828 934 1912 indignatio
952 1849 1010 1892 non
1031 1830 1067 1894 ab
1086 1831 1143 1896 uida
1163 1831 1251 1896 animi

94 1931 316 2018 perturbatione
331 1929 542 2017 proficisciturq
562 1942 644 1996 caret
657 1932 733 1994 euim
749 1931 826 1994 omni
842 1931 1061 2017 perturbatione
1075 1934 1158 1999 deus.
1190 1931 1252 2000 Sed

94 2037 172 2099 iram
187 2055 268 2098 more
283 2033 431 2099 bominum
444 2053 587 2098 exercere
603 2034 719 2114 dieitur,
736 2055 795 2098 non
810 2033 868 2096 utto
883 2054 972 2098 sensu
988 2035 1097 2099 doloris
1112 2038 1249 2118 affectos,

95 2157 153 2222 neo
171 2137 318 2200 iracundia
335 2147 500 2222 superatus.
535 2134 596 2200 imo
613 2157 685 2200 vero
701 2147 881 2222 quantopere
897 2157 932 2200 ea
948 2149 1034 2201 vacet
1051 2139 1130 2203 boo
1121 2161 1186 2225 apso
1201 2141 1251 2205 de·

94 2240 208 2318 clarat,
241 2239 316 2323 quod
338 2239 465 2304 tutorum
482 2238 618 2302 iudicium
638 2261 672 2302 ac
691 2238 881 2303 iustissimam
898 2240 1180 2306 animadversionem
1201 2244 1251 2306 de·

94 2340 235 2422 naanciat,
267 2351 300 2406 at
317 2361 350 2404 se
366 2340 568 2406 commotionis
585 2340 680 2406 omnis
696 2352 848 2427 expertem
864 2361 930 2406 esse
947 2342 1137 2407 demonstret.
1183 2343 1249 2410 Hoc

91 2444 187 2528 igitur
205 2445 365 2507 futurorum
382 2443 514 2528 praescia
531 2443 675 2528 scriptura
693 2443 852 2528 signifieat,
884 2443 926 2508 uti
945 2445 1091 2510 cautiores
1110 2468 1164 2510 nos
1182 2451 1248 2512 red-

94 2547 197 2612 datae
214 2546 448 2625 condooedaoiat,
474 2567 510 2609 ne
525 2545 732 2632 inexpiabilem
750 2545 796 2608 dei
811 2547 840 2610 in
858 2547 1048 2612 offensionem
1065 2550 1248 2616 incurramus

93 2669 173 2734 quae
190 2669 248 2712 uon
264 2648 481 2732 perturbatione
497 2648 632 2712 definitur
646 2648 721 2728 alla,
745 2669 799 2714 nee
813 2648 894 2712 velut
907 2649 984 2714 victo
1000 2670 1034 2714 ae
1049 2653 1249 2718 succumbenti

92 2751 219 2828 accidit,
242 2751 294 2815 sed
309 2751 472 2816 bominibus
487 2751 535 2830 iis,
559 2773 633 2835 quos
648 2751 791 2816 scelerum
805 2771 880 2836 quae
894 2752 1103 2819 commiserunt
1117 2777 1189 2820 vere
1204 2767 1248 2820 at·

93 2874 154 2938 quc
175 2851 272 2916 animo
294 2873 352 2916 uon
374 2853 521 2938 poenitet,
546 2865 719 2940 praeparata
741 2855 858 2923 dicitur.

183 2951 262 3020 idem
280 2964 309 3018 et
328 2955 363 3019 de
381 2955 476 3022 crucis
492 2955 632 3041 supplicio
651 2957 780 3042 cogitare
800 2958 949 3024 debemus.
993 2957 1064 3022 Non
1083 2960 1161 3024 enim
1180 2983 1248 3047 pro·
1266 2973 1385 3041 eapvu.

93 3069 199 3146 pterea
222 3059 296 3142 quod
320 3057 360 3120 ita
382 3061 444 3124 dore
465 3059 608 3144 scriptura
631 3061 792 3145 praedixit,
823 3056 961 3126 Christus
979 3073 1030 3126 aut
1047 3063 1076 3125 in
1095 3083 1210 3128 erucem
1230 3087 1247 3128 a

94 3159 215 3225 iudaeis
235 3171 282 3224 cst
299 3170 381 3225 actus
403 3171 454 3226 aut
475 3182 491 3223 a
512 3159 582 3225 duda
603 3161 752 3248 proditus,
783 3165 834 3228 sed
856 3165 932 3248 quod
950 3175 980 3228 et
996 3165 1163 3248 proditurus
1180 3185 1245 3230 eum

93 3259 184 3326 ludas
202 3275 298 3342 esset,
331 3274 361 3327 et
375 3263 405 3326 in
425 3284 540 3328 crucem
559 3266 651 3328 acturi
670 3263 785 3343 iudaei,
818 3265 854 3326 ob
871 3265 899 3328 id
918 3277 975 3328 tana
991 3267 1020 3330 in
1039 3276 1141 3330 vetere
1156 3277 1245 3332 testa·

92 3375 195 3428 mento
216 3366 360 3450 scriptura
383 3387 467 3449 quam
487 3366 517 3430 iu
538 3366 691 3450 euangelio
712 3366 845 3430 domiuus
864 3366 927 3450 ipse
946 3369 1070 3432 daturum
1090 3369 1244 3453 aliquando

94 3467 306 3551 pronuntiavit.
358 3465 554 3551 Quamobrem
581 3489 639 3531 nou
664 3489 703 3531 ex
726 3481 807 3532 eerta
831 3468 987 3552 singularis
1011 3470 1088 3533 iltius
1110 3469 1244 3537 beneficii

93 3567 238 3648 seientia,
262 3570 336 3656 quod
351 3571 381 3634 iu
396 3571 531 3635 mundum
548 3591 587 3634 ex
605 3591 641 3635 eo
654 3571 818 3651 derivaret,
842 3571 988 3635 dominum
1005 3568 1090 3636 iudas
1107 3575 1242 3658 prodidit,

94 3683 127 3736 ιιι
145 3671 185 3735 itti
204 3673 398 3750 mentiuntur,
429 3673 480 3736 sed
499 3674 539 3736 ita
557 3673 652 3758 potius
669 3683 700 3736 ιιι
715 3685 746 3738 et
761 3695 844 3738 suum
863 3695 930 3740 esse
947 3674 1092 3738 dominum
1109 3675 1243 3758 sciverit,

93 3785 125 3838 et
147 3795 232 3858 quam
253 3773 377 3854 idipsum
398 3775 503 3838 mundo
522 3775 650 3841 salutare
670 3788 750 3842 esset
766 3777 918 3860 ignorarit.
963 3775 1084 3842 Fieriue
1103 3791 1200 3866 potest
1217 3782 1244 3848 is

92 3887 127 3941 ut
143 3875 248 3940 salutis
264 3875 409 3940 bominum
428 3899 526 3942 euram
546 3891 629 3961 gerat
648 3879 696 3963 qui
714 3879 750 3942 ab
768 3881 892 3964 ipsomet
908 3879 1054 3944 salvatore
1072 3884 1241 3967 perditionis
1251 3908 1353 3967 tonsor
1360 3913 1392 3959 aa

94 3977 172 4042 tibus
187 3977 347 4063 appodiatus
362 3980 471 4058 tuerit
495 3990 526 4043 et
540 3980 608 4044 ιΙΙιιιΙ
623 3981 764 4061 audient
788 3987 894 4045 Bnaum
908 4005 934 4044 er
950 3996 1026 4058 erut,
1050 4007 1075 4046 ιι
1089 3999 1173 4050 nutus
1186 4011 1241 4050 aea
1255 4013 1338 4060 naman

85 4083 292 4162 [ιιιζιιειιιιιιιο
307 4085 373 4144 adda:
397 4081 478 4162 itern,
499 4087 608 4157 Aeaee,
626 4087 665 4144 ud
677 4087 747 4164 quaid
758 4089 878 4147 amasti?
899 4095 940 4164 et,
968 4089 1095 4150 Unetsec
1109 4092 1186 4152 ecbtb
1200 4067 1292 4212 meqp'
1294 4068 1332 4212 p²a'
1342 4117 1374 4165 aa

94 4187 254 4246 traditurus
268 4195 327 4246 eat.-
351 4193 392 4262 et,
417 4189 473 4264 (ιιι
485 4189 750 4248 mandueatmeeunr
761 4209 871 4268 punem
897 4191 1110 4254 deuaua'teentro
1124 4213 1167 4254 me
1182 4168 1330 4277 rad-¹⁰'1q'iij

94 4308 226 4362 οιιιιιιιιιι,
260 4296 290 4350 ut
309 4307 326 4350 e
342 4283 523 4352 Psalmorum
540 4286 614 4352 libro
632 4290 813 4373 evangelium
830 4290 993 4376 expressit.
1022 4291 1111 4410 item,
1142 4301 1198 4358 Voe
1214 4301 1389 4374 ειμιιιιιιιιι

128 4440 153 4492 2.
170 4455 201 4491 ex
217 4439 381 4508 praecedente
396 4439 539 4493 testimonio
555 4442 649 4526 psalte·
684 4443 824 4507 pectione
809 4447 903 4497 totana
920 4443 1035 4514 apudque
1060 4452 1241 4514 neumarum

93 4508 123 4560 rii
142 4515 202 4561 reete
221 4513 288 4562 ιιιιιιι
306 4511 438 4562 &muman
473 4513 562 4563 Eodem
577 4514 650 4575 atqui-
684 4513 849 4578 ιιιι.1,Χ1Χ,
865 4513 889 4568 6.
904 4519 1011 4580 aeuum.
