3112 4984
386 297 522 351 ιιιιιιιιι
539 299 601 353 nra.
615 301 635 350 r.
653 298 733 354 reu.
747 301 778 352 ιι.
802 300 901 352 uasa.
918 301 1026 352 xxva.
1077 359 1081 376 ,
1221 291 1279 358 atr

126 419 288 506 pretendas
302 416 459 504 parabolae
476 417 598 482 fabulum
611 420 753 503 quandam
769 420 925 486 commenti
938 431 1019 500 sunt,
1037 431 1068 486 et
1082 421 1281 490 adversarium

125 522 206 586 illum
231 543 320 586 unum
344 541 412 586 esse
432 541 471 584 ιιι
489 521 587 584 mundi
607 521 830 585 fabricatoribus
848 521 960 606 angelis
983 534 1103 603 putant,
1125 525 1173 608 qui
1197 523 1282 592 tutus

125 625 172 688 rei
189 645 296 688 caussa
316 623 355 688 sit
375 623 552 688 constitutus
571 634 602 686 ut
621 623 772 687 exsnlulas
791 627 923 708 corporis
941 623 1085 702 vinculis,
1108 637 1195 711 atque
1214 628 1281 696 biuc

125 726 290 810 migrantes
313 726 425 790 animas
450 726 485 790 ad
509 724 633 789 iudicem
657 725 796 803 deducat,
822 726 870 790 ubi
893 727 1021 790 nondum
1040 728 1136 792 omnia
1156 731 1281 813 praesti·

125 827 199 892 fisse
227 827 381 892 convictae
405 850 423 892 a
448 826 577 913 principe
602 827 735 890 ministro
762 829 933 906 traduntur,
965 829 1013 912 qui
1040 849 1081 894 ex
1108 832 1279 914 angelorum

124 949 219 1014 grege
237 950 313 994 unus
336 929 429 1013 opifici
449 929 548 994 mundi
569 927 654 993 buius
673 929 760 992 iudici
780 929 815 993 ad
832 930 1070 1010 transferendas,
1094 942 1125 995 ct
1145 932 1176 998 in
1198 935 1281 1000 varia

126 1051 253 1116 corpora
270 1032 464 1116 deportandas
482 1033 594 1095 animas
610 1051 728 1116 operam
746 1052 829 1095 suam
844 1031 979 1096 collocat.
1024 1030 1102 1097 Esse
1120 1055 1209 1118 porro
1231 1036 1281 1099 ad-

125 1133 393 1198 versarium‘iflum
417 1155 502 1218 quem
524 1133 676 1196 adnmiun
694 1143 952 1198 commemoratum
975 1133 1006 1196 in
1029 1137 1183 1219 evangelio
1205 1137 1282 1202 dixi·

124 1255 209 1314 nus,
234 1257 323 1298 unum
340 1257 380 1300 ex
395 1235 494 1300 mundi
513 1235 673 1300 artificibus
694 1234 806 1319 angelis
828 1235 944 1298 nornine
963 1235 1103 1300 Abolum.
1147 1236 1226 1302 Nam
1250 1251 1281 1306 et

125 1337 290 1400 custodiam
307 1359 373 1402 esse
389 1358 496 1422 corpus
510 1337 752 1420 interpretantur,
772 1347 803 1400 et
815 1338 1005 1402 novissimum
1023 1341 1213 1422 quadrantem
1226 1341 1280 1406 mi-

124 1440 293 1524 grationem
310 1440 485 1518 animarum,
509 1460 581 1522 quas
597 1437 815 1503 accessionibus
830 1439 865 1502 ad
882 1460 1006 1524 corpora
1023 1439 1147 1524 singulis
1164 1442 1279 1508 ulli-as

123 1541 258 1606 actiones
272 1541 355 1606 obire
373 1561 496 1606 necesse
517 1541 572 1619 sit,
598 1541 705 1607 nullum
724 1551 757 1604 ut
772 1541 894 1627 amplius
910 1541 1007 1608 scelus
1022 1562 1057 1606 ac
1071 1543 1212 1626 flagitium
1229 1567 1280 1612 stt·

125 1644 231 1729 persit.
279 1639 406 1730 Oportet
421 1643 516 1723 euim,
541 1653 574 1706 nt
589 1653 675 1708 antea
691 1643 798 1707 dictum
816 1653 878 1723 est,
902 1655 1088 1729 pervagatam
1106 1644 1203 1712 omnia
1219 1649 1281 1714 siu·
1329 1721 1338 1730 ,

123 1744 260 1830 gulisque
287 1746 467 1830 perfunctam
494 1744 639 1825 animam,
671 1765 705 1808 ac
728 1745 872 1825 solutam,
903 1746 1002 1812 mundi
1029 1745 1217 1814 effectoribus
1244 1771 1279 1816 ec

122 1847 284 1933 praecipuo
299 1847 383 1912 buius
397 1859 518 1912 auctore
531 1846 689 1932 superatis,
706 1847 741 1910 ad
753 1869 921 1932 supremum
933 1847 1013 1912 illum
1027 1847 1218 1934 ignotumque
1229 1873 1279 1938 pe·

122 1961 256 2013 uetrare.
301 1951 422 2016 Addunt
437 1950 557 2035 insuper
573 1949 620 2012 vel
637 1949 666 2010 in
684 1949 776 2034 prima
792 1949 968 2032 migratione
983 1950 1127 2016 confectis
1144 1954 1279 2020 omuibus

122 2071 243 2116 sursum
269 2052 389 2116 evolare
407 2051 514 2115 liberas
537 2072 609 2136 opus
633 2071 719 2128 esse,
743 2049 792 2112 vel
811 2051 867 2114 nisi
888 2051 973 2114 unico
991 2052 1042 2116 illo
1064 2053 1192 2118 adventu
1214 2056 1279 2122 ιιιιι-

123 2173 212 2216 versa
231 2155 421 2237 perfecerint,
445 2164 504 2216 tum
520 2174 593 2216 vern
611 2173 783 2236 ttrtaquaque
800 2152 974 2218 transitione
990 2154 1126 2237 paulatim
1144 2157 1279 2226 omnibus

123 2255 304 2320 facinoribus
321 2255 496 2340 flagitiisque
514 2255 666 2318 defunctas
682 2275 751 2316 sese
765 2255 794 2318 in
811 2253 976 2318 libertatem
994 2275 1141 2320 asserere.
1186 2255 1278 2326 Prae-

123 2367 207 2422 terea
228 2380 284 2422 nos
301 2359 337 2422 iis
357 2357 405 2443 qui
423 2355 502 2440 digni
517 2367 603 2434 sunt,
627 2355 778 2440 inquiunt,
800 2376 909 2420 arcana
927 2355 983 2419 ista
1000 2357 1223 2440 committimus,
1248 2373 1280 2428 uf

122 2479 202 2544 quae
223 2481 291 2524 esse
312 2460 449 2524 videntur
468 2459 560 2534 acala,
584 2469 688 2522 natura
712 2468 807 2521 autem
831 2457 950 2521 minime
972 2467 1067 2536 suut,
1081 2473 1277 2545 exequantur,

122 2583 219 2646 eaque
245 2583 279 2625 rc
308 2563 423 2646 cognita
450 2560 623 2624 liberentur.
668 2557 775 2624 Solent
797 2579 870 2623 vero
895 2555 1118 2645 Carpocratiani
1145 2585 1219 2647 quos
1241 2565 1278 2630 ad

120 2683 207 2726 scam
223 2674 336 2726 seemm
354 2663 552 2728 fraudulenter
568 2661 761 2747 pellexerint,
784 2661 822 2724 iis
839 2662 983 2726 candente
1001 2666 1097 2743 ferro,
1122 2665 1170 2728 vel
1185 2687 1278 2732 nova·

118 2765 204 2842 cula,
229 2765 276 2828 vel
296 2787 350 2829 aen
370 2776 467 2828 nomm
484 2764 626 2846 quandam
646 2765 682 2826 ad
700 2764 786 2828 imam
805 2763 965 2828 auriculam
983 2764 1163 2849 imprimere.

206 2865 256 2931 Ex
272 2868 375 2931 borum
394 2865 520 2930 factione
533 2863 706 2930 Marcelline
723 2867 864 2949 quaedem
880 2867 915 2930 ad
931 2887 985 2931 nos
1002 2867 1094 2947 veuit,
1114 2890 1189 2953 quae
1204 2869 1279 2936 Ani·
1297 2871 1357 2942 0¹1³·
1370 2875 1411 2926 Vl·

117 2969 175 3032 ceti
193 2967 318 3032 Romani
337 2968 465 3053 episcopi
482 2977 612 3054 tempore
628 2968 782 3052 plerosque
799 2968 997 3047 labefactavit,
1021 2969 1140 3034 Aniceti
1158 2974 1276 3056 inquam

118 3069 198 3134 illins
223 3069 272 3154 qui
294 3066 350 3133 Pio
373 3069 495 3155 aliisque
514 3069 697 3154 pontificibus
717 3071 873 3134 suecessit.
918 3069 1037 3136 Etenim
1059 3070 1173 3137 Romae
1190 3075 1275 3158 primi

118 3173 249 3236 omniurn
272 3169 381 3236 Petrus
408 3183 438 3234 et
461 3168 571 3236 Paulus
594 3172 718 3256 apostoli
742 3170 853 3257 pariter
879 3184 966 3256 atque
990 3172 1119 3258 episcopi
1143 3176 1272 3239 fuerunt.

118 3271 321 3351 lcdeLinns,
345 3284 406 3337 tum
424 3270 539 3338 Cletus.
583 3270 658 3338 Post
674 3273 750 3360 bunc
768 3271 925 3352 Clemens,
956 3272 1038 3338 Petri
1056 3285 1086 3339 et
1102 3272 1185 3340 Pauli
1201 3286 1274 3340 tem-

117 3397 220 3460 porum
238 3376 387 3461 neutralis,
411 3376 446 3438 de
464 3398 519 3458 qun
534 3372 643 3440 Paulus
658 3377 791 3440 meminit
806 3377 842 3440 ad
858 3375 1009 3442 Romanos
1024 3374 1170 3442 scribens.
1210 3375 1420 3489 1ιι-ι,,ξὶ·ᾗῗψξξι

118 3498 174 3561 apae
192 3499 266 3542 vern
291 3476 414 3540 miretur
437 3477 540 3560 aliquis
563 3478 639 3561 quod
665 3489 733 3541 aute
749 3479 843 3562 ipsum
862 3478 891 3540 in
910 3477 1085 3562 pontificiam
1103 3476 1273 3560 dignitatem
1395 3466 1402 3491 '
1421 3466 1426 3478 ’

118 3579 166 3642 alii
183 3579 325 3666 apnstolis
339 3580 554 3656 successerint,
579 3601 643 3642 cuna
659 3576 740 3642 Petri
757 3601 791 3642 ac
809 3575 892 3642 Pauli
910 3591 990 3644 esset
1004 3578 1145 3663 aequalis,
1169 3579 1273 3644 iisdem

117 3682 194 3746 enim
212 3683 261 3746 ifle
278 3681 456 3766 temporibus
471 3681 559 3746 vixit.
606 3679 711 3748 Utrum
726 3681 785 3748 illia
801 3681 896 3746 adlice
910 3680 1114 3765 superstitibus
1128 3679 1273 3766 impositis

117 3783 251 3848 manibus
269 3783 426 3868 episcopus
447 3805 464 3847 a
483 3781 574 3848 Petro
592 3793 800 3860 consecratus,
813 3775 924 3866 ‘eaque
942 3783 1101 3848 detrectata
1121 3785 1272 3868 pruvincia

116 3884 153 3948 ab
170 3885 248 3948 omni
266 3885 517 3952 administratione
536 3887 690 3950 vacaverit
705 3885 759 3966 (ita
778 3885 855 3948 enirn
874 3885 903 3948 ιιι
922 3885 1045 3968 quadam
1060 3887 1182 3970 epistola
1198 3889 1272 3952 scri·

117 3987 191 4070 psit:
215 3991 339 4064 Recedo,
364 4011 449 4061 enen,
473 3993 559 4050 ιἰιιιιι
571 3991 694 4068 populus
710 3991 771 4060 dei,
796 3986 943 4050 nonnullis
962 3987 1098 4052 videlicet
1114 3988 1169 4053 boc
1184 3992 1271 4056 modo

116 4090 293 4168 censalem,
317 4112 383 4154 nam
401 4089 430 4152 in
449 4089 619 4174 quibusdam
637 4087 854 4152 commentariis
873 4089 911 4152 ita
926 4089 1065 4174 scriptum
1081 4091 1269 4174 reperimus),

116 4209 154 4255 an
174 4192 273 4277 petius
293 4193 452 4257 secuudum
470 4191 619 4277 apostolos
637 4190 672 4254 ab
691 4190 828 4276 episcopo
846 4186 933 4256 Cleto
953 4191 993 4256 sit
1009 4191 1203 4268 constitutus,
1236 4191 1271 4256 li-

115 4293 202 4377 paida
218 4315 277 4358 son
295 4304 423 4359 constat.
468 4292 652 4378 Quamquam
670 4292 720 4358 vel
738 4291 792 4356 bac
809 4292 924 4376 quidem
942 4293 1056 4360 ratione
1073 4302 1209 4379 poteraut
1225 4291 1270 4356 vi·

144 4462 170 4515 3.
184 4461 269 4530 sedam
286 4465 338 4516 ced»
356 4465 454 4528 ftlaedfp.
490 4467 565 4529 traps
588 4458 677 4516 πάντα.
744 4457 769 4513 4.
787 4465 899 4526 semem
913 4461 978 4529 πρὸς
993 4460 1034 4516 riv
1051 4455 1103 4515 ἅνω
1117 4451 1253 4528 decuteret.

112 4533 208 4584 cecam
223 4533 316 4596 placuit
333 4529 370 4591 sle
385 4527 474 4585 πάντα.
744 4531 768 4584 ιι.
788 4533 860 4596 Vulso
877 4527 1033 4600 καταβραχιι.

994 4611 1067 4681 ld*
