3096 4988
358 307 493 360 raason
511 308 573 360 ras.
586 309 606 361 ι.
623 309 704 362 rou.
719 311 751 361 ιι.
769 310 868 362 nana.
881 311 970 363 xxx.
1185 305 1246 370 293

84 426 183 492 adhoc
198 427 250 492 illo
268 447 376 514 puero,
401 425 545 514 Iosephus
563 449 598 494 ac
613 425 713 494 Maria
732 430 873 496 adorandi
891 433 987 514 gratia
1005 431 1245 522 Hierosolymam

85 533 164 594 leslo
186 531 232 594 die
251 530 471 616 perrexissent,
502 531 692 596 redeuntibus
712 531 788 612 illis,
819 535 960 598 remansit
978 532 1080 617 lesos3
1112 559 1197 622 qoem
1215 541 1246 604 in

83 634 195 698 itinere
212 643 242 698 et
257 633 331 720 apud
349 645 492 719 cognatos
506 633 548 697 illi
564 634 768 718 quaeritabant
784 654 839 699 neo
855 635 986 721 reperire
1002 649 1147 721 poterant.
1179 640 1247 707 Ma-

86 737 134 800 ria
155 735 261 822 quippe
280 737 484 820 cognationem
505 735 641 802 babebat.
687 735 781 822 igitur
799 759 864 804 com
883 738 918 803 ad
940 739 1040 803 orbem
1059 743 1245 825 revertisset,

85 860 122 906 ac
140 839 258 903 landem
273 838 352 902 illum
367 838 549 919 offendisset,
574 838 618 902 sic
631 859 697 903 eum
714 841 887 925 alloquitur:
910 845 978 918 Fili,
1002 847 1183 927 quallsecrbtr'
1195 871 1245 910 rm-
1259 866 1384 924 naneae

85 945 153 1003 balo?
196 945 272 1004 Ecce
285 963 340 1022 ego
355 953 478 1022 etpater
493 954 558 1002 tuae
571 945 696 1004 dolentes
709 947 909 1026 quaerebamus
923 957 960 1006 te.
1007 944 1150 1032 losephus
1167 951 1244 1014 enirn

82 1045 153 1109 loco
174 1043 203 1107 ei
226 1043 317 1128 patris
340 1055 420 1123 erat,
452 1064 511 1108 noo
531 1045 673 1108 naturalis
691 1057 784 1130 pater.
829 1047 878 1110 Ad
897 1046 968 1110 haec
987 1049 1138 1130 dominus,
1173 1055 1248 1131 Quid

81 1159 143 1222 eat,
178 1146 288 1230 inquit,
318 1151 393 1228 quod
408 1148 585 1228 quaerebat&
605 1156 670 1210 rae?
698 1151 864 1210 nesciebatis
879 1155 955 1230 qaod
968 1157 998 1214 a'rr
1014 1157 1051 1213 tb'a
1068 1175 1139 1235 quus
1149 1159 1245 1236 patria

82 1255 142 1312 mei
154 1262 226 1311 suat
237 1259 349 1329 oportet
362 1271 404 1310 rae
416 1255 498 1311 eree?
542 1246 610 1332 Quo
629 1270 771 1336 responso
787 1251 968 1337 significabat
983 1254 1118 1339 templum
1137 1255 1167 1319 in
1183 1257 1241 1336 dci,

82 1354 141 1416 boe
164 1363 212 1416 eat
235 1349 412 1436 patrissui,
446 1372 552 1416 nomen
572 1352 664 1416 luisse
680 1363 890 1418 constructum.
937 1353 1135 1438 Quamobrem
1159 1359 1185 1422 si
1207 1358 1242 1422 ab

80 1457 147 1540 ipse
163 1453 372 1540 propemodum
389 1453 512 1520 inlantia
528 1455 665 1539 templum
685 1467 855 1540 patremque
871 1469 1030 1541 cognorat,
1066 1460 1164 1544 utique
1184 1483 1241 1526 uon

79 1578 184 1622 merus
196 1557 284 1620 homo
295 1567 380 1620 natus
395 1557 443 1620 ille
457 1553 541 1621 lesus
555 1559 664 1635 extitit,
681 1578 776 1641 neque
790 1570 974 1642 posternam
988 1560 1102 1624 demum
1115 1559 1239 1642 XXX„

80 1683 150 1726 eom
175 1680 211 1724 se
232 1660 263 1723 iu
285 1679 351 1724 cum
376 1659 528 1724 columbae
550 1659 650 1744 specio
666 1660 786 1746 spiritns
802 1671 921 1726 sanctus
937 1661 1134 1743 insinuasset,
1166 1665 1240 1732 lilios

79 1787 116 1828 ae
132 1761 274 1829 Christus
290 1762 428 1849 appellari
446 1762 560 1848 coepit,
583 1763 635 1825 scd
652 1763 774 1826 subinde
787 1763 817 1826 iu
834 1763 877 1828 his
892 1785 967 1848 quae
981 1764 1016 1830 ad
1032 1776 1143 1850 patrem
1156 1789 1241 1832 suum

79 1868 247 1932 attinerent
260 1865 375 1931 versari
391 1885 425 1928 sc
441 1877 578 1950 oportere
593 1865 702 1930 docuit.
743 1863 828 1949 Quod
844 1887 916 1930 vero
931 1864 1074 1953 Iosephus
1089 1891 1147 1933 non
1162 1869 1240 1936 illius

80 1981 170 2057 pater
186 1980 284 2048 esset,
315 1969 367 2033 sed
384 1971 478 2032 vioem
495 1967 585 2054 patria
601 1977 736 2052 gereret,
767 1969 832 2032 audi
848 1989 889 2033 ex
902 1969 953 2034 illo
970 1971 1074 2034 eodem
1089 1973 1239 2058 evangeli·

78 2087 139 2152 sta,
166 2072 216 2157 qui
233 2069 359 2136 Mariam
374 2072 415 2134 ita
431 2072 596 2156 loquentem
612 2071 698 2135 lecit:
722 2075 786 2152 Ego
799 2083 921 2154 reputer
937 2087 1002 2136 aare
1016 2077 1140 2138 dohatee
1153 2098 1238 2158 qaue-

78 2179 216 2238 reboraus
230 2187 268 2237 te.
313 2175 392 2240 Aedi
410 2175 526 2258 inquam
543 2173 609 2259 quid
626 2173 683 2238 alio
702 2174 766 2238 loco
783 2174 951 2261 scripserit:
976 2181 1052 2238 Erat
1063 2191 1166 2255 cutem,
1191 2180 1236 2244 io·
1249 2207 1332 2267 naas,
1343 2208 1375 2255 aa,

79 2279 158 2364 quit,
183 2283 263 2340 lesus
279 2283 487 2359 inreprehensa
505 2281 735 2360 quoer'onrrorma
748 2282 843 2352 XXX,
869 2284 1002 2359 quierat,
1028 2284 1233 2361 utputcdatur,

77 2383 299 2463 loseplu'fih'as.
346 2377 403 2446 Ubi
419 2402 483 2445 cum
502 2400 552 2443 eas
569 2401 658 2446 voees
676 2379 800 2459 addidit,
829 2383 1047 2462 dementatur,
1070 2403 1129 2446 non
1145 2383 1236 2468 ipsius

78 2503 192 2550 revera
213 2485 303 2548 luisse
323 2483 428 2563 hlium,
451 2482 563 2546 sedita
585 2483 728 2546 duntaxat
746 2482 871 2546 habiturn
892 2483 982 2548 luisse
1001 2485 1191 2550 demonstrat.

175 2583 303 2651 Deliciet
325 2607 373 2650 mo
400 2597 529 2673 tempus,
562 2585 587 2648 si
611 2586 648 2647 ad
671 2585 914 2669 comprobandam
937 2587 1091 2655 veritatem
1117 2610 1151 2653 ac
1176 2600 1233 2653 tam
1267 2609 1327 2662 m,

77 2689 209 2754 Ebionis
226 2709 312 2774 quam
326 2689 552 2754 absurdissimae
567 2687 643 2752 illius
661 2687 778 2751 scholae
794 2688 982 2754 relellcndam
1000 2691 1155 2756 amentiam
1172 2692 1234 2777 plo·
1250 2679 1277 2730 X
1333 2717 1340 2732 ·

77 2793 164 2857 ribus
188 2791 337 2876 disputare
360 2794 493 2857 voluero.
539 2788 614 2874 Quis
637 2789 712 2854 enim
737 2790 822 2856 lacile
842 2813 900 2856 oon
920 2793 1056 2878 intelligit
1078 2791 1233 2880 losepbum

77 2896 203 2960 minime
225 2893 303 2959 illius
327 2905 493 2980 parentem,
526 2895 578 2957 sed
602 2893 731 2979 parentis
756 2894 821 2958 loeo
849 2894 977 2960 habitum
1001 2897 1111 2961 luisse?
1157 2902 1232 2960 Eece
1244 2917 1307 2963 saer.
1317 2917 1339 2975 ι,
1353 2918 1385 2963 ιι.

77 3005 171 3073 maire,
203 2997 314 3082 inquil,
346 3002 427 3078 ot'rgo
449 3002 600 3078 coamm'et,
634 3009 662 3058 el
680 3001 779 3077 portet
789 3001 898 3079 fidiam.
943 2995 1015 3064 Non
1038 2999 1128 3077 dixit,
1159 3003 1234 3062 Eece

77 3105 194 3164 ιιιιὶἰεν.
242 3100 288 3162 Ac
305 3121 420 3164 rursum
435 3097 493 3164 alio
510 3100 593 3163 loco:
617 3104 658 3161 Et
667 3105 762 3179 parret
775 3105 879 3176 oemio,
904 3113 933 3164 et
946 3107 1049 3176 hbeat,
1073 3105 1138 3164 Nare
1148 3125 1233 3184 pepe·

76 3211 128 3266 rit.
178 3199 257 3266 Nem
275 3223 339 3266 eum
357 3199 596 3266 Manichaeorum
615 3222 650 3264 ec
664 3199 921 3267 Marcionistarom
940 3203 1053 3287 quidam
1072 3214 1181 3288 uegcnt
1198 3205 1233 3268 il·

77 3307 136 3370 lom
151 3315 241 3392 parto
255 3305 285 3368 io
304 3304 397 3368 lucem
414 3305 535 3382 editum,
559 3304 597 3367 ob
612 3303 653 3381 id,
676 3309 782 3380 Pcra'et,
807 3305 910 3390 inquit,
935 3317 964 3367 et
977 3309 1079 3380 dierat,
1103 3309 1168 3368 Noa
1181 3329 1231 3386 pe-

72 3415 170 3491 pen't,
205 3407 340 3492 quoniam
365 3407 400 3470 de
423 3407 479 3470 viri
501 3406 613 3470 semino
633 3403 730 3471 Maria
754 3428 812 3470 nou
835 3407 957 3493 peperit.
1002 3406 1045 3470 At
1062 3407 1164 3472 luriosi
1181 3406 1231 3472 isti

76 3513 113 3576 de
130 3509 190 3576 viri
205 3509 319 3573 semine
335 3508 408 3572 lalso
421 3509 499 3573 illam
516 3509 665 3594 peperisse
680 3508 821 3573 dictitant.
869 3508 962 3595 igitur
975 3510 1067 3574 vitula
1084 3509 1230 3574 hominem

76 3615 204 3679 eundem
231 3634 266 3676 ac
287 3611 371 3675 deum
396 3631 467 3676 vere
491 3611 539 3676 illa
564 3610 679 3696 quidem
701 3612 822 3698 peperit.
868 3611 986 3678 Vitulae
1004 3633 1092 3698 porro
1112 3613 1229 3679 nomine

75 3716 226 3802 virginem
248 3714 409 3794 nominari,
444 3715 563 3800 eiusque
586 3713 725 3797 reliquias
748 3715 783 3777 ad
806 3735 858 3778 eos
875 3717 922 3800 qui
938 3715 1042 3800 impuri
1060 3728 1160 3781 essent
1175 3738 1229 3782 ex·

76 3819 202 3905 piandos
218 3815 352 3882 adbiberi
368 3817 577 3897 consuevisse,
608 3815 846 3900 quemadmodum
864 3817 914 3882 lex
928 3818 991 3905 ipsa
1006 3829 1149 3900 testetur,
1179 3841 1229 3884 ao·

77 3923 161 4006 cipe:
187 3925 289 3995 Some,
313 3919 423 4006 inquit,
446 3923 560 3982 vitalum
579 3922 682 4002 rusum.
729 3916 770 3985 Ut
786 3921 909 3984 electam
930 3919 1378 4007 vasMariaesigni-unn.1s‚a

77 4026 200 4099 bearet,
225 4033 344 4107 propter
359 4023 475 4106 igneam
490 4022 521 4086 ia
538 4022 684 4086 salvatore
702 4021 759 4086 vim
776 4023 954 4104 divinitatis,
978 4047 1062 4111 quam
1079 4025 1163 4110 virgo
1180 4047 1229 4090 ca·

77 4125 189 4212 piabat.
234 4129 310 4187 Deua
334 4129 424 4200 caim,
455 4123 564 4209 iuquit,
598 4128 674 4204 ignei
695 4147 858 4188 consumeres
879 4139 930 4188 aet.
975 4128 1029 4191 ait
1049 4129 1137 4212 igitur
1158 4129 1225 4192 lex:

80 4231 205 4290 Vr'tolnm
220 4229 330 4308 rafiam,
354 4233 436 4290 cuiue
452 4231 524 4290 eollo
538 4232 659 4290 reundum
676 4232 831 4309 airrpcrr'hrm
846 4242 890 4290 ert
905 4234 1016 4310 iugum,
1040 4241 1073 4293 ut
1087 4231 1117 4293 b.
1137 4229 1227 4314 virgi·

110 4413 139 4468 a
155 4411 267 4500 tapeta
282 4412 309 4467 tu
321 4408 447 4486 elassa,
465 4413 524 4470 seta
541 4408 639 4481 trapa·
673 4412 699 4468 tr
720 4410 841 4502 statua,
872 4420 916 4469 sa.
929 4421 1046 4502 aalma
1065 4420 1115 4468 eoa.
1131 4419 1226 4481 amara.

77 4501 124 4538 aas
141 4483 169 4537 du
186 4481 297 4552 αληθιῑᾳ
313 4487 364 4535 eod.
380 4487 471 4548 Voce,
495 4500 541 4536 acu
558 4490 583 4534 ut
598 4485 642 4535 bc·
673 4483 813 4542 ambubeia
824 4487 953 4554 αιθρωιιοιι
965 4485 990 4539 ἐν
1004 4485 1112 4556 alehela
1125 4499 1172 4536 aaa
1184 4488 1227 4536 hc-

77 4557 115 4604 bet
130 4555 188 4604 edtt.
201 4555 299 4616 Pelea,
318 4549 427 4620 δάμαλις
441 4549 500 4608 bedu
514 4546 641 4620 disponer
676 4555 734 4605 beat.
