3080 5002
303 310 364 371 650
727 319 1045 399 ειτεοτιιενιεετιιετιΙ

97 511 100 518 ¹
302 435 392 518 χόθεν
410 437 442 502 δλ
462 434 711 524 18οίμολόγιγσας,
734 435 850 523 ἀγνοεῖν
868 419 921 504 τοῦ
938 444 1014 504 θεοῦ
1035 434 1110 504 εἶναι
1127 437 1180 505 τδν
1198 441 1353 518 Μαδτέας
1366 441 1464 524 νόμον

175 537 180 552 ’
302 537 362 604 ἀπό
378 547 446 617 τοῦ,
468 537 572 628 Ἐντῷ
587 538 669 630 νόμῳ
685 543 939 640 Μυϋσέος,,καί,
960 538 994 604 ‘0
1011 539 1197 627 νόμοςλίγει.
1241 539 1467 610 Ἐτοακολοτθεί

302 641 357 726 γάρ
371 639 389 707 ό
402 639 564 720 ἀπόστολος
575 645 785 726 συντιθέμενος
799 645 830 710 ἰν
844 651 884 732 τῷ
898 644 1049 727 μετέπειτα
1063 647 1218 731 εἰρηκέναι,
1232 644 1290 728 Μή
1303 654 1366 712 τιῖν
1378 652 1463 730 βοᾶν

300 747 378 826 μέλει
398 753 439 833 τῷ
462 751 541 834 θεῷς
570 744 730 828 ἢπάντως
751 743 788 810 δι’
810 742 889 828 ἡμεῖς
905 749 1034 831 ε’ίρηπενς
1069 750 1111 812 Et
1126 748 1158 812 δὲ
1176 747 1225 813 διά
1243 747 1314 826 τοάς
1329 746 1459 816 ἀποστό·

299 855 370 922 λους
383 849 496 932 εἴρηκεν
511 845 528 912 ό
543 847 636 931 νόμος
651 851 702 914 καί
720 846 738 914 ό
753 851 785 914 έν
800 855 841 937 τῷ
856 847 939 936 νόμῳ
955 847 1029 924 θεός
1041 849 1183 933 λαλήσας,
1206 854 1383 934 ἐπιμελεῖται
1402 851 1461 938 ἀρα

299 956 358 1014 τῶν
374 947 545 1016 ἀποστόλων
562 957 617 1016 τοῦ
635 957 765 1036 Χριστοῦ
780 953 812 1017 έν
826 958 867 1040 τῷ
882 949 924 1034 μή
940 959 1053 1034 φιμοῦν
1070 949 1180 1030 αιίτοιίς
1193 957 1460 1038 παρακελεύεσθαι,

299 1050 364 1134 ἤτοι
381 1059 433 1118 τοῦ
451 1061 546 1117 λαλεῖν
562 1053 616 1136 τήν
633 1061 686 1118 τοῦ
706 1060 838 1139 Χριστοῦ.
853 1051 945 1119 αὐτοῦ
959 1057 1165 1135 διδασκαλίαν,
1194 1054 1260 1139 ἤτοι
1276 1056 1332 1140 τήν
1348 1057 1459 1142 έφήμε-

299 1181 352 1240 ρον
372 1153 488 1242 τροφήν
508 1155 590 1242 παρά
611 1163 670 1222 τῶν
691 1163 770 1222 λαῶν
787 1154 932 1232 ἀνενδέυς
950 1154 1060 1234 αότοάς
1077 1161 1158 1241 ίχειν.
1205 1156 1269 1224 Οάκ
1291 1157 1354 1244 ἀρα
1375 1159 1458 1226 ἀλλο·

299 1261 398 1342 τρίους
412 1256 485 1334 τοός
499 1257 683 1335 ἀποστόλους
698 1261 806 1324 ἑαυτοῦ
820 1265 873 1342 τῆς
886 1258 1030 1343 θεότητος
1045 1257 1141 1342 οἰδεν,
1164 1259 1234 1326 οιίδὲ
1250 1265 1282 1327 ολ
1295 1259 1458 1330 ἀπόστολοι

297 1357 449 1446 ἀλλότριον
473 1359 563 1426 αάτδν
582 1360 658 1426 θεόν
679 1357 827 1447 ἡγοῦνται.
869 1359 917 1439 Ἐξ
939 1354 1029 1448 ἧςπερ
1051 1360 1125 1449 ὑπὲρ
1148 1361 1269 1428 πάντων
1291 1371 1459 1453 μαρτυρίας

298 1457 417 1548 όόίγιος
435 1461 599 1540 ἀπόστολος
621 1462 792 1530 ἀποδέδωκε
813 1462 927 1547 φήσας,
960 1463 1017 1548 Μή
1040 1468 1109 1549 περί
1129 1473 1189 1532 τοῖν
1211 1470 1292 1548 βοοῖν
1313 1471 1395 1550 μέλει
1415 1477 1458 1557 τῇ

297 1571 376 1654 θεῷς
408 1563 477 1630 ἀλλά
494 1565 543 1632 διά
558 1565 628 1643 τοάς
646 1564 830 1644 ἀποστόλους
845 1571 951 1652 εἰρήκε.
997 1569 1057 1632 Καί
1075 1570 1102 1633 εί
1116 1567 1166 1634 διά
1182 1567 1253 1646 τοδς
1269 1568 1457 1648 ἀποστόλους

297 1671 411 1750 ε’ίριγκε,
442 1667 560 1752 κτιστής
581 1670 614 1734 δέ
636 1672 697 1735 έστι
719 1667 889 1755 ἀνθρώπων
910 1672 961 1736 καί
982 1677 1115 1753 κτήνοῖν,
1146 1675 1177 1750 ἐξ
1198 1665 1241 1736 τίν
1261 1671 1333 1756 βόες
1353 1699 1384 1738 τε
1404 1678 1457 1739 καί

297 1773 457 1856 στρουθοί,
488 1771 592 1856 ἕρπετά
608 1797 639 1837 τε
654 1775 705 1838 καί
723 1771 873 1852 κνιίδαλα,
902 1771 1004 1839 ένάλιά
1018 1797 1047 1838 τε
1064 1775 1115 1838 καί
1132 1773 1167 1838 τά
1183 1773 1268 1854 ἀλλα,
1300 1774 1360 1861 ἀρα
1377 1779 1458 1860 μέλει

295 1870 373 1962 αὐτῷ
392 1876 459 1958 περί
476 1873 595 1940 πάντιιν
610 1873 686 1940 κατά
703 1874 756 1959 τήν
772 1877 898 1940 έκάστου
917 1873 1083 1962 ἀναλογίαν.
1129 1880 1190 1941 Καί
1207 1880 1285 1960 μέλει
1303 1879 1358 1960 μέν
1374 1877 1456 1968 αάτρῖ

295 1978 362 2062 περί
381 1975 501 2042 πόντων
518 1979 550 2042 έν
565 1985 604 2066 τῷ
621 1979 729 2063 λέγειν,
750 1976 946 2062 Ἀνθροίπονς
960 1981 1009 2042 καί
1029 1977 1121 2063 κτήνη
1141 1979 1259 2060 σοίσεις,
1280 1979 1382 2066 κύριε,
1403 1984 1456 2047 καί

295 2080 326 2144 έν
347 2085 387 2166 τῷ
409 2081 572 2164 εἰρηκέναι,
590 2084 656 2157 .Τίς
674 2082 784 2146 δέδωκε
801 2080 909 2166 κόρακι
926 2079 1037 2166 βοράνς
1067 2085 1133 2162 καί,
1167 2085 1296 2149 Νεοσσολ
1312 2083 1455 2168 τοράιιιατ

294 2179 370 2264 πρός
386 2180 490 2266 κόριον
507 2181 680 2271 κεκράγασι,
709 2181 745 2247 κά
760 2192 825 2248 σῖτα
841 2191 1008 2266 ζητοῦντες,
1040 2187 1107 2262 καλ,
1137 2184 1251 2264 Δοίσεις
1264 2185 1319 2269 τήν
1334 2185 1455 2270 τροφήν

295 2282 432 2370 εὔκαιρον
450 2293 513 2360 τοῖς
528 2293 626 2351 πᾶσιν.
668 2283 752 2350 Ἀλλά
771 2285 826 2352 οόκ
849 2289 880 2352 έν
902 2294 942 2374 τῷ
961 2284 1052 2352 ἀλοᾶν
1068 2287 1137 2364 τοδς
1151 2293 1226 2371 βοῦς
1241 2287 1453 2374 παρεκελεύετο

294 2384 335 2470 μή
350 2393 464 2470 φιμοῦν
479 2391 555 2469 βοῦν
571 2385 717 2467 ἀλοῶντα,
745 2391 850 2454 ηέπεί
867 2391 1013 2454 ἐδείκνυεν
1030 2389 1066 2455 ἀν
1082 2388 1122 2474 μή
1140 2389 1287 2456 δύνασθαι
1303 2390 1358 2456 τόν
1379 2391 1454 2458 θεόν

293 2490 412 2574 τρέφειν
433 2487 525 2554 αὐτοῦ
546 2489 600 2573 τήν
624 2497 772 2574 20κτῆσιν
793 2489 926 2581 Ἠίίλλγγ,
957 2495 984 2556 εἰ
997 2496 1048 2558 καί
1063 2492 1105 2576 μή
1120 2492 1170 2558 διά
1186 2501 1239 2576 τῆς
1254 2501 1315 2559 τοῖν
1330 2493 1452 2582 ἀνθριό-

293 2617 359 2656 παν
372 2601 435 2668 τοῖς
450 2590 582 2675 κτήνεσιν
598 2599 635 2640 ²²
645 2595 903 2680 ἐπικουρονμέναν
917 2602 1040 2679 τροφῆς.
1070 2594 1184 2674 Ἔδειξε
1200 2597 1231 2662 δί
1244 2594 1262 2662 ό
1275 2596 1362 2684 ἀγιος
1376 2595 1453 2664 ἀπό·

165 2692 170 2709 ”
293 2701 395 2769 στολος
416 2693 454 2758 ου’
475 2694 512 2759 δι’
530 2693 657 2780 ἀπορίαν
678 2704 791 2780 τροφῆς
811 2695 862 2762 τόν
883 2697 958 2762 θεόν
979 2696 1028 2762 διά
1047 2705 1102 2764 τοῦ
1117 2696 1244 2782 ἀλοιγτοῦ
1259 2702 1451 2784 ἐπιμέλεσθαι

292 2800 375 2879 βοοῖν
391 2799 423 2860 έν
441 2804 480 2885 τῷ
497 2797 747 2883 παρακελεύεσθαι
763 2799 806 2883 μή
823 2807 936 2882 φιμοῖν
951 2799 1021 2877 τοδς
1037 2799 1206 2881 τοιοότους,
1237 2799 1310 2868 ἀλλά
1327 2804 1380 2870 διά
1396 2811 1451 2870 τοῦ

292 2901 463 2983 αἰνίγματος
486 2903 553 2985 περί
577 2907 635 2965 τῶν
659 2897 831 2968 ἀποστόλων
851 2907 1048 2986 σημαίνεσθαι
1073 2902 1128 2987 τήν
1148 2906 1253 2988 σχίσιν.
1302 2913 1372 2972 mv
1393 2906 1449 2992 γάρ

293 2999 418 3066 ηκαίτοι
442 3003 595 3085 αἰσθητῶν
616 3002 736 3069 τιάντοιν
760 3014 886 3071 ποιεῖται
907 3003 960 3089 τήν
978 3004 1138 3092 πρόνοιαν,
1170 3010 1221 3072 καί
1241 3004 1355 3090 δμοίως
1371 3011 1448 3092 μέλει

292 3101 371 3193 αότρῖ
389 3106 456 3188 περὶ
473 3103 598 3170 πάντων.
646 3104 691 3170 Οά
708 3104 762 3192 γάρ
781 3105 941 3184 ἀντιθέτως
958 3105 977 3173 ό
992 3107 1154 3184 ἀπόστολος
1170 3107 1247 3194 πρός
1262 3109 1315 3176 τόν
1332 3117 1448 3196 σωτῆρα

291 3208 433 3291 ἰγραφεν,
463 3210 514 3272 ίνα
535 3208 631 3284 οὕτως
648 3213 890 3295 προφασίσοινται
912 3214 943 3276 οί
960 3215 1069 3276 πολλοί.
1114 3214 1290 3298 Μικριίτερα
1310 3212 1367 3299 γάρ
1389 3221 1448 3278 τᾶν

290 3313 371 3391 βοοῖν
386 3307 422 3373 τά
437 3314 598 3395 στρουθία,
621 3315 688 3397 περί
707 3304 749 3376 τόν
767 3309 785 3377 ό
801 3310 898 3397 σωτήρ
916 3314 1010 3399 έλεγεν
1028 3311 1089 3392 δτι,
1114 3316 1207 3379 Πέντε
1222 3321 1372 3400 στρουθία
1387 3342 1447 3382 πιε-
1533 3385 1534 3406 ἢ

168 3442 218 3486 τις.
232 3433 277 3477 εει.
290 3419 381 3476 λεῖται
395 3409 541 3497 ἀσσαρίων
554 3411 620 3493 δόο,
643 3417 693 3479 καί
706 3413 804 3494 πόλιν,
831 3412 904 3498 Οὐχί
921 3415 976 3482 δύο
992 3419 1137 3500 στρουθία
1150 3425 1287 3483 πωλεῖται
1303 3416 1446 3504 ἀσσαρίου
1533 3425 1534 3428 ’

290 3513 372 3592 ένόςς
407 3518 491 3580 ’4θί
512 3507 567 3580 οὖν
595 3514 650 3582 δύο
674 3521 820 3601 στρουθία
843 3525 980 3584 πωλεῖται
1005 3515 1147 3604 ἀσσαρίου
1172 3517 1252 3598 ένδς,
1283 3522 1337 3586 καί
1355 3526 1390 3587 ἓν
1417 3523 1446 3599 ἐξ

291 3613 388 3681 αὐτῶν
404 3613 442 3681 οτί
457 3625 586 3684 πεσεῖται
600 3620 642 3694 εἰς
657 3623 768 3704 παγίδα
782 3618 853 3686 ἀνευ
868 3627 921 3686 τοῦ
936 3619 1047 3706 πατρός
1065 3618 1150 3705 ἀμῶν
1162 3629 1217 3687 τοῖν
1232 3625 1266 3689 ἰν
1279 3632 1345 3701 τοῖς
1359 3621 1445 3709 οάρα·

289 3728 367 3798 νοῖς,
398 3715 476 3802 όμοῦ
497 3721 550 3802 μέν
565 3720 684 3787 πόντων
699 3732 836 3808 προνοεῖ,
868 3729 925 3788 τοῖν
942 3725 975 3788 δλ
991 3723 1131 3807 μειζόνων
1148 3727 1340 3808 ἰπιμελεῖτιιι,
1371 3725 1445 3794 m&

289 3820 322 3888 τό
338 3828 436 3905 μεῖζον
451 3818 531 3898 ελδος
546 3828 599 3906 τῆς
612 3832 813 3908 πνευματικῆς
828 3823 1023 3903 ἀκολουθίας·
1047 3825 1112 3904 ἀςά
1125 3820 1180 3894 οδν
1195 3831 1227 3894 ἰκ
1245 3827 1359 3907 παντός
1372 3828 1444 3912 δμο·
1533 3905 1534 3908 ¹

287 3934 414 4012 λογεῖται
428 3921 479 3989 τόν
497 3922 588 3990 αάτδν
602 3926 725 4011 ποιητήν
740 3931 790 3992 καί
804 3926 988 4015 δημιουργόν
1002 3932 1053 3995 καλ
1067 3931 1238 4014 νομοθέτην
1250 3940 1379 4010 παλαιᾶς
1393 3935 1445 3998 καί
1533 3953 1534 3958 ’

288 4036 391 4112 καινῆς
411 4027 561 4112 διαθήκης
581 4027 652 4096 ἀντα
673 4030 747 4096 θεόν
769 4029 887 4117 ἀγαθόν
908 4056 938 4096 τι
959 4033 1011 4096 καλ
1032 4037 1148 4100 δίκαιον
1169 4035 1219 4099 καί
1241 4040 1302 4099 τιῖν
1323 4035 1444 4102 πάττιιν

289 4157 401 4218 κυριον.

324 4354 362 4407 18.
381 4361 416 4408 na
433 4361 470 4408 εδ.
484 4360 564 4408 Ριῖου.
580 4371 609 4408 ιιι
625 4360 675 4409 τοο.
693 4361 765 4410 Vatia.
799 4361 844 4409 Εδ.
913 4360 955 4412 θθ.
973 4364 1066 4425 nepem
1082 4360 1169 4416 κτίσιν.

288 4426 362 4486 princ.
379 4427 445 4475 λοοιί
461 4421 630 4492 δμοίίγηοας.
913 4429 955 4483 21.
972 4432 1088 4493 ἰλιιττίμιι·
1104 4424 1182 4498 ἄλλῃ,
1206 4429 1291 4484 εἶκαὶ
1308 4430 1345 4498 μή
1362 4439 1442 4496 μαυ-

326 4487 363 4540 19.
381 4489 435 4544 ἐπεὶ
452 4491 575 4546 ἐδείκνυεν
592 4495 627 4544 ιδ.
641 4495 723 4544 Ρτιου.
744 4509 773 4546 τι
793 4498 843 4547 τοδ.
880 4500 942 4546 ἰοκλι
956 4503 1076 4548 τεαίιιιλίο.
1103 4499 1169 4550 uun·
1183 4499 1266 4551 λοδτπλ
1280 4495 1345 4556 ἀλλά
1361 4500 1442 4554 τίααλ

292 4559 364 4608 Vasta.
399 4555 552 4612 ἐπεδείκνυεν
567 4563 621 4612 edit.
635 4565 710 4625 princ.
855 4561 925 4630 ’μή
