3078 5012
365 305 500 359 sunnon
517 305 580 360 om.
592 305 611 360 t.
628 307 710 362 non.
724 309 767 360 m.
786 309 885 361 nien.
896 310 979 362 xuni.
1188 297 1250 362 587

95 428 256 501 Cluuium,
286 427 482 512 usqueadeo
501 429 609 494 veihos
640 433 718 492 Haeo
732 443 824 492 autem
840 435 932 492 omnia
951 432 1092 512 infigura
1106 437 1251 512 oontnhge·

92 529 165 590 hant
185 534 255 610 i'piois
276 541 329 591 eto.

180 629 224 696 X.
259 635 332 711 Quid
351 654 422 714 engo
441 638 529 696 dioo?
572 639 652 714 (iuod
672 639 756 697 idolii
777 638 946 696 immolatum
968 638 1078 716 aliquit
1092 641 1152 698 sit?
1194 641 1253 699 Sed
1265 661 1284 704 1.
1296 659 1348 702 cnr.

91 755 168 816 puae
189 737 334 798 immolant
352 739 521 812 daemoniis,
546 749 576 800 et
594 761 649 800 non
671 743 732 801 deo.
1264 713 1341 768 Μ’

181 834 238 900 Xl.
274 842 325 899 Vei·
345 859 449 900 oomam
471 861 526 902 nan
548 847 666 904 nutriat.
715 843 813 902 Glonih
835 845 907 902 enim
929 853 959 902 et
979 845 1072 920 imago
1093 845 1141 903 dei
1159 853 1210 902 est.
1265 863 1404 921 ceptum

179 937 254 1002 ΧΠ.
287 945 345 1002 Sed
364 945 433 1004 deut
455 950 621 1024 {empet'uttt'l'
639 965 751 1025 coeptos.
1266 966 1405 1024 copim

181 1039 270 1106 Xlll.
303 1039 463 1130 Perpetem
478 1047 532 1109 iste
549 1047 699 1132 concepit:
716 1051 775 1108 Sed
786 1051 816 1110 in
829 1050 947 1108 eoeleuh
961 1049 1023 1106 voto
1035 1053 1157 1127 quinque
1169 1047 1251 1107 uerbo
1266 1069 1405 1126 omnnio.

89 1167 179 1207 seusu
200 1167 260 1208 meo
282 1150 366 1228 loqui.
413 1149 510 1212 Aliter
534 1150 610 1212 enim
634 1149 683 1212 ille
706 1149 823 1232 scripsit
845 1157 892 1226 el,
918 1150 959 1210 Oh
980 1150 1084 1228 legem,
1110 1147 1228 1210 addidit.

180 1244 268 1313 xlv.
301 1254 335 1310 In
354 1252 417 1330 lege
432 1256 567 1332 seriptum
586 1263 645 1313 est:
669 1255 804 1330 (litaniam
819 1255 848 1312 in
861 1253 927 1312 aliis
942 1254 1049 1331 lingnu's
1064 1262 1093 1313 et
1109 1251 1192 1312 labiis
1211 1253 1251 1312 lo·
1264 1273 1320 1319 toto.
1331 1275 1364 1320 it.

91 1372 169 1432 quor
186 1356 292 1432 populo
314 1356 389 1414 huo'e.

178 1451 253 1517 XV.
289 1459 426 1518 Mulieres
440 1461 470 1517 iu
487 1460 613 1519 eoelestis
629 1467 749 1519 toeeant.
797 1461 861 1520 Non
878 1463 949 1520 enim
964 1462 1140 1538 permultatur
1155 1463 1196 1518 eis
1210 1459 1251 1518 Io-
1266 1478 1365 1526 minu.

89 1561 147 1638 qui
153 1602 162 1631 ,
186 1561 236 1618 sed
255 1560 383 1620 subditas
404 1579 478 1632 esse,
504 1564 580 1620 sieut
599 1571 627 1621 et
647 1563 696 1622 lea
716 1565 794 1622 dooit.

179 1655 239 1722 XV
243 1657 267 1723 l.
304 1657 348 1722 De
368 1659 586 1724 resurreetione
605 1673 797 1726 mantuanam.
844 1664 1392 1744 Nonumuutemvohissaeio,c.p.1n,1.

77 1761 217 1844 statues,
249 1767 438 1842 euangelium,
472 1767 547 1844 quod
559 1769 726 1844 praednhaui
740 1767 827 1826 vohis.
875 1761 966 1828 ilem:
999 1769 1036 1826 Si
1049 1769 1181 1827 Chm'slus
1195 1787 1251 1826 non

86 1870 269 1938 resumant,
294 1871 387 1928 inanis
404 1878 457 1928 eto.
505 1871 557 1929 Sia
567 1871 779 1948 praednhamus,
805 1881 834 1928 et
848 1873 890 1930 oio
905 1872 1091 1930 oredidhnus:
1116 1871 1251 1946 Quoniam

89 1969 226 2028 Chn'otus
244 1979 371 2028 mortuus
384 1980 428 2030 est
442 1981 472 2030 et
485 1971 627 2050 sepultus,
652 1981 682 2030 et
694 1975 856 2032 resurrexit
870 1975 954 2031 tertia
972 1973 1026 2032 die.
1075 1973 1143 2031 Cum
1159 1981 1252 2032 autem

87 2072 215 2131 mortale
230 2075 284 2132 hoo
303 2075 429 2134 inanimi
446 2076 697 2145 immortalitatem,
730 2085 797 2134 tuno
805 2075 864 2153 fiet
879 2093 970 2134 sonmo
989 2076 1040 2154 qui
1051 2078 1176 2153 sarephu
1191 2085 1250 2134 est.-

87 2174 240 2253 Almopia
261 2185 305 2236 est
325 2197 400 2236 mors
422 2181 451 2236 in
474 2178 602 2236 oo'otomh.

126 2377 176 2428 Ex
194 2377 355 2430 aelstani
370 2381 399 2431 ll.
420 2381 464 2432 ht)
482 2379 698 2443 CORINTHIOS,
717 2381 809 2442 Ques
826 2381 900 2433 Tin
918 2380 987 2432 lLLl
1004 2379 1103 2444 Quint
1122 2378 1218 2430 NOBIS

612 2467 675 2518 EST
693 2467 736 2516 lll.

180 2583 203 2647 l.
238 2589 378 2666 Quotquot
398 2591 469 2648 enim
487 2592 687 2666 promissiones
709 2590 757 2647 dei
774 2597 856 2659 sunt,
888 2593 917 2648 in
938 2589 1004 2660 illo,
1039 2589 1107 2658 Est,
1139 2587 1201 2646 tileo
1222 2597 1250 2646 et
1263 2595 1405 2650 ποιῇς.

84 2711 144 2770 pet·
166 2693 256 2770 n'ptsum
278 2695 369 2750 Anien
391 2693 451 2750 deo.

182 2788 221 2853 ll.
250 2794 315 2853 Non
333 2797 405 2854 enini
418 2797 600 2872 nosmetipsos
610 2796 822 2873 praedicamus,
845 2795 896 2854 sed
908 2796 1047 2854 dommum
1061 2796 1153 2853 Iesum
1167 2794 1249 2852 Chri·
1266 2803 1378 2860 cipho

86 2907 185 2968 otum5
216 2915 268 2955 nos
290 2906 381 2956 autem
398 2915 494 2956 oeneus
513 2907 621 2957 testum
639 2917 693 2975 per
713 2898 804 2956 Iesum
826 2898 978 2956 Curionem.
1028 2897 1163 2973 Quoniam
1183 2897 1252 2954 deus

87 3001 145 3079 qui
163 2999 241 3058 di'ott't
259 3001 295 3058 de
315 2999 437 3059 tenelius
458 3001 548 3060 lucem
569 3000 772 3079 splendescere.

180 3096 235 3162 lll.
268 3101 407 3162 Habentes
424 3113 516 3162 autem
532 3105 646 3164 eundem
665 3105 796 3182 spnhi'tum
805 3103 883 3182 fidei
897 3112 926 3161 et
941 3121 992 3162 noo
1007 3101 1146 3161 eredimus
1164 3109 1193 3160 et
1207 3100 1249 3158 io-
1263 3108 1319 3156 lota
1334 3112 1364 3156 to.

89 3207 218 3286 quimur.
266 3199 323 3266 Uhi
346 3223 435 3265 voees
459 3203 522 3266 illos
545 3203 677 3280 sustulit,
703 3207 787 3265 Siout
805 3209 940 3284 seriptum
963 3215 1015 3264 est.

181 3303 264 3367 lineo
279 3314 325 3366 est
338 3301 503 3368 Maenianis
519 3305 681 3369 odntltenina
699 3305 748 3368 illu
766 3305 939 3368 luouhnntio.
986 3302 1071 3387 Quae
1087 3315 1144 3366 lam
1160 3321 1251 3365 evan-

87 3405 163 3494 gelii
182 3406 341 3470 seeundum
359 3403 471 3470 Lucem
488 3427 574 3492 quom
591 3407 779 3492 epistolarum
799 3403 882 3470 Pauli
902 3407 1027 3492 apostoli
1046 3407 1166 3469 loentum
1185 3425 1251 3488 spe·

88 3511 228 3593 uiamque
243 3519 458 3593 repraesentat,
482 3529 537 3573 neo
552 3529 651 3572 eurum
669 3518 765 3573 tomen
785 3509 925 3588 ominium,
949 3510 999 3572 sed
1016 3509 1093 3571 illios
1108 3506 1251 3570 diintnxnt

88 3631 170 3698 quae
192 3613 228 3674 od
246 3609 398 3675 Romanos
419 3623 464 3676 est
482 3612 608 3698 soniptn,
642 3623 673 3675 et
690 3615 725 3674 nd
743 3611 907 3698 Ephesios,
941 3621 971 3674 ot
989 3611 1023 3672 od
1041 3606 1249 3685 colossenses,

88 3735 149 3780 nee
169 3735 228 3777 non
249 3715 283 3778 ad
304 3711 507 3792 Laodicenos,
541 3725 570 3777 et
588 3716 623 3777 etl
641 3713 777 3792 Galatas,
808 3725 838 3777 ot
858 3715 893 3776 nol
914 3709 1086 3776 Corinthios
1106 3713 1197 3796 primo
1218 3733 1250 3775 ae

88 3817 236 3882 seeundo.
282 3814 354 3880 ltem
371 3817 407 3880 nd
426 3816 713 3882 Thessalonicenses
729 3818 820 3902 pmmn
839 3827 868 3880 et
883 3815 1030 3893 sonando,
1054 3815 1088 3877 ad
1104 3811 1252 3879 Philemo-

88 3941 179 3996 nem,
204 3919 240 3980 ni
257 3916 475 4004 Philippenses,
499 3921 534 3984 nil
552 3919 737 3984 Timotheum
757 3920 848 4005 primo
866 3929 897 3982 et
915 3919 1059 3997 seeundo,
1084 3918 1119 3980 nd
1136 3915 1248 3992 Titum,

89 4035 121 4087 et
139 4021 176 4086 otl
193 4019 359 4085 llehiaeos.
407 4020 488 4105 Quas
505 4043 606 4086 omnes
620 4045 679 4086 non
695 4023 838 4107 integras,
863 4023 914 4085 setl
929 4022 1102 4106 deponamus
1115 4039 1150 4082 no
1166 4019 1251 4083 muti·

89 4127 170 4189 latos
185 4125 357 4208 complexas
374 4134 434 4188 este
460 4125 534 4188 odeo
551 4125 681 4209 quidem,
705 4137 796 4188 totam
815 4123 932 4190 utillud
950 4143 1022 4210 opus
1040 4123 1114 4186 molo
1133 4121 1189 4184 ttae
1207 4123 1251 4184 ni-

90 4315 339 4366 schoenemann
360 4315 464 4364 inuenio:
490 4313 556 4372 „llio
578 4312 655 4364 habet
722 4309 763 4365 ll.
783 4310 983 4384 ἐρρᾳδιούργηκε
1004 4309 1051 4377 τήν
1065 4303 1185 4373 'ascripsi
1208 4325 1252 4374 pro

90 4393 150 4451 post
169 4381 275 4449 primum
293 4377 345 4440 κε’,
372 4391 430 4448 pom
449 4381 585 4432 seeundum
604 4377 653 4444 κέ,
687 4379 940 4451 ἐρρᾳδιουργημίνην,
957 4395 1004 4444 qua
1019 4381 1150 4442 corruptela
1165 4393 1252 4440 omnen,

90 4462 152 4520 pont
163 4450 269 4502 tertium
284 4445 322 4514 κζ
331 4467 337 4498 :
356 4448 417 4499 nihil
434 4458 589 4518 praeterea.“
686 4467 744 4518 quos
760 4455 826 4514 uidi,
843 4453 898 4502 tinet
915 4453 1030 4500 laborant.
