3078 5012
306 251 367 312 614
727 255 846 310 emm
863 249 1045 311 lemma.

312 385 321 422 ¹
336 372 462 461 ἀρχαίων
475 370 510 437 τό
525 369 690 458 ἀντίγραφα
702 353 911 461 προφερόμενδ
922 374 1144 460 ιῖσφαλεσμέγως
1156 379 1258 461 έχοντα
1269 379 1374 465 έλέγχει
1383 377 1454 456 τοδς

309 476 451 562 ἄφρονας.
498 474 600 552 Οδτως
622 477 672 541 καὶ
694 473 753 543 ἀπό
774 485 828 543 τοῦ
847 483 999 561 βασιλικοῦ
1015 483 1117 560 οίκου,
1146 481 1276 546 τουτέστι
1296 487 1350 564 τῆς
1371 479 1453 567 α’·γίας

309 586 363 645 τοῦ
376 585 453 644 θεοῦ
467 580 619 660 ἐκκλησίας
633 579 855 665 προφερόμενον
865 579 899 648 τό
915 567 1079 669 εόαγγέλιον
1089 582 1195 669 ’έλέγχει
1206 583 1278 660 τοδς
1290 581 1453 665 ἀφονιστδς

309 688 368 748 τῶν
388 687 484 747 καλῶν
505 679 676 764 ἐνδυμάτων
697 680 783 766 μύας.

392 783 476 868 hm.
493 782 549 850 λθ’.
586 783 700 867 Ταότην
715 785 747 850 δέ
760 787 910 874 θυγατέρα
919 783 1062 873 Ἅβραάμ,
1084 786 1146 871 έῆν
1159 789 1261 872 έδησεν
1277 786 1296 855 ό
1310 793 1453 866 Σατανᾶς.

377 987 492 1076 Ἔλεγχ,
508 986 564 1053 λθ’.
596 991 639 1054 Εἰ
656 995 709 1072 τῆς
726 991 877 1079 θυγατρός
899 997 953 1058 τοῦ
966 989 1098 1079 Ἀβραάμ
1121 995 1293 1076 ἐπιμελεῖται
1317 991 1416 1059 έλθιδτ
1438 990 1455 1058 δ

310 1092 428 1179 κόριος,
459 1089 517 1157 οόκ
540 1089 688 1180 ἀλλότριος
710 1092 801 1160 αὐτοῦ
825 1098 902 1161 ἐστιν
924 1092 1066 1182 Ἀβραάμ.
1113 1092 1265 1181 Ὁμολογεῖ
1283 1094 1340 1182 γδρ
1365 1093 1456 1161 αάτδε

311 1195 390 1286 αότρλ
412 1193 648 1281 εὐαρεστηκέναι,
679 1192 779 1262 οέκτον
802 1201 843 1274 είς
867 1196 921 1282 τὴν
944 1195 1035 1264 αὐτοῦ
1056 1199 1207 1284 θυγατέρα
1228 1197 1456 1281 ἐνδεικνύμενος.

394 1297 479 1381 Σηόλ.
496 1296 534 1380 μ’.
568 1299 729 1383 Παρέκοψε
746 1297 834 1365 πόλιν
850 1298 900 1380 τό,
927 1300 998 1366 Τότε
1015 1298 1129 1382 ὄψεσθε
1145 1297 1278 1385 Ἅβραάμ
1292 1304 1344 1367 καί
1359 1300 1456 1366 Ἱσαδι

311 1404 362 1468 καλ
372 1397 487 1484 Ἰοκοδβ,
504 1402 553 1466 καί
568 1399 680 1477 πάντας
693 1399 764 1478 τοδς
775 1400 940 1488 προφήτας,
960 1403 991 1468 έν
1003 1408 1040 1492 τῇ
1054 1407 1184 1491 βασιλείᾳ
1196 1410 1251 1469 τοῦ
1262 1411 1345 1468 θεοῦ.
1379 1402 1459 1468 ‘Ani

311 1507 343 1570 δὲ
358 1504 466 1570 τούτου
483 1505 632 1585 έποίησεν,
653 1501 723 1569 Ὅτε
741 1503 853 1582 πόντος
876 1504 946 1582 τοδς
962 1508 1098 1582 δικαίους
1115 1508 1196 1588 ίδητε
1218 1509 1251 1572 έν
1272 1513 1307 1596 τῇ
1324 1510 1458 1596 βασιλείᾳ

311 1614 365 1674 τοῦ
379 1614 471 1686 θεοῦ,
500 1603 579 1689 ἀμᾶς
594 1606 626 1671 δέ
643 1608 879 1690 ἐκβαλλομένους.
926 1610 1137 1693 8Προςτέθηκε
1152 1609 1199 1688 δέ,
1229 1611 1459 1694 Κρατουμέευυς

312 1713 382 1791 έξω,
407 1710 496 1787 4καί,
518 1708 604 1774 Ἐκεῖ
624 1710 728 1775 ὅἔσται
749 1708 767 1776 ό
784 1710 939 1794 κλαυθμός
959 1716 1011 1776 καί
1031 1709 1048 1776 ό
1070 1709 1202 1797 βρυγμδς
1221 1718 1280 1776 τῶν
1295 1707 1438 1778 ὀδόντων.

192 1838 300 1900 mm.
390 1809 508 1897 Ἔλεγχ.
526 1809 561 1894 μ’.
596 1816 670 1887 Παῖς
691 1812 726 1877 τό
751 1816 816 1896 έχυη
839 1819 893 1896 τῆς
914 1812 1056 1896 ἀληθείας
1080 1817 1219 1895 φαίνεται.
1265 1811 1309 1878 Οό
1331 1812 1391 1899 γάρ
1416 1841 1461 1891 τις

312 1915 384 1984 ὁδόν
400 1913 522 1981 δύναται
540 1911 722 1999 ἀποκρύψαι.
768 1921 924 1998 Πλανῆσαι
941 1917 994 1999 μέν
1011 1914 1066 2002 γάρ
1086 1913 1268 2002 ἀνθρώπους
1282 1913 1408 1982 δόναταε
1431 1921 1460 1996 έξ

314 2017 420 2104 αὐτῆς,
448 2019 499 2084 καὶ
521 2015 696 2103 ἀποκρύψαι
717 2015 810 2101 αὐτὴν
831 2015 890 2083 ἀπδ
908 2025 966 2085 τῶν
983 2017 1185 2106 ἀγνοούντων,
1218 2016 1277 2085 ἀπδ
1298 2019 1330 2084 δέ
1344 2025 1411 2084 τῶν
1430 2024 1462 2086 έν

313 2127 399 2211 πείρᾳ
415 2119 506 2204 αὐτῆς
519 2120 681 2206 γεγονότων
696 2117 848 2186 ἀδύνατον.
895 2119 940 2186 Οό
955 2120 1010 2207 γάρ
1026 2121 1149 2187 δόναται
1166 2121 1220 2206 την
1236 2130 1304 2208 γῆν,
1326 2123 1407 2187 ἔνθα
1423 2117 1463 2207 ἦν

313 2223 334 2310 ἦ
348 2224 433 2305 όδδς,
456 2223 612 2306 ἀφανίσαι,
634 2221 691 2289 κάν
705 2248 735 2288 τε
750 2219 843 2306 αὐτὴν
857 2223 1035 2314 ἀμαυρόση,
1057 2231 1111 2290 τοῦ
1124 2249 1155 2290 τε
1167 2223 1262 2291 τόπου
1275 2227 1460 2311 παραμένον-

314 2355 365 2405 τος
385 2336 438 2412 τῆς
456 2325 528 2393 όδοῢ
550 2324 609 2392 ὖπό
632 2333 691 2392 τῶν
706 2326 908 2412 γινωσκόντων
925 2329 1065 2412 ἐλέγχεται
1086 2324 1105 2392 ό
1122 2325 1175 2410 τήν
1192 2324 1265 2392 όδδν
1282 2328 1461 2415 ῥᾳδιουργή-

316 2455 376 2508 σας.
410 2430 491 2516 Ὅρα
511 2428 548 2512 δὴ
569 2427 605 2494 τά
622 2432 687 2512 ἴχνη
708 2436 760 2512 τῆς
776 2427 964 2507 ἀκολουθίας.
1012 2427 1070 2495 Τόν
1086 2429 1141 2516 γάρ
1158 2429 1246 2515 λόγον
1260 2436 1365 2496 τοδτον
1381 2430 1462 2518 πρός

314 2539 379 2599 τίνα
394 2535 503 2618 έλεγεν,
525 2528 583 2595 ἀλλ’
597 2529 618 2614 ἢ
632 2530 708 2617 πρός
722 2529 791 2608 τοδς
803 2529 980 2610 Ἰουδαίονςς
1002 2533 1052 2597 καὶ
1069 2535 1096 2596 εί
1109 2531 1186 2618 πρός
1200 2529 1271 2608 τοδς
1284 2529 1460 2612 Ἰουδαίους,

315 2635 373 2719 ἤδη
387 2637 493 2712 ἔδειξεν
507 2631 616 2710 αότοδς
629 2637 725 2713 ἔνδον,
745 2636 797 2699 καὶ
810 2637 1039 2718 ἐκβαλλομένους
1052 2631 1111 2700 ἀπδ
1126 2641 1186 2699 τεόν
1201 2638 1330 2700 δικαίων.
1377 2641 1461 2712 Τίνες

317 2738 342 2803 δ’
360 2735 396 2802 ἀν
412 2734 484 2816 εἷεν,
514 2734 610 2819 ἀλλ’ἢ
627 2740 658 2802 οἱ
670 2733 767 2802 αάτοῑν
784 2740 920 2824 πατέρες,
946 2735 1079 2824 Ἆβραάμ
1096 2737 1147 2802 καί
1162 2733 1260 2802 Ἰσαάιι
1276 2738 1327 2802 καλ
1344 2735 1460 2820 Ἰοαεάβ,

315 2843 366 2906 καί
381 2843 548 2926 προφήταις
585 2836 630 2902 Οό
645 2836 700 2925 γάρ
716 2836 810 2920 εἶπεν,
832 2838 970 2920 Ὀψεσθε
985 2843 1118 2916 δικαίους
1132 2840 1362 2924 είςεργομένους,
1384 2843 1459 2906 *καλ

314 2941 393 3026 όμᾶς
410 2939 451 3026 μη
469 2942 697 3026 είςερχομένους,
726 2939 799 3021 ἀλλ’,
820 2941 957 3025 Ὀφεσθε
975 2940 1044 3018 τοδς
1059 2945 1192 3018 δικαίους
1214 2944 1246 3007 έν
1266 2949 1304 3032 τῇ
1319 2945 1459 3031 βασιλείᾳ,

314 3043 392 3129 όμός
408 3046 440 3110 δέ
457 3043 695 3126 έκβαλλομένους.
740 3046 801 3108 Καί
817 3047 884 3130 περὶ
900 3045 953 3128 μέν
970 3052 1023 3110 τοῦ
1037 3043 1308 3132 Ἐνκβεελλομένους,
1339 3051 1458 3130 7μελλη-

313 3155 400 3225 τικως
415 3144 598 3230 ἀπεφήνατο,
613 3144 683 3222 τοδς
695 3147 727 3212 δέ
742 3150 875 3223 δικαίους
887 3145 945 3230 ἤδη
960 3145 1047 3224 όντας
1059 3145 1207 3223 ἀπέδειξεν
1221 3144 1277 3212 οάκ
1291 3145 1458 3234 ἀλλοτρίους

312 3249 425 3316 τούτων
447 3247 521 3315 κατά
544 3248 599 3332 την
620 3246 727 3333 σόρκα,
756 3247 825 3315 ον’δδ
846 3249 922 3314 κατά
942 3249 996 3334 τὴν
1016 3256 1135 3333 κλῆσιν,
1166 3245 1236 3314 ἀλλά
1257 3248 1330 3332 μετὰ
1350 3247 1459 3316 τούτων

312 3356 475 3436 κληθέντας
495 3350 565 3427 τοδς
585 3349 643 3434 ἤδη
661 3353 905 3434 δεδικαιωμένους
926 3350 984 3438 πρό
1002 3359 1055 3436 τῆς
1073 3349 1218 3437 ένσάρκου
1236 3350 1333 3418 αάτοῦ
1348 3377 1455 3436 παροτ-

312 3461 383 3532 σίας.
428 3458 471 3520 El
490 3455 522 3519 δέ
543 3456 592 3519 καί
610 3456 664 3531 ἔξω
682 3456 836 3538 μένοντας,
866 3452 906 3532 οδς
921 3461 982 3521 τόν
999 3456 1134 3540 πατέρων
1150 3455 1207 3520 έσω
1223 3452 1333 3534 όντων,
1365 3453 1458 3520 πόθεν

311 3559 344 3624 δέ
359 3555 491 3644 βρυγμός
505 3553 638 3623 ὀδόντων
650 3560 761 3643 γίνεται
776 3559 809 3624 έν
820 3565 857 3647 τῇ
870 3562 980 3645 κρίσει,
1002 3551 1027 3622 ἀ
1043 3554 1158 3640 ἠλίθιε,
1181 3554 1232 3622 έάν
1248 3555 1290 3640 μὴ
1305 3555 1458 3634 ἀνάστασις

312 3658 455 3742 σωμότων
474 3660 607 3746 γένηταις
862 3745 864 3750 Ι

395 3761 481 3846 Σχόλ.
498 3761 555 3845 μα’.
589 3763 750 3847 Παρέκοψε
766 3760 853 3828 πόλιν
869 3760 920 3842 τό,
940 3761 1084 3841 Ἣξουσιν
1099 3759 1159 3828 ἀπό
1176 3759 1325 3828 ἀνατολόόν
1341 3763 1389 3829 ταί
1406 3764 1455 3826 δο-

311 3873 407 3952 σμοῖν,
430 3867 479 3931 καλ
496 3862 741 3947 ἀνακλιθήσονται
756 3868 788 3932 έν
804 3871 840 3955 τῇ
854 3869 997 3954 βασιλεία·
1020 3867 1070 3930 καὶ
1084 3863 1134 3945 τό,
1158 3867 1198 3930 Οἱ
1212 3867 1325 3948 ἔσχατοι
1343 3868 1455 3932 έσονται

310 3977 435 4057 πρῶτοι·
464 3970 515 4033 καί
531 3964 580 4045 τό,
612 3973 792 4050 Προςῆλθον
816 3971 1000 4053 ὓΦαρισαῖοι
1021 3970 1164 4056 λέγοντες,
1186 3965 1318 4045 Ἔξελθε
1333 3969 1380 4034 καλ
1402 3993 1455 4033 πο·

309 4072 415 4160 ρεόου,
437 4069 481 4136 ὅτι
494 4067 629 4154 Ἡρώδης
644 4089 675 4134 σε
691 4072 771 4136 θέλει
786 4067 970 4136 ἀποκτεῖναι·
992 4073 1043 4136 καὶ
1063 4070 1135 4150 οτό,
1160 4073 1362 4157 Πορευθέντες
1374 4073 1456 4134 εἶπα·

309 4203 339 4241 τε
361 4181 398 4266 τῇ
417 4170 546 4240 ἀλοόιτεκι
562 4169 669 4260 ταύτῃ,
698 4174 754 4250 ἕως
779 4173 901 4240 ιοὅπου
924 4170 1018 4251 εἶπεν,
1051 4171 1115 4240 Οόκ
1136 4175 1279 4258 ἐνδέχεται
1299 4171 1455 4260 προφήτην

343 4367 365 4418 λ.
382 4361 489 4434 ἀρχείων
507 4365 605 4414 οοιτετλί
622 4367 738 4416 Ρείουίαι.
933 4359 959 4415 4.
975 4361 1019 4416 καί
1034 4367 1099 4416 σοιτί
1116 4367 1138 4416 λ.
1150 4369 1166 4416 λ.
1183 4369 1213 4417 σθ
1230 4368 1309 4430 λίοείε,
1331 4371 1379 4418 λοι
1396 4369 1454 4418 κατ’·

341 4433 366 4481 2.
383 4427 415 4498 ἣν
431 4447 504 4495 ευριπ
521 4433 673 4484 δειίδετοίυτ.
898 4437 946 4496 φίλι
962 4447 1034 4496 quum
1050 4435 1133 4497 εδλίίες
1149 4435 1188 4487 εεδ
1204 4449 1277 4498 supra
1293 4439 1362 4486 ετίοί.

342 4497 367 4552 δ.
386 4502 465 4564 Supra
486 4496 594 4566 έποίηαε.
933 4501 958 4552 θ.
975 4503 1055 4564 snpra
1075 4497 1149 4556 έστιν.
