3110 4984
377 301 513 351 ruuunu
530 301 594 350 uro.
607 303 625 351 r.
644 299 726 352 rou.
743 301 776 351 n.
793 299 891 352 nunu.
906 299 1004 354 xxiv.
1202 289 1260 352 lot

100 421 134 482 ed
154 429 269 505 putrern
288 439 372 484 suun
396 437 536 483 rererrus
552 429 609 484 ert.
656 416 714 483 llic
736 417 814 482 eninr
833 429 878 483 est
901 419 992 503 putris
1013 409 1063 482 ille
1082 437 1259 484 concerno

99 519 384 598 amonicione,
416 521 463 605 qni
487 521 522 584 ed
544 541 629 607 opem
646 521 772 584 humano
794 523 896 604 generi
921 521 1068 584 lerrndern
1092 521 1257 584 submissus

98 635 159 698 est,
185 633 308 708 propter
325 643 390 686 erun
407 643 494 706 quern
512 622 591 686 inter
605 624 738 686 homines
756 623 876 707 perinde
897 635 984 707 etqrn
999 623 1121 706 angelos
1140 635 1255 709 pertur-

97 723 244 788 bationem
260 723 399 788 coelestis
415 725 773 810 petereuiruedverteret.
817 725 917 809 Atque
930 726 1020 805 idern,
1046 725 1150 809 inquit,
1174 727 1255 789 selus
1343 744 1348 754 ’

96 839 141 889 eet
159 837 285 902 nostre,
308 826 356 910 qui
373 825 402 890 iu
419 825 556 890 mnndum
573 827 671 905 verrit,
695 827 825 910 uotisque
842 826 927 890 nobis
943 826 1018 890 lruuc
1036 827 1079 890 rei
1100 828 1273 898 veritatem¹

97 929 224 1014 aperuit.
272 927 366 994 Tales
386 941 456 992 cunt
476 951 494 994 ο
513 927 659 992 nebulone
674 929 732 992 istu
748 928 970 993 consarcinatae
990 929 1116 994 lubulee.
1163 928 1255 993 Dein·

97 1051 165 1116 ceps
186 1049 262 1093 vero
279 1051 468 1114 progressuro
491 1031 539 1095 illu
559 1031 728 1116 impuritate
748 1029 897 1114 capiente,
921 1031 1005 1095 cuius
1024 1041 1128 1094 auctor
1148 1028 1252 1095 Sinon

99 1133 167 1210 luit,
203 1132 313 1196 nullum
341 1154 399 1196 non
427 1133 579 1218 pravitatis
605 1133 789 1217 libidinisque
809 1153 903 1217 genus
921 1131 1087 1196 obeundum
1105 1133 1254 1216 discipulis

97 1234 255 1318 permittit,
278 1234 467 1320 virorumque
491 1256 527 1299 ec
544 1235 697 1298 mulierum
718 1235 902 1319 promiscuos
925 1235 1097 1298 merebitur
1114 1245 1145 1298 et
1159 1235 1253 1298 scele-

97 1347 226 1400 ntorum
246 1336 413 1420 dogmatum
429 1337 598 1422 congeriem
615 1336 812 1400 sectatoribus
835 1337 898 1402 cuis
921 1336 1067 1422 proponit.
1115 1334 1201 1418 Quod
1224 1349 1255 1400 et

96 1437 129 1500 ab
144 1439 281 1522 apostolo
302 1449 433 1502 notatum
452 1449 516 1518 est,
546 1459 611 1503 cunr
630 1437 689 1516 eit,
722 1443 757 1501 In
778 1442 824 1501 ἠὺ
839 1451 875 1501 et
895 1443 994 1501 dmm
1019 1441 1159 1502 rinr'lr‘lmr
1179 1444 1251 1500 dnm
1266 1451 1359 1498 nont.
1374 1455 1403 1496 re.

96 1543 140 1600 ra·
150 1543 281 1602 rerelurr'
291 1561 326 1602 oc
342 1545 445 1602 rirrturn
464 1545 597 1604 r'rrdr'criurr
612 1546 643 1604 r'e
658 1563 705 1603 eor
721 1547 775 1623 qud
784 1547 927 1603 ceritatem
943 1547 973 1604 r‘n
990 1546 1099 1604 emlin'n
1114 1547 1248 1604 &trum

96 1637 169 1704 Nem
189 1641 229 1704 cb
243 1662 295 1706 ees
314 1643 479 1727 voluptates
496 1641 628 1728 plerique
651 1644 687 1706 ud
704 1642 839 1708 haeresin
857 1643 1041 1721 desciscunt,
1074 1643 1123 1706 ubi
1145 1641 1253 1708 lordic-

96 1743 172 1806 sinis
194 1743 314 1828 flagitiis
335 1745 454 1829 inpune
474 1743 623 1810 libidinem
644 1763 728 1810 ruem
751 1744 872 1832 explere
895 1746 1019 1831 possint.

175 1945 348 2030 Quinetiam
373 1951 435 2013 eliu
456 1951 633 2014 documento
659 1969 713 2014 ruo
735 1960 913 2014 renatorum
939 1951 1054 2014 animos
1076 1953 1247 2035 corrumpit.
1269 1955 1328 2024 Grp-
1344 1957 1386 2008 IV.

96 2051 145 2114 Ait
159 2052 239 2114 enirn
259 2051 432 2138 martyrium
445 2051 528 2116 obire
544 2071 727 2137 nequequam
742 2063 892 2136 oportere.
940 2051 997 2136 Qui
1015 2053 1092 2116 enirn
1109 2053 1137 2114 id
1163 2053 1250 2115 tanin

96 2157 229 2216 nereede
246 2155 424 2232 cariturum,
448 2175 513 2218 cour
531 2155 560 2217 in
578 2155 642 2218 eius
656 2156 704 2239 qui
717 2149 864 2219 homiuem
882 2155 1012 2218 condidit
1030 2154 1154 2238 gratirrn
1172 2154 1248 2216 istud

96 2256 252 2340 suscipiat,
277 2267 419 2320 ettamen
439 2257 474 2320 od
496 2253 647 2320 Simonem
673 2257 721 2341 qui
740 2277 901 2343 suspensus
923 2259 952 2320 in
972 2277 1060 2320 cruce
1081 2256 1120 2322 sit
1137 2266 1248 2340 marty·

96 2357 164 2420 rium
183 2359 347 2421 referetur.
379 2355 498 2422 Etenim
517 2361 660 2422 undenum
679 2360 706 2423 ei
725 2361 883 2444 proemium
900 2357 1112 2444 expectendum
1129 2356 1178 2441 qui
1194 2379 1247 2442 pru

97 2455 215 2524 Sinone
232 2461 375 2524 cnreilixo
390 2475 515 2524 nrortcrn
531 2472 672 2546 oppetene
691 2461 720 2524 id
739 2462 833 2546 ipsum
851 2481 883 2526 se
897 2459 1007 2526 Christi
1023 2479 1130 2523 caussa
1150 2460 1246 2522 locere

95 2563 261 2644 profitetur,
285 2563 445 2647 etquidem
464 2563 653 2647 inprudens?
690 2561 767 2627 Nunr
785 2583 837 2646 pro
855 2585 892 2625 eu
909 2583 995 2648 quem
1022 2563 1137 2646 ignoret
1160 2563 1246 2624 rnorti

94 2684 156 2727 sere
174 2663 343 2727 committit.
388 2661 530 2729 Sufficere
550 2685 624 2748 ergo
648 2664 734 2729 nobie
757 2665 833 2728 istud
849 2665 953 2744 delet,
977 2684 1072 2749 neque
1092 2662 1117 2728 si
1137 2664 1246 2728 detenti

96 2766 232 2830 luerimuo
255 2765 359 2829 mortis
381 2787 475 2850 poeno
498 2765 659 2832 subeunde.

172 2865 339 2931 Enimvero
365 2867 536 2932 diabolicam
559 2871 704 2954 quendurn
725 2868 783 2932 rirn
809 2869 844 2932 erl
867 2869 1029 2932 uuinrorurn
1055 2868 1135 2932 illum
1162 2867 1245 2931 inre·
1267 2877 1326 2946 Cep.
1343 2879 1373 2928 v.

94 2966 171 3034 risse
198 2969 360 3054 perniciem
386 2969 470 3033 lacile
498 2970 768 3056 deprehendemur,
801 2970 902 3055 utqui
929 2972 1013 3034 deum
1040 2971 1157 3035 eiurure
1179 2971 1245 3034 illos
1315 3024 1317 3032 ,

94 3071 228 3150 edoceat,
253 3071 486 3156 quondoquidem
501 3073 637 3136 doninus
653 3074 717 3158 ipre
738 3072 824 3136 dicite
857 3075 915 3152 Qui
927 3079 1077 3154 erogaverit
1090 3095 1134 3136 ere
1147 3090 1242 3135 coron
1262 3079 1345 3174 iiiii

93 3173 258 3247 humine,
281 3176 431 3254 rregrrboet
445 3195 499 3255 ego
513 3195 575 3236 eum
594 3195 688 3237 rorone
701 3187 787 3256 putre
802 3197 861 3238 meo
874 3181 926 3257 pur'
939 3181 969 3238 riu
984 3179 1071 3238 eoelr'r
1089 3187 1141 3238 ert.
1189 3174 1244 3238 Ar·
1293 3163 1301 3186 '
1340 3163 1345 3174 ⁸

92 3275 162 3339 enirn
179 3285 335 3338 veterator
349 3275 489 3360 loquitur.
518 3252 599 3355 lior,
615 3277 720 3362 inquit,
740 3276 874 3342 homines
888 3297 1001 3356 cuorus,
1016 3277 1125 3341 caeteri
1141 3293 1244 3339 omues

93 3377 157 3441 niiil
173 3377 256 3442 uliud
274 3399 358 3463 quum
379 3400 449 3443 sues
466 3389 612 3443 eirenes.
650 3377 778 3464 ideoque
795 3378 934 3464 scriptun
952 3387 1014 3442 este
1038 3381 1135 3440 Nolite
1151 3382 1245 3438 eiecere
1257 3384 1396 3441 Mutum

92 3485 262 3562 angurum
283 3493 350 3542 unte
365 3501 486 3562 porcos,
516 3503 605 3564 neque
621 3485 690 3543 dure
712 3494 840 3544 rnnetcnr
860 3483 987 3545 cenrico.
1033 3475 1184 3562 Siquidem
1206 3480 1243 3540 dc

92 3603 137 3646 rue
153 3582 344 3668 improbitute
365 3581 443 3646 celet
467 3601 520 3646 eur
540 3583 588 3669 qui
612 3585 775 3668 sapientire
798 3582 930 3647 nonnilril
956 3581 1081 3658 hebent,
1114 3599 1150 3643 uc
1171 3601 1244 3644 cure

92 3686 230 3750 luntuot
245 3684 366 3748 scholae
385 3693 415 3746 et
433 3685 641 3749 circumventio
657 3705 673 3747 a
692 3707 725 3750 se
742 3684 907 3748 horninibus
926 3682 1060 3767 exponit.
1095 3678 1243 3767 Quoniam

92 3803 190 3849 revere
206 3805 282 3869 quoe
300 3786 336 3849 ub
355 3787 413 3850 illie
429 3787 567 3850 dicuntur
582 3798 612 3850 et
629 3787 716 3865 fiunt,
742 3798 826 3872 turpe
848 3797 895 3850 est
916 3783 1004 3848 etiarn
1028 3785 1137 3868 eloqui.
1184 3781 1243 3868 lgi-
1257 3795 1314 3852 dri.
1328 3799 1348 3855 u,
1364 3797 1396 3840 rr.

94 3895 134 3948 tur
148 3907 249 3950 eorem
273 3887 440 3952 homiuibus
462 3889 655 3973 profitendum
675 3908 741 3954 esee
760 3888 915 3952 veritatem
933 3887 1030 3951 docet.
1075 3885 1142 3951 Nor
1164 3888 1242 3950 eninr

94 3985 218 4054 loninee
239 4009 360 4066 oureus,
384 3991 494 4054 coeteri
512 4010 597 4054 suum
616 4009 777 4074 conumque
795 4009 935 4068 numero,
959 3990 1000 4054 uti
1018 3989 1156 4054 diximus.
1203 3985 1244 4051 Et

94 4087 327 4170 rueretrueret,
351 4101 382 4154 ut
397 4091 433 4154 de
456 4102 540 4176 petre
558 4093 702 4156 duntaxat
725 4111 893 4176 arcanoque
916 4113 972 4156 ruo
997 4093 1105 4156 uernini
1131 4090 1227 4174 signifi

94 4205 168 4271 rent,
190 4195 243 4257 sed
264 4195 383 4258 tacitum
401 4195 475 4278 apud
500 4215 534 4258 ee
557 4195 721 4273 retineant,
747 4205 798 4259 aut
821 4193 870 4258 uui
892 4196 996 4258 saltem
1020 4216 1036 4258 e
1059 4194 1184 4258 millibus
1207 4212 1242 4254 no

93 4381 273 4431 denumerare
289 4385 530 4444 enumerarentur,
713 4381 737 4432 2.
755 4381 790 4450 τῇ
814 4380 904 4435 ἑαυτοῦ
926 4383 977 4433 cod.
998 4385 1070 4434 totto.
1105 4381 1137 4446 τῇ
1164 4373 1241 4430 αὐτοῦ

98 4445 175 4528 ⁹(Jrrr.
192 4450 221 4500 V.
240 4477 272 4488 -
311 4453 333 4501 l.
352 4451 459 4500 Furtum
470 4443 554 4503 ”ditor
567 4449 646 4517 φησὶν
681 4453 826 4532 edit-Petne.
852 4445 969 4515 rioriroi
987 4451 1174 4511 ondltiediprt
1188 4449 1242 4496 edit.

92 4528 157 4582 req.
681 4533 757 4576 prore.
