3100 4984
297 275 359 342 388
644 288 650 299 ·
678 317 686 339 ,
721 285 841 338 ειαοτι
861 284 1032 336 amma

298 405 331 472 τό
351 409 381 484 ἐξ
398 403 492 470 αὐτοῦ
508 399 678 468 ότιοτιίκτον
693 401 792 480 δεξιόν
810 403 906 467 τεκαὶ
924 399 1085 485 εὐώνυμον.
1130 403 1190 466 Καί
1205 401 1367 488 ἐξανόγτιης
1380 400 1446 468 ότα-

297 507 437 593 χθησεται
452 505 485 573 τό
500 513 560 572 κᾶν
576 508 617 582 είς
630 502 663 570 τό
677 509 713 571 ἓν
727 503 778 584 όν,
801 497 839 571 οὐ
852 493 1003 572 ἀνώτατον
1016 501 1086 571 οὐδὲ
1098 506 1130 572 ἐν
1144 507 1221 570 ἐστιν
1226 555 1236 586 ,
1258 502 1327 575 οῦτε
1343 501 1446 588 ὐτιοβε·

297 609 405 696 βηκός,
433 607 500 675 οῦτε
521 607 704 689 κατώτατον,
734 611 761 672 εί
780 605 821 690 μη“
844 605 880 672 τό
902 605 952 672 ὐπ’
971 604 1063 674 αὐτοῦ
1083 609 1243 692 ἐκτισμένα.
1287 611 1349 674 Καί
1370 609 1447 674 ἐσται

296 721 383 780 τοῦτο
400 710 531 798 φανερόν
545 721 606 788 τοῖς
622 710 675 796 τήν
689 709 832 794 α’λήθειαν
845 708 1137 794 καταμανθάνουσιν,
1160 709 1206 777 ότι
1219 707 1262 787 εἷς
1275 709 1350 788 θεός
1362 711 1447 789 ἐστιν,

296 813 441 901 ότιατηρ,
471 817 522 881 καί
532 812 617 896 υἱός,
645 816 695 880 καί
709 813 795 901 ῦγιον
810 821 935 898 πνεῦμα.
980 817 1023 878 Εἰ
1039 811 1075 897 de}
1091 811 1134 892 εἷς
1148 812 1221 892 θεός
1239 816 1332 894 ἐστιν,
1363 815 1394 891 ἐξ
1413 804 1447 879 οὐ

294 917 330 985 τό
351 918 463 997 κιόντα,
492 915 560 984 οῦτε
580 945 608 982 τι
629 913 783 1004 ἀριστερόν
805 919 882 984 ἐστιν
903 919 935 982 ἐν
956 914 1052 1006 αὐτῷ,
1082 916 1149 984 οῦτε
1171 916 1321 1000 ἐλάττωμα
1341 917 1448 1002 ἕτερον,

295 1021 364 1088 οῦτε
378 1048 404 1087 τι
418 1018 619 1104 ὐτιοβεβηκός,
638 1019 714 1104 πλὴν
727 1027 786 1086 τών
801 1018 852 1086 ὐπ’
866 1017 959 1086 αὐτοῦ
973 1021 1156 1114 ἐκτισμίνων.
1205 1020 1247 1085 Τό
1261 1021 1293 1086 ίί
1308 1018 1381 1103 μετό
1396 1045 1449 1084 τια-

293 1126 363 1212 τίρα
377 1127 428 1190 καί
443 1122 510 1190 υίόν
525 1125 575 1190 καί
589 1121 674 1209 ἅγιον
687 1130 804 1206 ττνεῦμα
817 1124 915 1189 κιόντα
930 1130 1028 1201 καλοῖς
1041 1125 1204 1208 ἐκτισμένα,
1225 1125 1274 1189 καί
1291 1126 1333 1200 είς
1346 1121 1449 1189 σόστα-

294 1250 340 1294 σιν
361 1224 411 1293 ὐπ’
432 1225 526 1294 αὐτοῦ
548 1223 694 1309 όφθόνως
715 1219 749 1292 εὐ
770 1224 1003 1312 προεληλυθότα.

159 1345 225 1412 Κεφ.
245 1341 277 1415 β’.
380 1333 422 1394 Εἰ
437 1330 469 1395 δὲ
483 1331 536 1395 καί
553 1327 642 1396 πόλιν
660 1325 754 1415 ἐρεῖό
770 1337 905 1406 τοιοῦτος
919 1326 992 1413 ἡμῖν
1009 1327 1166 1415 προελθών
1181 1331 1280 1416 ἕτερος
1296 1327 1384 1410 ῦφις,
1405 1327 1449 1393 ότι

294 1431 330 1500 τό
351 1434 403 1516 μὲν
421 1431 503 1510 δεξιοί
521 1434 572 1498 καί
590 1430 727 1517 εὐώνυμα
746 1434 778 1498 ἐκ
796 1438 849 1498 τοῦ
865 1429 933 1509 ἑνός
949 1428 1089 1516 ὐττόρχει,
1120 1428 1211 1508 αὐτός
1227 1433 1260 1498 δέ
1279 1428 1449 1516 μεσαίτατός

294 1538 353 1601 ἐστι
359 1586 369 1616 ,
397 1537 448 1600 καί
465 1537 561 1624 ἐαυτῷ
578 1535 630 1618 μὲν
646 1533 821 1620 τιροςόγεται
835 1531 872 1600 τό
888 1533 985 1614 δεξιοί,
1012 1536 1063 1598 καί
1079 1538 1172 1622 χαίρει
1187 1533 1320 1615 τοότοις,
1346 1530 1448 1612 ιιίεξιό

295 1638 327 1704 δὲ
341 1646 424 1703 καλεῖ
435 1639 485 1704 καί
501 1644 582 1719 φώς,
606 1636 641 1704 τό
657 1638 690 1703 δέ
708 1635 846 1721 εὐώνυμα
862 1633 902 1714 ώς
918 1634 1054 1723 ὐλλότρια
1071 1633 1166 1703 αὐτοῦ
1181 1639 1233 1702 καί
1248 1639 1298 1704 ἐττί
1312 1633 1446 1722 όριστερό

294 1745 411 1823 κείμενα
427 1737 600 1820 αἰτωθεῖται,
621 1743 725 1827 λεγέτω
739 1766 791 1825 μοι
805 1739 902 1836 τιόθγν
915 1741 1057 1824 λαμβάνει
1073 1739 1182 1823 ταότην
1195 1738 1250 1823 τὴν
1263 1743 1447 1826 γεωμετρίαν,

294 1847 344 1910 ἰ’να
362 1850 458 1920 καλῶς
474 1847 608 1932 βυθμίση
627 1841 825 1926 ἀμετάστατον
842 1841 941 1922 δεξιόν
958 1868 988 1909 τε
1005 1845 1054 1910 καὶ
1073 1841 1237 1926 εὐώνυμον.
1283 1838 1361 1928 Παρ’
1378 1838 1447 1924 ἡμῖν

293 1943 348 2032 γόρ
365 1943 446 2023 δεξιοί
464 1945 584 2021 εἰκότως
599 1943 785 2030 όνομόζεται,
813 1944 880 2029 ἤτοι
896 1943 1048 2033 ὐριστερό,
1078 1943 1138 2012 ὐιτό
1156 1952 1216 2012 τών
1230 1947 1262 2012 ἐν
1276 1951 1318 2035 τῷ
1336 1943 1447 2029 σώματι

293 2049 488 2135 κεκηγμίνων
507 2054 619 2131 μελών,
648 2051 680 2114 ἐν
701 2046 748 2125 οἷς
769 2046 912 2114 οὐδέκοτε
933 2045 1074 2134 ἐναλλαγη
1097 2053 1221 2134 γίνεται·
1251 2045 1288 2114 τό
1309 2047 1343 2114 όέ
1365 2043 1446 2120 ἐκτός

291 2149 378 2235 ἡμῶν
393 2148 516 2217 όόναται
530 2147 604 2217 εἶναι
619 2152 690 2217 ποτὲ
704 2152 757 2234 μίν
773 2149 869 2231 δεξιοὶ,
891 2151 963 2216 κοτὲ
979 2151 1011 2216 δέ
1026 2147 1171 2235 εὐώνυμα.
1211 2152 1308 2216 Παντὶ
1323 2149 1378 2232 γεέν
1392 2145 1446 2235 γόρ

291 2261 332 2344 τῷ
350 2252 459 2341 όρώντι
474 2252 549 2319 κατώ
566 2250 709 2338 όνατολήν
729 2252 829 2333 νότος,
859 2251 909 2318 εἶτ’
926 2246 980 2322 οὐν
995 2257 1177 2340 μεσημβρία,
1205 2251 1287 2332 δεξιοὶ
1304 2250 1446 2335 κληθήσε-

288 2385 354 2438 ται,
376 2355 410 2423 τό
426 2366 515 2442 κλῑμα
529 2358 560 2424 δέ
574 2355 608 2424 τό
624 2356 751 2444 βόρειον,
773 2355 841 2439 ἤτοι
855 2354 1000 2446 ὐρκτρῑον,
1024 2354 1185 2443 όριστερόν.
1231 2361 1314 2423 vm
1329 2355 1362 2420 δέ
1376 2350 1445 2420 όνό·

292 2468 380 2526 ιταλιν
397 2463 446 2526 ἐντί
461 2458 497 2526 τό
513 2458 617 2527 δυτικό
634 2461 707 2546 μέρη
724 2456 963 2545 ὐναστραφέυτος
979 2456 1146 2544 όνθρώκου
1163 2458 1241 2536 τινός
1257 2454 1445 2542 εόρεθήσεται

293 2561 483 2648 ἓτερωνόμως
498 2562 534 2628 τό
553 2566 692 2645 κλίματα,
714 2561 787 2646 ῦτιερ
804 2559 864 2647 ττρό
882 2561 963 2648 ώρας
978 2559 1074 2639 δεξιόν
1091 2559 1220 2647 ότιῆρχε,
1242 2558 1343 2627 νότιόν
1356 2584 1387 2626 τε
1401 2585 1445 2644 με-

292 2663 464 2750 σημβρινόν,
487 2668 529 2741 εἰς
543 2663 679 2750 οἷριστερό
694 2657 786 2741 αὐθις
797 2663 1057 2752 μεταβαλλόμενον,
1079 2667 1130 2730 καί
1143 2663 1177 2730 τό
1193 2667 1235 2741 είς
1245 2661 1381 2750 όριστερό
1395 2670 1446 2730 τοῦ

292 2793 373 2846 τινος
385 2770 554 2851 κεκλιμένον
570 2765 753 2853 όνθρώττον,
776 2763 826 2832 εἶτ’
842 2759 898 2833 οὐν
911 2765 1046 2856 όρκτρῖον
1054 2818 1063 2848 ,
1086 2764 1136 2833 εἶτ’
1150 2759 1206 2833 οὐν
1219 2765 1339 2853 βόρειον
1350 2771 1446 2850 κλίμα,

292 2875 333 2948 είς
356 2869 454 2950 δεξιόν
475 2867 569 2936 αὐτοῦ
593 2868 850 2954 μεταβαλλόμενον.
896 2876 966 2936 Ποῦ
991 2874 1093 2937 τοίνυν
1122 2867 1298 2936 όότιατεών
1320 2871 1447 2955 ἐφηῦρεν
1541 2861 1542 2890 ³

292 2977 387 3062 ἑαυτῷ
403 2971 458 3058 τήν
474 2971 549 3040 κατό
566 2972 639 3038 θεόν
655 2977 846 3059 γεωμετρίαις
872 2975 948 3052 Καὶ,
972 2970 997 3038 ώ
1013 2980 1067 3056 τῆς
1083 2970 1221 3056 τοιαύτης
1237 2979 1347 3056 πολλῆς
1362 2981 1445 3058 ληρο·

291 3081 391 3164 λογίας
405 3082 460 3159 τῆς
474 3074 511 3140 τό
527 3074 624 3140 τιόντα
640 3075 836 3161 συγχεούσης,
865 3072 974 3158 φώσκει
991 3075 1025 3140 δέ
1046 3073 1102 3141 ιτό
1122 3071 1270 3162 όστέρημα
1287 3072 1359 3159 μετό
1378 3073 1448 3151 τούς

171 3213 222 3264 ρει.
234 3201 279 3245 ειο.
293 3181 452 3265 τριάκοντα
470 3180 591 3254 Αίώυας
608 3185 790 3264 γεγενῆσθαι.
837 3176 943 3244 Πόθεν
959 3175 1019 3262 ῦρα
1036 3177 1090 3261 τήν
1105 3185 1160 3244 τοῦ
1176 3175 1376 3263 ὐστερήματος
1390 3175 1444 3259 φῦ
1541 3167 1542 3194 ¹

219 3346 221 3351 s
291 3304 337 3348 σιν
349 3286 537 3364 κατείληφας,
558 3273 582 3346 ώ
595 3273 692 3359 οὗτος,
714 3279 736 3364 ἢ
749 3279 922 3347 ὐττοστῦσαν
936 3278 1063 3363 δύναμιν
1076 3282 1155 3367 λέγες
1178 3283 1220 3345 El
1232 3281 1285 3363 μὲν
1297 3277 1354 3366 γόρ
1366 3272 1447 3366 εῦρες

290 3384 401 3468 ταότην
416 3381 476 3450 ὐτιό
489 3381 692 3468 βλαστήματος
704 3391 764 3450 τών
779 3383 857 3463 ῦνω,
880 3379 917 3451 οὐ
932 3381 1064 3466 κτιστήν,
1087 3380 1158 3448 α’λίύ
1171 3381 1322 3468 γεννητὴν,
1345 3381 1446 3464 ἐπειδὴ
1541 3445 1542 3466 ,

290 3493 382 3554 σοίτε
395 3490 500 3577 καὶτῷ
514 3509 569 3553 σον
585 3488 726 3577 ἐττιστοίτη
743 3485 798 3554 οὐκ
812 3488 964 3569 ἐκτισμένα
977 3483 1013 3550 τό
1027 3483 1127 3552 κτιστό
1143 3481 1277 3571 ὁρίζεται,
1299 3482 1373 3550 ἄλλό
1384 3509 1443 3571 γεν-

289 3587 380 3672 νητό,
410 3593 461 3656 καὶ
482 3588 541 3656 ὐτιό
562 3595 717 3674 μετουσίας
735 3588 858 3672 ἑκάστης
875 3586 994 3670 φόσεως
1015 3586 1083 3674 παρ’
1101 3586 1225 3670 ἐκόστης
1240 3586 1390 3672 λαβοώσης
1410 3591 1444 3652 τό
1541 3593 1542 3658 ί

291 3683 384 3767 αὐθις
399 3690 565 3777 γεννώμενα
582 3692 746 3774 όναφῦναι,
769 3685 830 3778 όρό
845 3717 877 3778 γε
890 3689 966 3756 κατό
982 3688 1034 3757 τόν
1050 3688 1142 3756 αὐτοῦ
1156 3689 1245 3777 λόγον
1260 3688 1361 3756 4ιιειτεὶ
1378 3713 1444 3756 σαυ-

289 3800 344 3860 τοῦ
361 3790 478 3882 ότιλίζη,
502 3799 544 3860 Et
556 3795 610 3881 γύρ
628 3793 688 3860 όττό
704 3801 764 3860 τοῖν
777 3793 839 3860 ῦνω
855 3797 906 3860 καί
921 3791 942 3877 ἦ
956 3790 1064 3879 ὐστέρα
1079 3790 1205 3876 ὃόναμις
1218 3795 1271 3858 καί
1284 3789 1306 3876 ἡ
1320 3791 1444 3860 όττοστα-

290 3899 339 3960 σία
354 3898 512 3981 γεγένηται,
533 3901 592 3979 ἐφυ
610 3899 650 3979 δέ,
673 3895 715 3974 ώς
729 3899 831 3976 εἰπεῖν,
854 3898 905 3962 καί
920 3899 1088 3980 ἐβλάστησε,
1111 3897 1220 3979 μετέχει
1237 3895 1296 3982 ἄρα
1311 3903 1372 3962 τοῖν
1385 3895 1443 3962 ῦνο

289 3997 482 4083 χαρισμάτων,
505 3998 606 4082 ἐπειδὴ
619 4002 806 4066 ἐπικοινωνεῖ
816 4005 857 4088 τῷ
874 3997 1056 4084 Πληρώματι
1069 3995 1090 4081 ἡ
1103 3996 1226 4083 ὐστέρα,
1247 4000 1297 4064 καὶ
1312 3997 1346 4064 τό
1364 3996 1443 4080 Πλό·

289 4127 376 4188 ρωμα
390 4109 426 4191 τῇ
442 4097 567 4188 ὐστέρρι,
595 4105 646 4166 καί
662 4099 750 4168 οὐδὲν
763 4100 1026 4187 ττροςενεχθήσεται
1040 4107 1128 4167 τοῦτο
1142 4098 1220 4186 τορός
1233 4102 1347 4179 ἐκεῖνο,
1377 4099 1444 4166 οῦτε

324 4257 382 4308 (λετ.
398 4261 428 4340 Π.
450 4287 479 4296 -
504 4257 525 4308 ί.
544 4254 614 4319 δεξιοὶ
631 4255 660 4311 δὲ
678 4261 759 4312 ταῦτα
775 4261 851 4314 καλεῖ
882 4257 914 4324 ρὰ
929 4257 987 4312 τοῦ
1002 4276 1092 4318 τινας
1106 4257 1250 4325 κεκλιμένοι
1264 4251 1443 4324 ἀνθρώπου

288 4329 346 4445 waff-
358 4330 430 4446 yffi
445 4391 475 4448 δὲ
493 4396 651 4457 reponendum
671 4400 721 4445 ττολ
742 4412 785 4458 pro
807 4393 845 4448 Τό
880 4334 938 4448 αιῦ.
955 4399 993 4448 uo
1005 4397 1176 4448 τειαίόειιτλυιιι
1188 4401 1247 4458 τναλ,
1264 4398 1300 4446 ντί
1313 4399 1396 4446 invitis
1407 4409 1442 4446 οε-

289 4459 332 4521 ek,
350 4465 413 4524 ρειαί
428 4466 482 4512 λιότί
495 4465 586 4524 vulgati
601 4465 691 4514 hubent.
726 4465 761 4513 na
775 4467 847 4514 είλανι
880 4467 971 4514 σιἀἰοιιε
985 4468 1085 4528 κουρία,
1100 4479 1154 4514 ουτοι
1167 4466 1271 4514 Ρτίωυίο.
1301 4466 1442 4527 Vulpem

288 4532 313 4580 ιἰι
330 4532 362 4580 eis
377 4545 436 4590 ροοε
450 4537 575 4592 τερατείαν
588 4529 632 4583 καὶ
647 4529 676 4584 τό
695 4529 732 4590 τίς
747 4527 846 4596 όριοτε·
880 4537 944 4582 ταλαί
961 4530 1026 4598 μετὰ
1049 4529 1078 4585 τό
1098 4527 1228 4600 ὐστίρημα
1250 4532 1296 4584 τοῦ
1313 4527 1442 4596 τριόκαιττ
