3072 4986
298 349 434 400 Panattt
452 351 530 405 ΔΜ.
548 351 717 404 tttttttttttus
735 352 797 404 Llll.
810 355 829 404 l.
849 355 929 404 Tont.
943 355 963 404 l.
1168 345 1201 406 71

68 469 137 532 iussu
150 477 180 530 et
193 467 228 530 in
240 487 367 551 anguem
383 489 528 534 conversa
544 470 793 536 resurrectionem
805 470 1000 556 significabat.
1024 469 1105 538 ldem
1118 494 1205 560 porro

69 565 177 655 lloyres
192 567 350 634 Rubenitls
365 570 543 636 benedicens
557 571 596 634 ita
615 572 760 658 loquiturr
792 577 874 634 Vicat
887 575 999 649 Rubra,
1024 587 1052 638 et
1069 599 1125 638 noa
1148 598 1205 638 rrro·
1248 661 1249 664 Ἴ

67 675 157 732 ruitum
203 669 289 754 Quod
309 671 335 735 ei
353 683 490 756 precatur
505 673 553 757 qui
571 674 735 738 iamdudum
753 695 770 738 e
785 673 863 740 vivis
879 687 1065 757 excesserat,
1088 699 1145 762 quo
1161 676 1204 743 vi·
1218 689 1356 748 Dauom

67 783 113 834 tan
129 772 211 836 aliam
231 792 299 836 esse
316 784 381 857 post
402 773 512 838 obitum
539 775 678 853 doceret,
712 795 766 838 nen
793 797 864 856 non,
876 787 907 840 et
928 776 1065 841 iudicium
1089 779 1119 842 iu
1146 801 1203 862 quo

65 873 185 938 leminea
200 874 329 938 secunda
348 885 444 940 morte
459 876 645 940 damnantur.
691 877 790 960 Atque
807 877 873 940 ideo
892 877 1033 962 duplicem
1054 879 1094 943 illi
1113 880 1204 944 loene-

64 975 206 1039 deuotam
229 975 370 1061 impertit.
416 982 513 1052 Vivat,
536 977 646 1061 inquit,
678 978 709 1040 in
728 978 946 1042 resurreetione
962 978 1093 1058 seilicet,
1116 1004 1205 1063 neque

62 1082 204 1151 marr,
238 1077 268 1140 iu
293 1078 412 1146 indicio.
458 1067 573 1160 Quibus
591 1079 691 1143 verbis
714 1101 772 1143 nott
790 1079 867 1144 illam
887 1091 1009 1145 mortem
1028 1080 1205 1165 significavit

62 1200 128 1264 qnae
141 1179 171 1242 in
186 1179 351 1244 animorum
374 1200 391 1243 a
410 1201 535 1265 corpore
557 1181 744 1266 separatione
762 1181 910 1259 cernitur,
942 1183 994 1246 sed
1018 1203 1082 1246 eam
1108 1183 1204 1268 potina

61 1280 171 1364 quaein
191 1280 379 1346 damnatione
405 1282 551 1346 eousistit.
595 1280 693 1348 Pauca
718 1283 790 1346 haec
815 1285 850 1348 ad
871 1284 1062 1348 evertendum
1087 1283 1203 1350 illorum

61 1402 179 1446 errorem
198 1382 354 1446 sufficient.
399 1380 519 1448 Habent
541 1394 572 1448 et
587 1383 661 1448 alios
677 1393 797 1448 veteres
819 1385 893 1450 ritus
912 1407 977 1450 curn
996 1397 1131 1450 extrema
1153 1387 1204 1452 de-

59 1485 156 1548 mentia
174 1483 362 1550 coniunctas.
406 1483 485 1548 Nam
510 1497 539 1550 et
566 1486 636 1550 lotia
663 1485 796 1571 perfundi
821 1487 918 1550 solent
939 1487 1053 1571 quoties
1079 1508 1203 1572 peregre

58 1587 163 1650 lunam
179 1587 325 1665 redeunt,
348 1596 484 1671 uuquam
506 1587 603 1672 aliqua
620 1587 794 1672 contagione
813 1587 913 1674 polluti
933 1599 962 1652 et
979 1610 1054 1674 aqua
1068 1609 1136 1654 sese
1151 1609 1204 1654 ve·

58 1697 164 1772 sesque
178 1709 251 1752 suas
269 1688 402 1766 abluunt,
426 1710 492 1752 eum
509 1689 631 1753 alterius
648 1690 745 1774 gentis
765 1689 926 1774 quempiam
943 1689 1105 1775 tetigerint.
1139 1689 1202 1754 llae

57 1789 124 1851 roim
142 1810 175 1852 re
191 1790 386 1854 contaminari
406 1811 440 1853 se
456 1801 575 1875 putant,
599 1790 625 1855 si
644 1812 816 1876 quemquam
833 1792 998 1856 mortalium
1015 1804 1066 1856 aut
1082 1792 1202 1858 alterius

55 1902 144 1954 sectae
165 1891 314 1956 homiuem
337 1891 493 1976 attingant.
539 1891 637 1957 Tanta
660 1903 707 1956 est
728 1893 843 1960 illorum
866 1894 1018 1958 vecordia.

149 1989 213 2058 lam
253 1992 493 2076 quemadmodum
530 1995 615 2060 laeile
648 1994 786 2079 redargui
825 1995 956 2081 ipsorum
986 1995 1100 2060 insania
1133 2017 1201 2080 pos·
1220 2009 1280 2080 cap.
1295 2011 1338 2063 tv.

51 2096 93 2170 sit,
115 2094 320 2160 animadverte
343 2115 471 2179 quaeso,
496 2117 551 2161 nec
569 2097 628 2160 ullo
649 2097 769 2181 negotio
786 2097 943 2184 percipies.
989 2095 1106 2163 Etenim
1125 2119 1202 2162 mor-

52 2198 86 2260 tni
102 2197 232 2262 cadaver
247 2197 473 2277 abominantur,
497 2220 561 2263 curu
583 2198 644 2262 siut
664 2199 726 2264 suis
746 2198 863 2284 ipsimet
884 2200 967 2265 lectis
989 2199 1109 2262 mortui.
1144 2198 1201 2262 At-

50 2299 91 2382 pni
113 2321 173 2362 nou
210 2319 270 2362 uno
301 2299 451 2381 alterove,
487 2301 540 2364 sed
567 2300 687 2366 induitis
718 2300 894 2366 testimoniis
926 2300 1111 2366 convincitur
1140 2321 1199 2364 non

49 2421 109 2464 esse
125 2411 312 2464 mortuorum
334 2422 458 2486 corpora
474 2401 658 2466 detestanda.
702 2400 781 2466 Nam
799 2402 875 2487 quod
892 2403 943 2466 lex
960 2401 1138 2465 contrarium
1154 2401 1200 2464 vi·

49 2503 127 2566 detur
145 2523 306 2581 asserere,
338 2502 415 2567 aliud
439 2503 574 2588 quiddam
598 2504 763 2588 aenigmate
787 2504 961 2570 adumbrare
980 2503 1083 2568 voluit.
1126 2499 1198 2566 Non

47 2605 115 2668 enim
134 2607 280 2682 duorum,
305 2613 337 2666 ut
351 2604 430 2682 dixi,
455 2605 580 2671 triumve
597 2605 625 2670 id
643 2607 810 2672 testimonia
827 2605 1034 2690 comprobant,
1058 2605 1110 2670 sed
1128 2625 1200 2668 sex·

46 2717 120 2768 centa
138 2704 248 2789 viginti
268 2706 325 2768 duo
342 2705 430 2770 millia
450 2705 597 2772 lominum
614 2708 643 2772 in
664 2709 800 2787 deserta,
825 2707 1002 2791 totidemque
1018 2705 1088 2787 alia,
1112 2719 1199 2791 atque

46 2804 183 2872 lisetiam
202 2805 297 2890 plura.
344 2805 423 2891 Quin
446 2818 476 2870 et
498 2807 586 2892 longe
609 2810 745 2874 uberiora
768 2820 836 2874 sunt
857 2809 1019 2893 scripturae
1043 2809 1107 2873 loca
1125 2827 1200 2894 qaae

47 2907 205 2987 delaenln,
226 2909 257 2971 iu
276 2930 333 2992 quo
349 2906 467 2994 loseplti
484 2931 551 2974 ossa
569 2911 684 2976 condita
699 2922 778 2990 suut,
797 2911 975 2974 mentionem
992 2909 1113 2974 iaciunt.
1138 2907 1199 2993 Qui

45 3009 150 3076 loculus
170 3011 367 3095 quadraginta
385 3023 462 3076 totos
484 3032 578 3078 annos
600 3012 630 3076 iu
650 3013 755 3078 eastris
774 3005 960 3077 circumlatus
978 3033 1073 3097 neque
1089 3011 1200 3077 abomi-

43 3114 149 3177 nationi
167 3113 243 3192 tuit,
269 3134 363 3197 neque
379 3113 556 3198 contagione
573 3135 626 3178 sua
645 3114 740 3178 labem
757 3115 842 3178 ullam
862 3113 1000 3199 aspersit.
1037 3109 1198 3180 Caeterum

41 3235 104 3278 nere
122 3215 182 3280 too
203 3215 380 3299 ascriptura
397 3215 504 3278 dietum
523 3226 586 3280 esta
617 3221 730 3299 Siquis
745 3228 886 3280 marterum
905 3221 1033 3297 tetigerit
1039 3262 1049 3291 ,
1069 3217 1197 3296 pollutus

39 3321 73 3376 od
86 3337 237 3398 rem-m
254 3339 344 3399 unque
357 3320 552 3398 permanebit:
576 3331 633 3380 tum
653 3341 684 3382 re
697 3341 772 3402 apim
788 3320 908 3393 levabit,
931 3341 966 3382 ue
982 3317 1194 3398 repurgabitar.

39 3413 152 3498 Quibus
176 3419 284 3482 verbis
307 3419 416 3483 domini
442 3420 537 3486 nostri
558 3417 624 3484 lesu
643 3417 754 3486 Christi
779 3430 903 3484 mortem
926 3441 960 3484 ac
979 3427 1144 3501 susceptam
1168 3415 1198 3478 in

39 3539 161 3606 tmpore
189 3520 360 3606 moionem
386 3520 491 3587 innuit.
537 3520 588 3588 Ex
607 3543 644 3586 eo
661 3523 758 3602 enim,
783 3522 858 3606 quod
877 3520 1032 3584 articulum
1050 3517 1196 3602 apposuit,

37 3620 230 3687 distinetione
256 3622 383 3687 nominis
408 3644 482 3709 opus
509 3644 578 3688 esse
596 3625 790 3688 demonstrat.
833 3621 912 3687 Nam
938 3621 1112 3704 ubicumque
1127 3619 1196 3682 arti-

37 3725 115 3790 culus
134 3724 327 3809 adiungitur,
351 3736 433 3789 certa
454 3747 489 3788 ac
511 3724 665 3810 perspicue
680 3724 799 3790 delinita
825 3745 874 3788 res
895 3720 1078 3805 intelligitur.
1124 3719 1198 3786 Sine

37 3827 162 3892 articulo
179 3831 220 3890 de
237 3821 368 3911 quolibet
381 3827 473 3911 accipi
490 3828 602 3894 infinite
618 3829 706 3904 solet.
740 3823 779 3892 [lt
795 3824 923 3909 exempli
938 3843 1042 3888 cauma
1058 3825 1097 3904 si,
1113 3822 1197 3904 Rex,

38 3925 160 4006 daero,
186 3948 298 3991 nomeu
314 3930 430 4013 quidem
451 3930 544 4014 ipsum
564 3930 700 4012 declaro,
731 3927 796 4014 quis
817 3926 867 3992 ille
889 3923 930 3990 sit
946 3926 983 3989 de
1005 3947 1064 4011 quo
1080 3926 1196 4011 loquor,

36 4040 135 4108 inerte
163 4051 228 4094 non
250 4029 397 4114 significo.
442 4029 557 4115 Regem
582 4031 660 4098 enim
685 4043 743 4095 tam
759 4026 919 4094 Persarum
938 4047 1023 4113 quam
1040 4025 1196 4093 Medorum

37 4138 118 4214 tique
137 4129 337 4196 Elamitarum
358 4133 547 4218 appellamus.
586 4132 672 4217 Quod
688 4133 713 4196 si
731 4129 857 4196 articulo
872 4130 959 4196 etiam
975 4130 1115 4209 adhibita,
1139 4127 1197 4194 ttie

37 4247 102 4309 tu,
128 4235 282 4311 dicimus,
305 4255 393 4298 nemo
408 4254 494 4318 quem
509 4235 635 4300 velimus
650 4235 779 4320 ignorat.
824 4229 881 4296 llic
901 4233 978 4298 enim
1000 4251 1057 4296 rex
1070 4253 1107 4296 eo
1125 4231 1198 4293 arti-

37 4333 93 4396 tato
108 4347 240 4400 notatur
255 4335 292 4398 de
311 4357 370 4420 quo
386 4337 519 4421 quaestio
535 4338 583 4402 rel
599 4356 697 4401 sermo
715 4335 819 4420 aliquis
836 4335 984 4414 inciderit,
1009 4333 1133 4418 denique
1148 4331 1197 4418 qui

34 4433 67 4493 ¹1¹
80 4439 228 4526 cognitus
245 4457 281 4501 ae
297 4448 380 4502 nerto
399 4419 524 4523 imperio
541 4439 718 4503 dominetur.
750 4433 896 4502 Similiter
912 4457 990 4516 eum,
1012 4431 1106 4513 Deus,
1128 4433 1198 4497 sirn-
