<?xml version="1.0" encoding="UTF-8"?>
<!DOCTYPE html PUBLIC "-//W3C//DTD XHTML 1.0 Transitional//EN"
    "http://www.w3.org/TR/xhtml1/DTD/xhtml1-transitional.dtd">
<html xmlns="http://www.w3.org/1999/xhtml" xml:lang="en" lang="en">
 <head>
  <title>
</title>
<meta http-equiv="Content-Type" content="text/html;charset=utf-8" />
  <meta name='ocr-system' content='tesseract 3.04.00' />
  <meta name='ocr-capabilities' content='ocr_page ocr_carea ocr_par ocr_line ocrx_word'/>
</head>
<body>
  <div class='ocr_page' id='page_1' title='image "./corporishaerese01oehlgoog_0477.png"; bbox 0 0 3106 4990; ppageno 0'>
   <div class='ocr_carea' id='block_1_1' title="bbox 180 525 289 583">
    <p class='ocr_par' dir='ltr' id='par_1_1' title="bbox 180 525 289 583">
     <span class='ocr_line' id='line_1_1' title="bbox 180 525 289 583; baseline 0 -13"><span class='ocrx_word' id='word_1_1' title='bbox 180 538 230 583; x_wconf 79' lang='grc' dir='ltr'><strong><em>ρας.</em></strong></span> <span class='ocrx_word' id='word_1_2' title='bbox 243 525 289 570; x_wconf 76' lang='grc' dir='ltr'><strong><em>λὸλ.</em></strong></span> 
     </span>
    </p>
   </div>
   <div class='ocr_carea' id='block_1_2' title="bbox 165 919 282 989">
    <p class='ocr_par' dir='ltr' id='par_1_2' title="bbox 165 919 282 989">
     <span class='ocr_line' id='line_1_2' title="bbox 165 919 282 989; baseline 0 -15"><span class='ocrx_word' id='word_1_3' title='bbox 165 921 231 989; x_wconf 80' lang='grc' dir='ltr'><strong><em>Κεφ.</em></strong></span> <span class='ocrx_word' id='word_1_4' title='bbox 245 919 282 976; x_wconf 82' lang='grc' dir='ltr'><strong><em>ιε’.</em></strong></span> 
     </span>
    </p>
   </div>
   <div class='ocr_carea' id='block_1_3' title="bbox 301 281 1027 345">
    <p class='ocr_par' dir='ltr' id='par_1_3' title="bbox 301 281 1027 345">
     <span class='ocr_line' id='line_1_3' title="bbox 301 281 1027 345; baseline -0.006 -1"><span class='ocrx_word' id='word_1_5' title='bbox 301 281 362 344; x_wconf 76' lang='grc'><strong><em>464</em></strong></span> <span class='ocrx_word' id='word_1_6' title='bbox 723 289 843 345; x_wconf 73' lang='grc' dir='ltr'><strong><em>ὓλδίὒΐλ</em></strong></span> <span class='ocrx_word' id='word_1_7' title='bbox 861 289 1027 345; x_wconf 78' lang='lat' dir='ltr'><strong>EPIPHANII</strong></span> 
     </span>
    </p>
   </div>
   <div class='ocr_carea' id='block_1_4' title="bbox 300 405 1533 801">
    <p class='ocr_par' dir='ltr' id='par_1_4' title="bbox 300 405 1533 801">
     <span class='ocr_line' id='line_1_4' title="bbox 302 405 1451 496; baseline 0 -24"><span class='ocrx_word' id='word_1_8' title='bbox 302 433 332 473; x_wconf 88' lang='grc' dir='ltr'><strong><em>τε</em></strong></span> <span class='ocrx_word' id='word_1_9' title='bbox 350 415 500 483; x_wconf 87' lang='grc' dir='ltr'><strong><em>πολυετεῖς</em></strong></span> <span class='ocrx_word' id='word_1_10' title='bbox 515 405 548 472; x_wconf 87' lang='grc' dir='ltr'><strong><em>τό</em></strong></span> <span class='ocrx_word' id='word_1_11' title='bbox 566 405 686 472; x_wconf 82' lang='grc' dir='ltr'><strong><em>αἰόνιον</em></strong></span> <span class='ocrx_word' id='word_1_12' title='bbox 704 405 797 490; x_wconf 76' lang='grc' dir='ltr'><strong><em>αὐτῆς</em></strong></span> <span class='ocrx_word' id='word_1_13' title='bbox 814 415 1057 485; x_wconf 76' lang='grc' dir='ltr'><strong><em>κατατεθεῖσθαι,</em></strong></span> <span class='ocrx_word' id='word_1_14' title='bbox 1080 405 1215 490; x_wconf 84' lang='grc' dir='ltr'><strong><em>οἰόμενον</em></strong></span> <span class='ocrx_word' id='word_1_15' title='bbox 1232 407 1264 472; x_wconf 87' lang='grc' dir='ltr'><strong><em>έν</em></strong></span> <span class='ocrx_word' id='word_1_16' title='bbox 1282 415 1323 496; x_wconf 76' lang='grc' dir='ltr'><strong><em>τῷ</em></strong></span> <span class='ocrx_word' id='word_1_17' title='bbox 1340 405 1451 490; x_wconf 69' lang='grc' dir='ltr'><strong><em>πλήθει</em></strong></span> 
     </span>
     <span class='ocr_line' id='line_1_5' title="bbox 302 507 1451 599; baseline -0.002 -23"><span class='ocrx_word' id='word_1_18' title='bbox 302 516 360 576; x_wconf 77' lang='grc' dir='ltr'><strong><em>τῶν</em></strong></span> <span class='ocrx_word' id='word_1_19' title='bbox 373 509 488 594; x_wconf 80' lang='grc' dir='ltr'><strong><em>χρόνων</em></strong></span> <span class='ocrx_word' id='word_1_20' title='bbox 502 507 685 592; x_wconf 79' lang='grc' dir='ltr'><strong><em>μιμήσασθαι</em></strong></span> <span class='ocrx_word' id='word_1_21' title='bbox 702 507 792 592; x_wconf 78' lang='grc' dir='ltr'><strong><em>αὐτῆς</em></strong></span> <span class='ocrx_word' id='word_1_22' title='bbox 805 508 838 599; x_wconf 72' lang='grc' dir='ltr'><strong><em>τό</em></strong></span> <span class='ocrx_word' id='word_1_23' title='bbox 858 517 892 554; x_wconf 77' lang='lat'><strong><em>²⁰</em></strong></span> <span class='ocrx_word' id='word_1_24' title='bbox 902 507 1075 595; x_wconf 82' lang='grc' dir='ltr'><strong><em>όπέραντον.</em></strong></span> <span class='ocrx_word' id='word_1_25' title='bbox 1110 507 1257 576; x_wconf 79' lang='grc' dir='ltr'><strong><em>Ἐνταῦθά</em></strong></span> <span class='ocrx_word' id='word_1_26' title='bbox 1273 535 1302 576; x_wconf 88' lang='grc' dir='ltr'><strong><em>τε</em></strong></span> <span class='ocrx_word' id='word_1_27' title='bbox 1314 512 1451 595; x_wconf 84' lang='grc' dir='ltr'><strong><em>λέγουσιν</em></strong></span> 
     </span>
     <span class='ocr_line' id='line_1_6' title="bbox 303 609 1449 700; baseline -0.001 -21"><span class='ocrx_word' id='word_1_28' title='bbox 303 612 491 700; x_wconf 85' lang='grc' dir='ltr'><strong><em>έκφυγούσης</em></strong></span> <span class='ocrx_word' id='word_1_29' title='bbox 506 610 595 677; x_wconf 77' lang='grc' dir='ltr'><strong><em>αὐτόν</em></strong></span> <span class='ocrx_word' id='word_1_30' title='bbox 612 620 665 694; x_wconf 80' lang='grc' dir='ltr'><strong><em>τῆς</em></strong></span> <span class='ocrx_word' id='word_1_31' title='bbox 679 609 833 694; x_wconf 78' lang='grc' dir='ltr'><strong><em>Ἀληθείας</em></strong></span> <span class='ocrx_word' id='word_1_32' title='bbox 848 614 1122 696; x_wconf 72' lang='grc' dir='ltr'><strong><em>ἐπηκολουθηκέναι</em></strong></span> <span class='ocrx_word' id='word_1_33' title='bbox 1137 611 1170 678; x_wconf 91' lang='grc' dir='ltr'><strong><em>τό</em></strong></span> <span class='ocrx_word' id='word_1_34' title='bbox 1185 617 1312 692; x_wconf 85' lang='grc' dir='ltr'><strong><em>ψεῦδος,</em></strong></span> <span class='ocrx_word' id='word_1_35' title='bbox 1333 614 1384 676; x_wconf 83' lang='grc' dir='ltr'><strong><em>καί</em></strong></span> <span class='ocrx_word' id='word_1_36' title='bbox 1399 610 1449 678; x_wconf 85' lang='grc' dir='ltr'><strong><em>διά</em></strong></span> 
     </span>
     <span class='ocr_line' id='line_1_7' title="bbox 300 713 1533 801; baseline -0.002 -20"><span class='ocrx_word' id='word_1_37' title='bbox 300 724 387 782; x_wconf 85' lang='grc' dir='ltr'><strong><em>τοῦτο</em></strong></span> <span class='ocrx_word' id='word_1_38' title='bbox 410 713 565 781; x_wconf 71' lang='grc' dir='ltr'><strong><em>κατάλυσιν</em></strong></span> <span class='ocrx_word' id='word_1_39' title='bbox 586 718 805 800; x_wconf 79' lang='grc' dir='ltr'><strong><em>πληρωθέντων</em></strong></span> <span class='ocrx_word' id='word_1_40' title='bbox 825 723 884 782; x_wconf 81' lang='grc' dir='ltr'><strong><em>τῶν</em></strong></span> <span class='ocrx_word' id='word_1_41' title='bbox 904 715 1017 801; x_wconf 78' lang='grc' dir='ltr'><strong><em>χρόνων</em></strong></span> <span class='ocrx_word' id='word_1_42' title='bbox 1036 719 1137 798; x_wconf 83' lang='grc' dir='ltr'><strong><em>λαβεῖν</em></strong></span> <span class='ocrx_word' id='word_1_43' title='bbox 1158 713 1250 782; x_wconf 74' lang='grc' dir='ltr'><strong><em>αὐτοῦ</em></strong></span> <span class='ocrx_word' id='word_1_44' title='bbox 1271 713 1304 782; x_wconf 86' lang='grc' dir='ltr'><strong><em>τό</em></strong></span> <span class='ocrx_word' id='word_1_45' title='bbox 1326 717 1420 800; x_wconf 73' lang='grc' dir='ltr'><strong><em>ἔργον.</em></strong></span> <span class='ocrx_word' id='word_1_46' title='bbox 1532 759 1533 762; x_wconf 57' lang='lat'><em>=</em></span> 
     </span>
    </p>
   </div>
   <div class='ocr_carea' id='block_1_5' title="bbox 298 919 1448 1626">
    <p class='ocr_par' dir='ltr' id='par_1_5' title="bbox 298 919 1448 1626">
     <span class='ocr_line' id='line_1_8' title="bbox 386 919 1448 1008; baseline 0.002 -24"><span class='ocrx_word' id='word_1_47' title='bbox 386 923 446 985; x_wconf 77' lang='grc' dir='ltr'><strong><em>Καὶ</em></strong></span> <span class='ocrx_word' id='word_1_48' title='bbox 465 923 533 1006; x_wconf 86' lang='grc' dir='ltr'><strong><em>περί</em></strong></span> <span class='ocrx_word' id='word_1_49' title='bbox 550 921 603 1003; x_wconf 82' lang='grc' dir='ltr'><strong><em>μέν</em></strong></span> <span class='ocrx_word' id='word_1_50' title='bbox 619 927 672 1004; x_wconf 83' lang='grc' dir='ltr'><strong><em>τῆς</em></strong></span> <span class='ocrx_word' id='word_1_51' title='bbox 688 925 808 998; x_wconf 87' lang='grc' dir='ltr'><strong><em>κτίσεως</em></strong></span> <span class='ocrx_word' id='word_1_52' title='bbox 823 927 945 986; x_wconf 84' lang='grc' dir='ltr'><strong><em>τοιαῦτα</em></strong></span> <span class='ocrx_word' id='word_1_53' title='bbox 960 923 1091 1006; x_wconf 83' lang='grc' dir='ltr'><strong><em>λέγοντες</em></strong></span> <span class='ocrx_word' id='word_1_54' title='bbox 1106 919 1176 988; x_wconf 87' lang='grc' dir='ltr'><strong><em>καθ’</em></strong></span> <span class='ocrx_word' id='word_1_55' title='bbox 1194 920 1320 1003; x_wconf 74' lang='grc' dir='ltr'><strong><em>ἑκάστην</em></strong></span> <span class='ocrx_word' id='word_1_56' title='bbox 1336 920 1448 1008; x_wconf 68' lang='grc' dir='ltr'><strong><em>ἡμέραν</em></strong></span> 
     </span>
     <span class='ocr_line' id='line_1_9' title="bbox 298 1020 1447 1112; baseline -0.001 -21"><span class='ocrx_word' id='word_1_57' title='bbox 298 1029 432 1112; x_wconf 79' lang='grc' dir='ltr'><strong><em>ἐπιγεννᾷ</em></strong></span> <span class='ocrx_word' id='word_1_58' title='bbox 449 1025 569 1099; x_wconf 73' lang='grc' dir='ltr'><strong><em>ἕκαστος</em></strong></span> <span class='ocrx_word' id='word_1_59' title='bbox 587 1020 683 1088; x_wconf 73' lang='grc' dir='ltr'><strong><em>αότοῑν</em></strong></span> <span class='ocrx_word' id='word_1_60' title='bbox 699 1022 804 1099; x_wconf 73' lang='grc' dir='ltr'><strong><em>καθείς</em></strong></span> <span class='ocrx_word' id='word_1_61' title='bbox 822 1023 944 1088; x_wconf 88' lang='grc' dir='ltr'><strong><em>δύναται</em></strong></span> <span class='ocrx_word' id='word_1_62' title='bbox 962 1022 1133 1109; x_wconf 86' lang='grc' dir='ltr'><strong><em>κοινότερόν</em></strong></span> <span class='ocrx_word' id='word_1_63' title='bbox 1155 1033 1211 1090; x_wconf 85' lang='grc' dir='ltr'><strong><em>ιτι.</em></strong></span> <span class='ocrx_word' id='word_1_64' title='bbox 1261 1028 1373 1101; x_wconf 79' lang='grc' dir='ltr'><strong><em>Τέλειος</em></strong></span> <span class='ocrx_word' id='word_1_65' title='bbox 1392 1025 1447 1111; x_wconf 75' lang='grc' dir='ltr'><strong><em>γάρ</em></strong></span> 
     </span>
     <span class='ocr_line' id='line_1_10' title="bbox 299 1123 1448 1212; baseline -0.001 -19"><span class='ocrx_word' id='word_1_66' title='bbox 299 1125 398 1203; x_wconf 82' lang='grc' dir='ltr'><strong><em>ου’δείς</em></strong></span> <span class='ocrx_word' id='word_1_67' title='bbox 412 1123 429 1192; x_wconf 87' lang='grc' dir='ltr'><strong><em>ό</em></strong></span> <span class='ocrx_word' id='word_1_68' title='bbox 437 1124 483 1209; x_wconf 77' lang='grc' dir='ltr'><strong><em>μή</em></strong></span> <span class='ocrx_word' id='word_1_69' title='bbox 499 1125 607 1212; x_wconf 79' lang='grc' dir='ltr'><strong><em>μεγάλα</em></strong></span> <span class='ocrx_word' id='word_1_70' title='bbox 623 1125 779 1208; x_wconf 88' lang='grc' dir='ltr'><strong><em>ψεύσματα</em></strong></span> <span class='ocrx_word' id='word_1_71' title='bbox 794 1125 862 1212; x_wconf 88' lang='grc' dir='ltr'><strong><em>παρ’</em></strong></span> <span class='ocrx_word' id='word_1_72' title='bbox 880 1124 980 1202; x_wconf 83' lang='grc' dir='ltr'><strong><em>αύτοῑς</em></strong></span> <span class='ocrx_word' id='word_1_73' title='bbox 994 1126 1234 1212; x_wconf 79' lang='grc' dir='ltr'><strong><em>καρποφορήσας.</em></strong></span> <span class='ocrx_word' id='word_1_74' title='bbox 1276 1125 1327 1192; x_wconf 83' lang='grc' dir='ltr'><strong><em>Ἐκ</em></strong></span> <span class='ocrx_word' id='word_1_75' title='bbox 1342 1129 1374 1194; x_wconf 79' lang='grc' dir='ltr'><strong><em>δὲ</em></strong></span> <span class='ocrx_word' id='word_1_76' title='bbox 1389 1135 1448 1192; x_wconf 70' lang='grc' dir='ltr'><strong><em>τῶν</em></strong></span> 
     </span>
     <span class='ocr_line' id='line_1_11' title="bbox 298 1227 1447 1315; baseline -0.002 -20"><span class='ocrx_word' id='word_1_77' title='bbox 298 1233 491 1314; x_wconf 80' lang='grc' dir='ltr'><strong><em>προφητικῶν</em></strong></span> <span class='ocrx_word' id='word_1_78' title='bbox 509 1227 565 1294; x_wconf 76' lang='grc' dir='ltr'><strong><em>ὅσα</em></strong></span> <span class='ocrx_word' id='word_1_79' title='bbox 587 1227 882 1314; x_wconf 67' lang='grc' dir='ltr'><strong><em>2μεταμορφοίζουσιν</em></strong></span> <span class='ocrx_word' id='word_1_80' title='bbox 900 1227 1061 1315; x_wconf 81' lang='grc' dir='ltr'><strong><em>άναγκαῑον</em></strong></span> <span class='ocrx_word' id='word_1_81' title='bbox 1079 1229 1248 1312; x_wconf 76' lang='grc' dir='ltr'><strong><em>μηνύσαντα</em></strong></span> <span class='ocrx_word' id='word_1_82' title='bbox 1265 1229 1318 1296; x_wconf 90' lang='grc' dir='ltr'><strong><em>τόν</em></strong></span> <span class='ocrx_word' id='word_1_83' title='bbox 1335 1231 1447 1315; x_wconf 75' lang='grc' dir='ltr'><strong><em>ἔλεγχον</em></strong></span> 
     </span>
     <span class='ocr_line' id='line_1_12' title="bbox 299 1328 1447 1417; baseline -0.001 -20"><span class='ocrx_word' id='word_1_84' title='bbox 299 1331 401 1408; x_wconf 76' lang='grc' dir='ltr'><strong><em>αὐτοῖς</em></strong></span> <span class='ocrx_word' id='word_1_85' title='bbox 414 1330 539 1417; x_wconf 78' lang='grc' dir='ltr'><strong><em>έπάγειν.</em></strong></span> <span class='ocrx_word' id='word_1_86' title='bbox 582 1328 615 1396; x_wconf 87' lang='grc' dir='ltr'><strong>Ὁ</strong></span> <span class='ocrx_word' id='word_1_87' title='bbox 631 1331 686 1416; x_wconf 84' lang='grc' dir='ltr'><strong><em>γάρ</em></strong></span> <span class='ocrx_word' id='word_1_88' title='bbox 702 1338 848 1414; x_wconf 80' lang='grc' dir='ltr'><strong><em>Μωϋσῆς,</em></strong></span> <span class='ocrx_word' id='word_1_89' title='bbox 871 1334 973 1412; x_wconf 83' lang='grc' dir='ltr'><strong><em>φασίν,</em></strong></span> <span class='ocrx_word' id='word_1_90' title='bbox 995 1329 1157 1417; x_wconf 78' lang='grc' dir='ltr'><strong><em>άρχόμενος</em></strong></span> <span class='ocrx_word' id='word_1_91' title='bbox 1170 1339 1223 1414; x_wconf 78' lang='grc' dir='ltr'><strong><em>τῆς</em></strong></span> <span class='ocrx_word' id='word_1_92' title='bbox 1237 1330 1313 1398; x_wconf 90' lang='grc' dir='ltr'><strong><em>κατά</em></strong></span> <span class='ocrx_word' id='word_1_93' title='bbox 1323 1330 1377 1414; x_wconf 77' lang='grc' dir='ltr'><strong><em>κήν</em></strong></span> <span class='ocrx_word' id='word_1_94' title='bbox 1391 1336 1447 1396; x_wconf 81' lang='grc' dir='ltr'><strong><em>ατί·</em></strong></span> 
     </span>
     <span class='ocr_line' id='line_1_13' title="bbox 299 1431 1446 1523; baseline -0.003 -22"><span class='ocrx_word' id='word_1_95' title='bbox 299 1459 346 1501; x_wconf 92' lang='grc' dir='ltr'><strong><em>σιν</em></strong></span> <span class='ocrx_word' id='word_1_96' title='bbox 367 1439 580 1520; x_wconf 74' lang='grc' dir='ltr'><strong><em>πραγματείας,</em></strong></span> <span class='ocrx_word' id='word_1_97' title='bbox 611 1431 704 1509; x_wconf 86' lang='grc' dir='ltr'><strong><em>εύθός</em></strong></span> <span class='ocrx_word' id='word_1_98' title='bbox 729 1437 760 1500; x_wconf 85' lang='grc' dir='ltr'><strong><em>έν</em></strong></span> <span class='ocrx_word' id='word_1_99' title='bbox 784 1431 858 1523; x_wconf 79' lang='grc' dir='ltr'><strong><em>άρχη</em></strong></span> <span class='ocrx_word' id='word_1_100' title='bbox 880 1433 933 1517; x_wconf 75' lang='grc' dir='ltr'><strong><em>την</em></strong></span> <span class='ocrx_word' id='word_1_101' title='bbox 957 1437 1084 1518; x_wconf 86' lang='grc' dir='ltr'><strong><em>Μητέρα</em></strong></span> <span class='ocrx_word' id='word_1_102' title='bbox 1111 1441 1170 1500; x_wconf 82' lang='grc' dir='ltr'><strong><em>τῶν</em></strong></span> <span class='ocrx_word' id='word_1_103' title='bbox 1195 1434 1272 1500; x_wconf 84' lang='grc' dir='ltr'><strong><em>όλοιν</em></strong></span> <span class='ocrx_word' id='word_1_104' title='bbox 1294 1437 1446 1512; x_wconf 80' lang='grc' dir='ltr'><strong><em>ἐπέδειξεν,</em></strong></span> 
     </span>
     <span class='ocr_line' id='line_1_14' title="bbox 299 1533 1446 1626; baseline -0.004 -23"><span class='ocrx_word' id='word_1_105' title='bbox 299 1537 399 1616; x_wconf 81' lang='grc' dir='ltr'><strong><em>εἰπάν,</em></strong></span> <span class='ocrx_word' id='word_1_106' title='bbox 426 1533 498 1600; x_wconf 57' lang='grc' dir='ltr'><strong><em>δἘν</em></strong></span> <span class='ocrx_word' id='word_1_107' title='bbox 515 1535 587 1626; x_wconf 73' lang='grc' dir='ltr'><strong><em>άρχῇ</em></strong></span> <span class='ocrx_word' id='word_1_108' title='bbox 603 1539 738 1618; x_wconf 77' lang='grc' dir='ltr'><strong><em>ἐποίησεν</em></strong></span> <span class='ocrx_word' id='word_1_109' title='bbox 753 1534 771 1600; x_wconf 84' lang='grc' dir='ltr'><strong><em>ό</em></strong></span> <span class='ocrx_word' id='word_1_110' title='bbox 784 1535 858 1613; x_wconf 88' lang='grc' dir='ltr'><strong><em>θεός</em></strong></span> <span class='ocrx_word' id='word_1_111' title='bbox 873 1534 924 1602; x_wconf 85' lang='grc' dir='ltr'><strong><em>τόν</em></strong></span> <span class='ocrx_word' id='word_1_112' title='bbox 937 1535 1065 1622; x_wconf 78' lang='grc' dir='ltr'><strong><em>οὐρανόν</em></strong></span> <span class='ocrx_word' id='word_1_113' title='bbox 1079 1539 1130 1602; x_wconf 87' lang='grc' dir='ltr'><strong><em>καί</em></strong></span> <span class='ocrx_word' id='word_1_114' title='bbox 1143 1537 1199 1620; x_wconf 75' lang='grc' dir='ltr'><strong><em>την</em></strong></span> <span class='ocrx_word' id='word_1_115' title='bbox 1211 1545 1275 1624; x_wconf 83' lang='grc' dir='ltr'><strong><em>χῆν.</em></strong></span> <span class='ocrx_word' id='word_1_116' title='bbox 1318 1541 1446 1620; x_wconf 84' lang='grc' dir='ltr'><strong><em>Τέσσαρα</em></strong></span> 
     </span>
    </p>
   </div>
   <div class='ocr_carea' id='block_1_6' title="bbox 293 1633 1538 3876">
    <p class='ocr_par' dir='ltr' id='par_1_6' title="bbox 293 1633 1538 3876">
     <span class='ocr_line' id='line_1_15' title="bbox 299 1633 1536 1730; baseline -0.004 -23"><span class='ocrx_word' id='word_1_117' title='bbox 299 1633 355 1708; x_wconf 81' lang='grc' dir='ltr'><strong><em>οὖν</em></strong></span> <span class='ocrx_word' id='word_1_118' title='bbox 368 1647 458 1705; x_wconf 86' lang='grc' dir='ltr'><strong><em>ταῦτα</em></strong></span> <span class='ocrx_word' id='word_1_119' title='bbox 472 1635 629 1721; x_wconf 83' lang='grc' dir='ltr'><strong><em>δνομάσας,</em></strong></span> <span class='ocrx_word' id='word_1_120' title='bbox 652 1637 725 1704; x_wconf 88' lang='grc' dir='ltr'><strong><em>θεόν</em></strong></span> <span class='ocrx_word' id='word_1_121' title='bbox 739 1641 791 1704; x_wconf 85' lang='grc' dir='ltr'><strong><em>καί</em></strong></span> <span class='ocrx_word' id='word_1_122' title='bbox 804 1637 905 1722; x_wconf 73' lang='grc' dir='ltr'><strong><em>ἀρχὴν,</em></strong></span> <span class='ocrx_word' id='word_1_123' title='bbox 927 1637 1057 1724; x_wconf 85' lang='grc' dir='ltr'><strong><em>ούρανόν</em></strong></span> <span class='ocrx_word' id='word_1_124' title='bbox 1070 1641 1120 1706; x_wconf 89' lang='grc' dir='ltr'><strong><em>καί</em></strong></span> <span class='ocrx_word' id='word_1_125' title='bbox 1135 1647 1199 1727; x_wconf 79' lang='grc' dir='ltr'><strong><em>γῆν,</em></strong></span> <span class='ocrx_word' id='word_1_126' title='bbox 1221 1636 1276 1723; x_wconf 76' lang='grc' dir='ltr'><strong><em>τήν</em></strong></span> <span class='ocrx_word' id='word_1_127' title='bbox 1290 1637 1445 1724; x_wconf 69' lang='grc' dir='ltr'><strong><em>τετρακτύν</em></strong></span> <span class='ocrx_word' id='word_1_128' title='bbox 1535 1680 1536 1730; x_wconf 56' lang='lat'>3</span> 
     </span>
     <span class='ocr_line' id='line_1_16' title="bbox 299 1731 1536 1825; baseline -0.003 -17"><span class='ocrx_word' id='word_1_129' title='bbox 299 1741 412 1820; x_wconf 76' lang='grc' dir='ltr'><strong><em>αὐτῶν,</em></strong></span> <span class='ocrx_word' id='word_1_130' title='bbox 435 1738 475 1816; x_wconf 84' lang='grc' dir='ltr'><strong><em>ιός</em></strong></span> <span class='ocrx_word' id='word_1_131' title='bbox 490 1739 575 1806; x_wconf 87' lang='grc' dir='ltr'><strong><em>αύτολ</em></strong></span> <span class='ocrx_word' id='word_1_132' title='bbox 591 1743 723 1825; x_wconf 85' lang='grc' dir='ltr'><strong><em>λέγουσι,</em></strong></span> <span class='ocrx_word' id='word_1_133' title='bbox 747 1739 915 1808; x_wconf 88' lang='grc' dir='ltr'><strong><em>διετύπωσε.</em></strong></span> <span class='ocrx_word' id='word_1_134' title='bbox 960 1744 1020 1808; x_wconf 81' lang='grc' dir='ltr'><strong><em>Καὶ</em></strong></span> <span class='ocrx_word' id='word_1_135' title='bbox 1043 1741 1100 1808; x_wconf 64' lang='grc' dir='ltr'><strong><em>έτό</em></strong></span> <span class='ocrx_word' id='word_1_136' title='bbox 1123 1740 1251 1825; x_wconf 87' lang='grc' dir='ltr'><strong><em>άόρατον</em></strong></span> <span class='ocrx_word' id='word_1_137' title='bbox 1267 1743 1299 1807; x_wconf 81' lang='grc' dir='ltr'><strong><em>δέ</em></strong></span> <span class='ocrx_word' id='word_1_138' title='bbox 1317 1744 1371 1807; x_wconf 82' lang='grc' dir='ltr'><strong><em>καί</em></strong></span> <span class='ocrx_word' id='word_1_139' title='bbox 1390 1737 1446 1804; x_wconf 66' lang='grc' dir='ltr'><strong><em>6τό</em></strong></span> <span class='ocrx_word' id='word_1_140' title='bbox 1535 1731 1536 1762; x_wconf 39' lang='grc' dir='ltr'><strong><em>ί</em></strong></span> 
     </span>
     <span class='ocr_line' id='line_1_17' title="bbox 299 1837 1444 1929; baseline -0.003 -19"><span class='ocrx_word' id='word_1_141' title='bbox 299 1843 476 1929; x_wconf 85' lang='grc' dir='ltr'><strong><em>άπόκρυφον</em></strong></span> <span class='ocrx_word' id='word_1_142' title='bbox 496 1842 587 1926; x_wconf 76' lang='grc' dir='ltr'><strong><em>αὐτῆς</em></strong></span> <span class='ocrx_word' id='word_1_143' title='bbox 608 1843 759 1926; x_wconf 89' lang='grc' dir='ltr'><strong><em>μηνύοντα</em></strong></span> <span class='ocrx_word' id='word_1_144' title='bbox 779 1847 885 1924; x_wconf 82' lang='grc' dir='ltr'><strong><em>εἰπεῖν,</em></strong></span> <span class='ocrx_word' id='word_1_145' title='bbox 915 1842 950 1908; x_wconf 80' lang='grc' dir='ltr'>Ἡ</span> <span class='ocrx_word' id='word_1_146' title='bbox 969 1847 1001 1909; x_wconf 81' lang='grc' dir='ltr'><strong><em>δὲ</em></strong></span> <span class='ocrx_word' id='word_1_147' title='bbox 1019 1852 1055 1928; x_wconf 82' lang='grc' dir='ltr'><strong><em>γῆ</em></strong></span> <span class='ocrx_word' id='word_1_148' title='bbox 1076 1837 1113 1926; x_wconf 78' lang='grc' dir='ltr'><strong><em>ἦν</em></strong></span> <span class='ocrx_word' id='word_1_149' title='bbox 1128 1841 1256 1924; x_wconf 85' lang='grc' dir='ltr'><strong><em>άόρατος</em></strong></span> <span class='ocrx_word' id='word_1_150' title='bbox 1271 1847 1323 1910; x_wconf 86' lang='grc' dir='ltr'><strong><em>καλ</em></strong></span> <span class='ocrx_word' id='word_1_151' title='bbox 1340 1843 1444 1909; x_wconf 77' lang='grc' dir='ltr'><strong><em>άιιατα·</em></strong></span> 
     </span>
     <span class='ocr_line' id='line_1_18' title="bbox 298 1943 1444 2033; baseline -0.002 -20"><span class='ocrx_word' id='word_1_152' title='bbox 298 1949 464 2022; x_wconf 86' lang='grc' dir='ltr'><strong><em>σκεύαστος.</em></strong></span> <span class='ocrx_word' id='word_1_153' title='bbox 517 1943 578 2027; x_wconf 73' lang='grc' dir='ltr'><strong><em>Τὴν</em></strong></span> <span class='ocrx_word' id='word_1_154' title='bbox 605 1947 658 2011; x_wconf 71' lang='grc' dir='ltr'><strong><em>θδὲ</em></strong></span> <span class='ocrx_word' id='word_1_155' title='bbox 683 1948 821 2032; x_wconf 90' lang='grc' dir='ltr'><strong><em>δευτέραν</em></strong></span> <span class='ocrx_word' id='word_1_156' title='bbox 850 1947 979 2032; x_wconf 87' lang='grc' dir='ltr'><strong><em>Τετράδα</em></strong></span> <span class='ocrx_word' id='word_1_157' title='bbox 1002 1951 1132 2031; x_wconf 78' lang='grc' dir='ltr'><strong><em>γέννημα</em></strong></span> <span class='ocrx_word' id='word_1_158' title='bbox 1158 1946 1276 2033; x_wconf 75' lang='grc' dir='ltr'><strong><em>πραότης</em></strong></span> <span class='ocrx_word' id='word_1_159' title='bbox 1302 1946 1444 2031; x_wconf 82' lang='grc' dir='ltr'><strong><em>Τετράδος</em></strong></span> 
     </span>
     <span class='ocr_line' id='line_1_19' title="bbox 299 2046 1444 2135; baseline -0.004 -19"><span class='ocrx_word' id='word_1_160' title='bbox 299 2049 395 2125; x_wconf 72' lang='grc' dir='ltr'><strong><em>οὕτως</em></strong></span> <span class='ocrx_word' id='word_1_161' title='bbox 412 2046 502 2113; x_wconf 86' lang='grc' dir='ltr'><strong><em>αότδν</em></strong></span> <span class='ocrx_word' id='word_1_162' title='bbox 518 2051 663 2133; x_wconf 76' lang='grc' dir='ltr'><strong><em>εἰρηκέναι</em></strong></span> <span class='ocrx_word' id='word_1_163' title='bbox 677 2051 825 2128; x_wconf 88' lang='grc' dir='ltr'><strong><em>θέλουσιν,</em></strong></span> <span class='ocrx_word' id='word_1_164' title='bbox 848 2047 980 2135; x_wconf 84' lang='grc' dir='ltr'><strong><em>ίίβυσσον</em></strong></span> <span class='ocrx_word' id='word_1_165' title='bbox 993 2048 1180 2131; x_wconf 75' lang='grc' dir='ltr'><strong><em>ὀνομάζοντα,</em></strong></span> <span class='ocrx_word' id='word_1_166' title='bbox 1201 2051 1250 2114; x_wconf 85' lang='grc' dir='ltr'><strong><em>καλ</em></strong></span> <span class='ocrx_word' id='word_1_167' title='bbox 1266 2047 1373 2126; x_wconf 83' lang='grc' dir='ltr'><strong><em>σκότος</em></strong></span> <span class='ocrx_word' id='word_1_168' title='bbox 1391 2051 1444 2113; x_wconf 64' lang='grc' dir='ltr'><strong><em>’έν</em></strong></span> 
     </span>
     <span class='ocr_line' id='line_1_20' title="bbox 298 2147 1443 2241; baseline -0.002 -23"><span class='ocrx_word' id='word_1_169' title='bbox 298 2158 398 2234; x_wconf 88' lang='grc' dir='ltr'><strong><em>σφίσιν</em></strong></span> <span class='ocrx_word' id='word_1_170' title='bbox 413 2148 524 2230; x_wconf 84' lang='grc' dir='ltr'><strong><em>αύκοῖς,</em></strong></span> <span class='ocrx_word' id='word_1_171' title='bbox 541 2155 593 2216; x_wconf 85' lang='grc' dir='ltr'><strong><em>καλ</em></strong></span> <span class='ocrx_word' id='word_1_172' title='bbox 607 2149 700 2234; x_wconf 76' lang='grc' dir='ltr'><strong><em>ὕδωρ,</em></strong></span> <span class='ocrx_word' id='word_1_173' title='bbox 717 2153 769 2216; x_wconf 85' lang='grc' dir='ltr'><strong><em>καὶ</em></strong></span> <span class='ocrx_word' id='word_1_174' title='bbox 783 2150 815 2216; x_wconf 83' lang='grc' dir='ltr'><strong><em>τό</em></strong></span> <span class='ocrx_word' id='word_1_175' title='bbox 830 2150 1041 2236; x_wconf 77' lang='grc' dir='ltr'><strong><em>ἐπιφερόμενον</em></strong></span> <span class='ocrx_word' id='word_1_176' title='bbox 1054 2159 1093 2241; x_wconf 77' lang='grc' dir='ltr'><strong><em>τῷ</em></strong></span> <span class='ocrx_word' id='word_1_177' title='bbox 1107 2150 1195 2218; x_wconf 75' lang='grc' dir='ltr'><strong><em>ὕδατι</em></strong></span> <span class='ocrx_word' id='word_1_178' title='bbox 1206 2159 1330 2234; x_wconf 78' lang='grc' dir='ltr'><strong><em>πνεῦμα.</em></strong></span> <span class='ocrx_word' id='word_1_179' title='bbox 1363 2147 1443 2216; x_wconf 85' lang='grc' dir='ltr'><strong><em>Μεθ’</em></strong></span> 
     </span>
     <span class='ocr_line' id='line_1_21' title="bbox 298 2252 1443 2341; baseline -0.003 -20"><span class='ocrx_word' id='word_1_180' title='bbox 298 2255 336 2338; x_wconf 76' lang='grc' dir='ltr'><strong><em>ἣν</em></strong></span> <span class='ocrx_word' id='word_1_181' title='bbox 352 2263 405 2337; x_wconf 83' lang='grc' dir='ltr'><strong><em>τῆς</em></strong></span> <span class='ocrx_word' id='word_1_182' title='bbox 422 2253 557 2329; x_wconf 90' lang='grc' dir='ltr'><strong><em>Δεκάδος</em></strong></span> <span class='ocrx_word' id='word_1_183' title='bbox 573 2253 794 2338; x_wconf 88' lang='grc' dir='ltr'><strong><em>μνημονεύοντα</em></strong></span> <span class='ocrx_word' id='word_1_184' title='bbox 810 2261 899 2335; x_wconf 73' lang='grc' dir='ltr'><strong><em>8φτδς</em></strong></span> <span class='ocrx_word' id='word_1_185' title='bbox 914 2257 1020 2341; x_wconf 81' lang='grc' dir='ltr'><strong><em>λέγειν,</em></strong></span> <span class='ocrx_word' id='word_1_186' title='bbox 1051 2257 1103 2320; x_wconf 84' lang='grc' dir='ltr'><strong><em>καλ</em></strong></span> <span class='ocrx_word' id='word_1_187' title='bbox 1118 2253 1245 2340; x_wconf 70' lang='grc' dir='ltr'><strong><em>ἡμέραν,</em></strong></span> <span class='ocrx_word' id='word_1_188' title='bbox 1274 2256 1328 2320; x_wconf 86' lang='grc' dir='ltr'><strong><em>καλ</em></strong></span> <span class='ocrx_word' id='word_1_189' title='bbox 1343 2252 1443 2330; x_wconf 83' lang='grc' dir='ltr'><strong><em>νύκτα,</em></strong></span> 
     </span>
     <span class='ocr_line' id='line_1_22' title="bbox 298 2355 1445 2443; baseline -0.001 -21"><span class='ocrx_word' id='word_1_190' title='bbox 298 2355 446 2443; x_wconf 84' lang='grc' dir='ltr'><strong><em>σιερέωμά</em></strong></span> <span class='ocrx_word' id='word_1_191' title='bbox 464 2381 493 2421; x_wconf 86' lang='grc' dir='ltr'><strong><em>τε</em></strong></span> <span class='ocrx_word' id='word_1_192' title='bbox 510 2359 561 2422; x_wconf 85' lang='grc' dir='ltr'><strong><em>καί</em></strong></span> <span class='ocrx_word' id='word_1_193' title='bbox 579 2359 719 2442; x_wconf 78' lang='grc' dir='ltr'><strong><em>ἑσπέραν,</em></strong></span> <span class='ocrx_word' id='word_1_194' title='bbox 749 2360 801 2422; x_wconf 82' lang='grc' dir='ltr'><strong><em>καὶ</em></strong></span> <span class='ocrx_word' id='word_1_195' title='bbox 817 2355 835 2422; x_wconf 82' lang='grc' dir='ltr'><strong><em>δ</em></strong></span> <span class='ocrx_word' id='word_1_196' title='bbox 851 2365 978 2422; x_wconf 87' lang='grc' dir='ltr'><strong><em>καλεῖται</em></strong></span> <span class='ocrx_word' id='word_1_197' title='bbox 993 2361 1088 2442; x_wconf 83' lang='grc' dir='ltr'><strong><em>πρωί,</em></strong></span> <span class='ocrx_word' id='word_1_198' title='bbox 1118 2356 1211 2442; x_wconf 80' lang='grc' dir='ltr'><strong><em>ξηράν</em></strong></span> <span class='ocrx_word' id='word_1_199' title='bbox 1226 2381 1256 2421; x_wconf 87' lang='grc' dir='ltr'><strong><em>τε</em></strong></span> <span class='ocrx_word' id='word_1_200' title='bbox 1270 2359 1323 2422; x_wconf 85' lang='grc' dir='ltr'><strong><em>καλ</em></strong></span> <span class='ocrx_word' id='word_1_201' title='bbox 1337 2359 1445 2421; x_wconf 79' lang='grc' dir='ltr'><strong><em>θάλασ-</em></strong></span> 
     </span>
     <span class='ocr_line' id='line_1_23' title="bbox 298 2457 1538 2548; baseline -0.004 -24"><span class='ocrx_word' id='word_1_202' title='bbox 298 2481 369 2539; x_wconf 86' lang='grc' dir='ltr'><strong><em>σαν,</em></strong></span> <span class='ocrx_word' id='word_1_203' title='bbox 399 2463 440 2524; x_wconf 83' lang='grc' dir='ltr'><strong><em>έτι</em></strong></span> <span class='ocrx_word' id='word_1_204' title='bbox 459 2484 489 2524; x_wconf 88' lang='grc' dir='ltr'><strong><em>τε</em></strong></span> <span class='ocrx_word' id='word_1_205' title='bbox 507 2458 652 2542; x_wconf 82' lang='grc' dir='ltr'><strong><em>βοτάνην,</em></strong></span> <span class='ocrx_word' id='word_1_206' title='bbox 680 2461 731 2524; x_wconf 83' lang='grc' dir='ltr'><strong><em>καί</em></strong></span> <span class='ocrx_word' id='word_1_207' title='bbox 748 2459 859 2548; x_wconf 78' lang='grc' dir='ltr'><strong><em>δεκάτῳ</em></strong></span> <span class='ocrx_word' id='word_1_208' title='bbox 876 2459 958 2548; x_wconf 81' lang='grc' dir='ltr'><strong><em>τάττω</em></strong></span> <span class='ocrx_word' id='word_1_209' title='bbox 977 2459 1032 2525; x_wconf 70' lang='grc' dir='ltr'><strong><em>0τό</em></strong></span> <span class='ocrx_word' id='word_1_210' title='bbox 1049 2459 1148 2537; x_wconf 66' lang='grc' dir='ltr'><strong><em>ξύλον</em></strong></span> <span class='ocrx_word' id='word_1_211' title='bbox 1179 2457 1445 2525; x_wconf 74' lang='grc' dir='ltr'><strong><em>ούτωδέδιάτοῖν</em></strong></span> <span class='ocrx_word' id='word_1_212' title='bbox 1537 2494 1538 2519; x_wconf 59' lang='grc' dir='ltr'><strong><em>ι</em></strong></span> 
     </span>
     <span class='ocr_line' id='line_1_24' title="bbox 298 2557 1445 2645; baseline -0.001 -19"><span class='ocrx_word' id='word_1_213' title='bbox 298 2565 370 2626; x_wconf 84' lang='grc' dir='ltr'><strong><em>δέκα</em></strong></span> <span class='ocrx_word' id='word_1_214' title='bbox 391 2557 543 2643; x_wconf 87' lang='grc' dir='ltr'><strong><em>όνομάτων</em></strong></span> <span class='ocrx_word' id='word_1_215' title='bbox 564 2560 634 2638; x_wconf 83' lang='grc' dir='ltr'><strong><em>τούς</em></strong></span> <span class='ocrx_word' id='word_1_216' title='bbox 651 2563 722 2627; x_wconf 84' lang='grc' dir='ltr'><strong><em>δέκα</em></strong></span> <span class='ocrx_word' id='word_1_217' title='bbox 739 2565 861 2638; x_wconf 80' lang='grc' dir='ltr'><strong><em>Αἰάνας</em></strong></span> <span class='ocrx_word' id='word_1_218' title='bbox 878 2564 1082 2645; x_wconf 89' lang='grc' dir='ltr'><strong><em>μεμηνυκέναι.</em></strong></span> <span class='ocrx_word' id='word_1_219' title='bbox 1130 2569 1190 2645; x_wconf 79' lang='grc' dir='ltr'><strong><em>Της</em></strong></span> <span class='ocrx_word' id='word_1_220' title='bbox 1206 2563 1237 2626; x_wconf 88' lang='grc' dir='ltr'><strong><em>δέ</em></strong></span> <span class='ocrx_word' id='word_1_221' title='bbox 1252 2559 1445 2634; x_wconf 81' lang='grc' dir='ltr'><strong><em>Δυοδεκάδος</em></strong></span> 
     </span>
     <span class='ocr_line' id='line_1_25' title="bbox 298 2661 1445 2752; baseline -0.002 -22"><span class='ocrx_word' id='word_1_222' title='bbox 298 2663 392 2739; x_wconf 75' lang='grc' dir='ltr'><strong><em>οὕτως</em></strong></span> <span class='ocrx_word' id='word_1_223' title='bbox 414 2666 606 2740; x_wconf 80' lang='grc' dir='ltr'><strong><em>έξεικονέσθαι</em></strong></span> <span class='ocrx_word' id='word_1_224' title='bbox 628 2661 697 2748; x_wconf 90' lang='grc' dir='ltr'><strong><em>παρ’</em></strong></span> <span class='ocrx_word' id='word_1_225' title='bbox 719 2662 799 2752; x_wconf 78' lang='grc' dir='ltr'><strong><em>αύτῷ</em></strong></span> <span class='ocrx_word' id='word_1_226' title='bbox 820 2662 875 2747; x_wconf 76' lang='grc' dir='ltr'><strong><em>τήν</em></strong></span> <span class='ocrx_word' id='word_1_227' title='bbox 893 2663 1028 2747; x_wconf 87' lang='grc' dir='ltr'><strong><em>δύναμιν.</em></strong></span> <span class='ocrx_word' id='word_1_228' title='bbox 1061 2663 1169 2730; x_wconf 85' lang='grc' dir='ltr'><strong><em>Ἥλιον</em></strong></span> <span class='ocrx_word' id='word_1_229' title='bbox 1186 2662 1242 2750; x_wconf 79' lang='grc' dir='ltr'><strong><em>γάρ</em></strong></span> <span class='ocrx_word' id='word_1_230' title='bbox 1259 2665 1369 2748; x_wconf 78' lang='grc' dir='ltr'><strong><em>λέγειν,</em></strong></span> <span class='ocrx_word' id='word_1_231' title='bbox 1396 2663 1445 2728; x_wconf 81' lang='grc' dir='ltr'><strong><em>καί</em></strong></span> 
     </span>
     <span class='ocr_line' id='line_1_26' title="bbox 297 2763 1445 2852; baseline 0.001 -23"><span class='ocrx_word' id='word_1_232' title='bbox 297 2765 434 2847; x_wconf 81' lang='grc' dir='ltr'><strong><em>σελήνην,</em></strong></span> <span class='ocrx_word' id='word_1_233' title='bbox 459 2763 579 2850; x_wconf 89' lang='grc' dir='ltr'><strong><em>άστέρας</em></strong></span> <span class='ocrx_word' id='word_1_234' title='bbox 596 2790 626 2830; x_wconf 87' lang='grc' dir='ltr'><strong><em>τε</em></strong></span> <span class='ocrx_word' id='word_1_235' title='bbox 641 2769 692 2832; x_wconf 86' lang='grc' dir='ltr'><strong><em>καί</em></strong></span> <span class='ocrx_word' id='word_1_236' title='bbox 707 2766 844 2852; x_wconf 82' lang='grc' dir='ltr'><strong><em>καιρούς,</em></strong></span> <span class='ocrx_word' id='word_1_237' title='bbox 867 2764 1022 2843; x_wconf 74' lang='grc' dir='ltr'><strong><em>ἐνιαυτούς</em></strong></span> <span class='ocrx_word' id='word_1_238' title='bbox 1039 2793 1069 2832; x_wconf 93' lang='grc' dir='ltr'><strong><em>τε</em></strong></span> <span class='ocrx_word' id='word_1_239' title='bbox 1085 2769 1136 2832; x_wconf 85' lang='grc' dir='ltr'><strong><em>καλ</em></strong></span> <span class='ocrx_word' id='word_1_240' title='bbox 1154 2767 1244 2848; x_wconf 74' lang='grc' dir='ltr'><strong><em>κήτη,</em></strong></span> <span class='ocrx_word' id='word_1_241' title='bbox 1273 2765 1383 2848; x_wconf 79' lang='grc' dir='ltr'><strong><em>ἰχθύας</em></strong></span> <span class='ocrx_word' id='word_1_242' title='bbox 1396 2767 1445 2830; x_wconf 74' lang='grc' dir='ltr'><strong><em>καλ</em></strong></span> 
     </span>
     <span class='ocr_line' id='line_1_27' title="bbox 298 2865 1444 2954; baseline -0.001 -21"><span class='ocrx_word' id='word_1_243' title='bbox 298 2866 413 2952; x_wconf 85' lang='grc' dir='ltr'><strong><em>έρπετά,</em></strong></span> <span class='ocrx_word' id='word_1_244' title='bbox 436 2865 551 2932; x_wconf 84' lang='grc' dir='ltr'><strong><em>πετεινά</em></strong></span> <span class='ocrx_word' id='word_1_245' title='bbox 566 2871 617 2932; x_wconf 84' lang='grc' dir='ltr'><strong><em>καί</em></strong></span> <span class='ocrx_word' id='word_1_246' title='bbox 631 2868 806 2954; x_wconf 90' lang='grc' dir='ltr'><strong><em>τετράποδα,</em></strong></span> <span class='ocrx_word' id='word_1_247' title='bbox 828 2873 922 2953; x_wconf 89' lang='grc' dir='ltr'><strong><em>θηρία</em></strong></span> <span class='ocrx_word' id='word_1_248' title='bbox 935 2895 965 2935; x_wconf 87' lang='grc' dir='ltr'><strong><em>τε</em></strong></span> <span class='ocrx_word' id='word_1_249' title='bbox 981 2871 1032 2935; x_wconf 87' lang='grc' dir='ltr'><strong><em>καλ</em></strong></span> <span class='ocrx_word' id='word_1_250' title='bbox 1051 2871 1143 2936; x_wconf 78' lang='grc' dir='ltr'><strong><em>ιοέκί</em></strong></span> <span class='ocrx_word' id='word_1_251' title='bbox 1160 2874 1233 2934; x_wconf 82' lang='grc' dir='ltr'><strong><em>πᾶσι</em></strong></span> <span class='ocrx_word' id='word_1_252' title='bbox 1245 2867 1365 2944; x_wconf 85' lang='grc' dir='ltr'><strong><em>τούτοις</em></strong></span> <span class='ocrx_word' id='word_1_253' title='bbox 1379 2871 1444 2933; x_wconf 89' lang='grc' dir='ltr'><strong><em>δυο-</em></strong></span> 
     </span>
     <span class='ocr_line' id='line_1_28' title="bbox 296 2968 1444 3057; baseline 0.002 -23"><span class='ocrx_word' id='word_1_254' title='bbox 296 2971 419 3034; x_wconf 91' lang='grc' dir='ltr'><strong><em>δέκατον</em></strong></span> <span class='ocrx_word' id='word_1_255' title='bbox 438 2968 490 3035; x_wconf 87' lang='grc' dir='ltr'><strong><em>τόν</em></strong></span> <span class='ocrx_word' id='word_1_256' title='bbox 506 2969 676 3057; x_wconf 83' lang='grc' dir='ltr'><strong><em>ίίνθρωπον.</em></strong></span> <span class='ocrx_word' id='word_1_257' title='bbox 724 2971 827 3047; x_wconf 76' lang='grc' dir='ltr'><strong><em>Οὕτως</em></strong></span> <span class='ocrx_word' id='word_1_258' title='bbox 848 2969 908 3038; x_wconf 85' lang='grc' dir='ltr'><strong><em>όπό</em></strong></span> <span class='ocrx_word' id='word_1_259' title='bbox 931 2979 984 3038; x_wconf 84' lang='grc' dir='ltr'><strong><em>τοῦ</em></strong></span> <span class='ocrx_word' id='word_1_260' title='bbox 1001 2971 1167 3054; x_wconf 87' lang='grc' dir='ltr'><strong><em>πνεύματος</em></strong></span> <span class='ocrx_word' id='word_1_261' title='bbox 1185 2969 1283 3054; x_wconf 63' lang='lat' dir='ltr'><strong><em>”viv</em></strong></span> <span class='ocrx_word' id='word_1_262' title='bbox 1305 2979 1444 3055; x_wconf 86' lang='grc' dir='ltr'><strong><em>Τριακοτ-</em></strong></span> 
     </span>
     <span class='ocr_line' id='line_1_29' title="bbox 296 3071 1445 3160; baseline 0 -23"><span class='ocrx_word' id='word_1_263' title='bbox 296 3072 371 3137; x_wconf 91' lang='grc' dir='ltr'><strong><em>τάδα</em></strong></span> <span class='ocrx_word' id='word_1_264' title='bbox 386 3071 436 3137; x_wconf 90' lang='grc' dir='ltr'><strong><em>διά</em></strong></span> <span class='ocrx_word' id='word_1_265' title='bbox 453 3076 609 3150; x_wconf 78' lang='grc' dir='ltr'><strong><em>Μωυσέως</em></strong></span> <span class='ocrx_word' id='word_1_266' title='bbox 626 3077 763 3160; x_wconf 82' lang='grc' dir='ltr'><strong><em>εἰρῆσθαι</em></strong></span> <span class='ocrx_word' id='word_1_267' title='bbox 776 3074 974 3141; x_wconf 87' lang='grc' dir='ltr'><strong><em>διδάσκουσιν.</em></strong></span> <span class='ocrx_word' id='word_1_268' title='bbox 1018 3073 1101 3138; x_wconf 82' lang='grc' dir='ltr'><strong><em>Ἀλλά</em></strong></span> <span class='ocrx_word' id='word_1_269' title='bbox 1115 3074 1173 3157; x_wconf 70' lang='grc' dir='ltr'><strong><em>μὴν</em></strong></span> <span class='ocrx_word' id='word_1_270' title='bbox 1186 3076 1237 3139; x_wconf 80' lang='grc' dir='ltr'><strong><em>καί</em></strong></span> <span class='ocrx_word' id='word_1_271' title='bbox 1250 3071 1303 3138; x_wconf 90' lang='grc' dir='ltr'><strong><em>τόν</em></strong></span> <span class='ocrx_word' id='word_1_272' title='bbox 1317 3071 1445 3138; x_wconf 82' lang='grc' dir='ltr'><strong><em>πλαστόκ</em></strong></span> 
     </span>
     <span class='ocr_line' id='line_1_30' title="bbox 296 3173 1445 3264; baseline 0.002 -24"><span class='ocrx_word' id='word_1_273' title='bbox 296 3173 458 3260; x_wconf 89' lang='grc' dir='ltr'><strong><em>ίίνθρωπον</em></strong></span> <span class='ocrx_word' id='word_1_274' title='bbox 479 3173 541 3240; x_wconf 88' lang='grc' dir='ltr'><strong><em>κατ’</em></strong></span> <span class='ocrx_word' id='word_1_275' title='bbox 562 3175 662 3242; x_wconf 87' lang='grc' dir='ltr'><strong><em>εἰκόνα</em></strong></span> <span class='ocrx_word' id='word_1_276' title='bbox 682 3183 736 3259; x_wconf 83' lang='grc' dir='ltr'><strong><em>τῆς</em></strong></span> <span class='ocrx_word' id='word_1_277' title='bbox 757 3175 817 3241; x_wconf 85' lang='grc' dir='ltr'><strong><em>ίίνω</em></strong></span> <span class='ocrx_word' id='word_1_278' title='bbox 833 3177 987 3260; x_wconf 87' lang='grc' dir='ltr'><strong><em>δυνάμεως</em></strong></span> <span class='ocrx_word' id='word_1_279' title='bbox 1005 3179 1080 3260; x_wconf 86' lang='grc' dir='ltr'><strong><em>έχειν</em></strong></span> <span class='ocrx_word' id='word_1_280' title='bbox 1097 3179 1129 3242; x_wconf 85' lang='grc' dir='ltr'><strong><em>έν</em></strong></span> <span class='ocrx_word' id='word_1_281' title='bbox 1152 3176 1231 3264; x_wconf 75' lang='grc' dir='ltr'><strong><em>αύτῷ</em></strong></span> <span class='ocrx_word' id='word_1_282' title='bbox 1249 3173 1303 3257; x_wconf 69' lang='grc' dir='ltr'><strong><em>τὴν</em></strong></span> <span class='ocrx_word' id='word_1_283' title='bbox 1318 3173 1380 3242; x_wconf 85' lang='grc' dir='ltr'><strong><em>άπό</em></strong></span> <span class='ocrx_word' id='word_1_284' title='bbox 1392 3183 1445 3257; x_wconf 77' lang='grc' dir='ltr'><strong><em>τῆς</em></strong></span> 
     </span>
     <span class='ocr_line' id='line_1_31' title="bbox 296 3276 1445 3366; baseline 0.001 -25"><span class='ocrx_word' id='word_1_285' title='bbox 296 3285 364 3360; x_wconf 86' lang='grc' dir='ltr'><strong><em>μιᾶς</em></strong></span> <span class='ocrx_word' id='word_1_286' title='bbox 386 3283 526 3363; x_wconf 65' lang='grc' dir='ltr'><strong><em>ηπηγῆς</em></strong></span> <span class='ocrx_word' id='word_1_287' title='bbox 544 3278 684 3360; x_wconf 86' lang='grc' dir='ltr'><strong><em>δύναμιν,</em></strong></span> <span class='ocrx_word' id='word_1_288' title='bbox 716 3281 857 3364; x_wconf 76' lang='grc' dir='ltr'><strong><em>ἱδρῦσθαι</em></strong></span> <span class='ocrx_word' id='word_1_289' title='bbox 875 3280 906 3344; x_wconf 80' lang='grc' dir='ltr'><strong><em>δὲ</em></strong></span> <span class='ocrx_word' id='word_1_290' title='bbox 927 3278 1077 3362; x_wconf 68' lang='grc' dir='ltr'><strong><em>18ταύτην</em></strong></span> <span class='ocrx_word' id='word_1_291' title='bbox 1098 3281 1130 3345; x_wconf 89' lang='grc' dir='ltr'><strong><em>έν</em></strong></span> <span class='ocrx_word' id='word_1_292' title='bbox 1147 3286 1188 3366; x_wconf 81' lang='grc' dir='ltr'><strong><em>τῷ</em></strong></span> <span class='ocrx_word' id='word_1_293' title='bbox 1205 3276 1278 3342; x_wconf 84' lang='grc' dir='ltr'><strong><em>κατά</em></strong></span> <span class='ocrx_word' id='word_1_294' title='bbox 1295 3277 1349 3344; x_wconf 87' lang='grc' dir='ltr'><strong><em>τόν</em></strong></span> <span class='ocrx_word' id='word_1_295' title='bbox 1368 3280 1445 3364; x_wconf 80' lang='grc' dir='ltr'><strong><em>έχκέ·</em></strong></span> 
     </span>
     <span class='ocr_line' id='line_1_32' title="bbox 295 3375 1443 3470; baseline 0 -26"><span class='ocrx_word' id='word_1_296' title='bbox 295 3388 389 3464; x_wconf 86' lang='grc' dir='ltr'><strong><em>φαλον</em></strong></span> <span class='ocrx_word' id='word_1_297' title='bbox 407 3379 502 3470; x_wconf 79' lang='grc' dir='ltr'><strong><em>τόπῳ·</em></strong></span> <span class='ocrx_word' id='word_1_298' title='bbox 533 3378 583 3460; x_wconf 87' lang='grc' dir='ltr'><strong><em>α’φ’</em></strong></span> <span class='ocrx_word' id='word_1_299' title='bbox 600 3375 636 3463; x_wconf 79' lang='grc' dir='ltr'><strong><em>ἧς</em></strong></span> <span class='ocrx_word' id='word_1_300' title='bbox 653 3379 793 3467; x_wconf 72' lang='grc' dir='ltr'><strong><em>ἀπορρεῖν</em></strong></span> <span class='ocrx_word' id='word_1_301' title='bbox 809 3381 950 3464; x_wconf 87' lang='grc' dir='ltr'><strong><em>δυνάμεις</em></strong></span> <span class='ocrx_word' id='word_1_302' title='bbox 965 3385 1106 3466; x_wconf 89' lang='grc' dir='ltr'><strong><em>τέσσαρας</em></strong></span> <span class='ocrx_word' id='word_1_303' title='bbox 1120 3379 1182 3448; x_wconf 89' lang='grc' dir='ltr'><strong><em>κατ’</em></strong></span> <span class='ocrx_word' id='word_1_304' title='bbox 1199 3379 1299 3446; x_wconf 90' lang='grc' dir='ltr'><strong><em>εἰκόνα</em></strong></span> <span class='ocrx_word' id='word_1_305' title='bbox 1314 3389 1370 3462; x_wconf 78' lang='grc' dir='ltr'><strong><em>τῆς</em></strong></span> <span class='ocrx_word' id='word_1_306' title='bbox 1384 3379 1443 3444; x_wconf 83' lang='grc' dir='ltr'><strong><em>ίίνυ</em></strong></span> 
     </span>
     <span class='ocr_line' id='line_1_33' title="bbox 299 3481 1443 3568; baseline 0 -22"><span class='ocrx_word' id='word_1_307' title='bbox 299 3483 444 3567; x_wconf 87' lang='grc' dir='ltr'><strong><em>Τετράδος</em></strong></span> <span class='ocrx_word' id='word_1_308' title='bbox 465 3485 645 3566; x_wconf 87' lang='grc' dir='ltr'><strong><em>καλουμένας</em></strong></span> <span class='ocrx_word' id='word_1_309' title='bbox 666 3482 721 3566; x_wconf 72' lang='grc' dir='ltr'><strong><em>τὴν</em></strong></span> <span class='ocrx_word' id='word_1_310' title='bbox 742 3485 793 3564; x_wconf 82' lang='grc' dir='ltr'><strong><em>μέν</em></strong></span> <span class='ocrx_word' id='word_1_311' title='bbox 813 3483 930 3568; x_wconf 77' lang='grc' dir='ltr'><strong><em>ὅρασιν,·</em></strong></span> <span class='ocrx_word' id='word_1_312' title='bbox 961 3484 1015 3567; x_wconf 77' lang='grc' dir='ltr'><strong><em>την</em></strong></span> <span class='ocrx_word' id='word_1_313' title='bbox 1032 3487 1064 3550; x_wconf 79' lang='grc' dir='ltr'><strong><em>δέ</em></strong></span> <span class='ocrx_word' id='word_1_314' title='bbox 1081 3482 1192 3566; x_wconf 82' lang='grc' dir='ltr'><strong><em>άκοήν,</em></strong></span> <span class='ocrx_word' id='word_1_315' title='bbox 1222 3481 1276 3566; x_wconf 68' lang='grc' dir='ltr'><strong><em>τήν</em></strong></span> <span class='ocrx_word' id='word_1_316' title='bbox 1295 3484 1328 3548; x_wconf 79' lang='grc' dir='ltr'><strong><em>δέ</em></strong></span> <span class='ocrx_word' id='word_1_317' title='bbox 1344 3489 1443 3568; x_wconf 87' lang='grc' dir='ltr'><strong><em>τρίτην</em></strong></span> 
     </span>
     <span class='ocr_line' id='line_1_34' title="bbox 295 3582 1442 3672; baseline 0.001 -23"><span class='ocrx_word' id='word_1_318' title='bbox 295 3582 451 3669; x_wconf 85' lang='grc' dir='ltr'><strong><em>όσφρησιν,</em></strong></span> <span class='ocrx_word' id='word_1_319' title='bbox 473 3589 522 3650; x_wconf 87' lang='grc' dir='ltr'><strong><em>καί</em></strong></span> <span class='ocrx_word' id='word_1_320' title='bbox 538 3585 593 3669; x_wconf 77' lang='grc' dir='ltr'><strong><em>τήν</em></strong></span> <span class='ocrx_word' id='word_1_321' title='bbox 608 3585 746 3670; x_wconf 87' lang='grc' dir='ltr'><strong><em>τετάρτην</em></strong></span> <span class='ocrx_word' id='word_1_322' title='bbox 761 3592 867 3672; x_wconf 86' lang='grc' dir='ltr'><strong><em>γεῦσιν.</em></strong></span> <span class='ocrx_word' id='word_1_323' title='bbox 910 3585 970 3670; x_wconf 72' lang='grc' dir='ltr'><strong><em>Τὴν</em></strong></span> <span class='ocrx_word' id='word_1_324' title='bbox 987 3587 1019 3652; x_wconf 76' lang='grc' dir='ltr'><strong><em>δὲ</em></strong></span> <span class='ocrx_word' id='word_1_325' title='bbox 1032 3585 1178 3672; x_wconf 83' lang='grc' dir='ltr'><strong><em>Ὀγδοάδα</em></strong></span> <span class='ocrx_word' id='word_1_326' title='bbox 1193 3587 1265 3666; x_wconf 84' lang='grc' dir='ltr'><strong><em>φασὶ</em></strong></span> <span class='ocrx_word' id='word_1_327' title='bbox 1279 3585 1442 3668; x_wconf 87' lang='grc' dir='ltr'><strong><em>μηνύεσθαι</em></strong></span> 
     </span>
     <span class='ocr_line' id='line_1_35' title="bbox 293 3683 1442 3773; baseline 0.002 -24"><span class='ocrx_word' id='word_1_328' title='bbox 293 3683 342 3749; x_wconf 88' lang='grc' dir='ltr'><strong><em>διά</em></strong></span> <span class='ocrx_word' id='word_1_329' title='bbox 364 3693 417 3751; x_wconf 82' lang='grc' dir='ltr'><strong><em>τοῦ</em></strong></span> <span class='ocrx_word' id='word_1_330' title='bbox 434 3686 612 3773; x_wconf 86' lang='grc' dir='ltr'><strong><em>Ἀνθρόποο</em></strong></span> <span class='ocrx_word' id='word_1_331' title='bbox 629 3687 739 3765; x_wconf 75' lang='grc' dir='ltr'><strong><em>οὕτως,</em></strong></span> <span class='ocrx_word' id='word_1_332' title='bbox 769 3685 863 3764; x_wconf 88' lang='grc' dir='ltr'><strong><em>άκοάς</em></strong></span> <span class='ocrx_word' id='word_1_333' title='bbox 878 3689 931 3770; x_wconf 82' lang='grc' dir='ltr'><strong><em>μέν</em></strong></span> <span class='ocrx_word' id='word_1_334' title='bbox 948 3689 1003 3754; x_wconf 88' lang='grc' dir='ltr'><strong><em>δύο</em></strong></span> <span class='ocrx_word' id='word_1_335' title='bbox 1028 3696 1061 3735; x_wconf 82' lang='lat'><strong><em>¹⁴</em></strong></span> <span class='ocrx_word' id='word_1_336' title='bbox 1072 3691 1204 3772; x_wconf 78' lang='grc' dir='ltr'><strong><em>ἔχοντος,</em></strong></span> <span class='ocrx_word' id='word_1_337' title='bbox 1232 3689 1283 3753; x_wconf 84' lang='grc' dir='ltr'><strong><em>καλ</em></strong></span> <span class='ocrx_word' id='word_1_338' title='bbox 1298 3687 1442 3762; x_wconf 87' lang='grc' dir='ltr'><strong><em>τοσαύτας</em></strong></span> 
     </span>
     <span class='ocr_line' id='line_1_36' title="bbox 294 3785 1441 3876; baseline 0.002 -24"><span class='ocrx_word' id='word_1_339' title='bbox 294 3785 426 3872; x_wconf 81' lang='grc' dir='ltr'><strong><em>δράσεις,</em></strong></span> <span class='ocrx_word' id='word_1_340' title='bbox 449 3791 489 3854; x_wconf 84' lang='grc' dir='ltr'><strong><em>έτι</em></strong></span> <span class='ocrx_word' id='word_1_341' title='bbox 504 3815 533 3855; x_wconf 90' lang='grc' dir='ltr'><strong><em>τε</em></strong></span> <span class='ocrx_word' id='word_1_342' title='bbox 549 3788 707 3876; x_wconf 82' lang='grc' dir='ltr'><strong><em>όσφρήσεις</em></strong></span> <span class='ocrx_word' id='word_1_343' title='bbox 721 3792 794 3869; x_wconf 88' lang='grc' dir='ltr'><strong><em>δύο,</em></strong></span> <span class='ocrx_word' id='word_1_344' title='bbox 817 3792 867 3854; x_wconf 84' lang='grc' dir='ltr'><strong><em>καί</em></strong></span> <span class='ocrx_word' id='word_1_345' title='bbox 880 3794 987 3874; x_wconf 81' lang='grc' dir='ltr'><strong><em>διπλῆν</em></strong></span> <span class='ocrx_word' id='word_1_346' title='bbox 1001 3796 1113 3876; x_wconf 79' lang='grc' dir='ltr'><strong><em>γεῦσιν,</em></strong></span> <span class='ocrx_word' id='word_1_347' title='bbox 1136 3795 1244 3874; x_wconf 84' lang='grc' dir='ltr'><strong><em>πικροῦ</em></strong></span> <span class='ocrx_word' id='word_1_348' title='bbox 1261 3815 1292 3854; x_wconf 89' lang='grc' dir='ltr'><strong><em>τε</em></strong></span> <span class='ocrx_word' id='word_1_349' title='bbox 1309 3791 1360 3855; x_wconf 84' lang='grc' dir='ltr'><strong><em>καλ</em></strong></span> <span class='ocrx_word' id='word_1_350' title='bbox 1377 3797 1441 3876; x_wconf 75' lang='grc' dir='ltr'><strong><em>γλυ-</em></strong></span> 
     </span>
    </p>
   </div>
   <div class='ocr_carea' id='block_1_7' title="bbox 293 3973 1441 4594">
    <p class='ocr_par' dir='ltr' id='par_1_7' title="bbox 326 3973 1440 4052">
     <span class='ocr_line' id='line_1_37' title="bbox 326 3973 1440 4052; baseline -0.002 -21"><span class='ocrx_word' id='word_1_351' title='bbox 326 3979 367 4031; x_wconf 77' lang='grc'><strong><em>20.</em></strong></span> <span class='ocrx_word' id='word_1_352' title='bbox 384 3973 490 4044; x_wconf 80' lang='grc' dir='ltr'><strong><em>α’όρατω</em></strong></span> <span class='ocrx_word' id='word_1_353' title='bbox 508 3981 615 4031; x_wconf 83' lang='grc' dir='ltr'><strong><em>Ριτυδο-</em></strong></span> <span class='ocrx_word' id='word_1_354' title='bbox 624 3985 740 4044; x_wconf 75' lang='grc' dir='ltr'><strong><em>(λείμακα.</em></strong></span> <span class='ocrx_word' id='word_1_355' title='bbox 916 3981 940 4032; x_wconf 89' lang='grc'><strong><em>3.</em></strong></span> <span class='ocrx_word' id='word_1_356' title='bbox 956 3985 1028 4032; x_wconf 77' lang='lat' dir='ltr'><em>Verba</em></span> <span class='ocrx_word' id='word_1_357' title='bbox 1043 3979 1067 4034; x_wconf 83' lang='grc' dir='ltr'><strong><em>έυ</em></strong></span> <span class='ocrx_word' id='word_1_358' title='bbox 1078 3975 1145 4052; x_wconf 78' lang='grc' dir='ltr'><strong><em>οἷρχῄ</em></strong></span> <span class='ocrx_word' id='word_1_359' title='bbox 1156 4009 1189 4022; x_wconf 84' lang='grc'><strong><em>·-</em></strong></span> <span class='ocrx_word' id='word_1_360' title='bbox 1203 4009 1231 4020; x_wconf 94' lang='grc'>-</span> <span class='ocrx_word' id='word_1_361' title='bbox 1241 4009 1272 4020; x_wconf 82' lang='grc'>-</span> <span class='ocrx_word' id='word_1_362' title='bbox 1285 3979 1330 4034; x_wconf 82' lang='grc' dir='ltr'><strong><em>καλ</em></strong></span> <span class='ocrx_word' id='word_1_363' title='bbox 1343 3981 1391 4047; x_wconf 77' lang='grc' dir='ltr'><strong><em>γῆυ</em></strong></span> <span class='ocrx_word' id='word_1_364' title='bbox 1402 3983 1440 4030; x_wconf 79' lang='grc' dir='ltr'><strong><em>σε·</em></strong></span> 
     </span>
    </p>

    <p class='ocr_par' dir='ltr' id='par_1_8' title="bbox 293 4047 1441 4178">
     <span class='ocr_line' id='line_1_38' title="bbox 330 4047 1441 4114; baseline 0.001 -18"><span class='ocrx_word' id='word_1_365' title='bbox 330 4047 387 4097; x_wconf 67' lang='grc' dir='ltr'><strong><em>(ἷκε.</em></strong></span> <span class='ocrx_word' id='word_1_366' title='bbox 403 4047 461 4097; x_wconf 88' lang='lat' dir='ltr'><strong><em>XV.</em></strong></span> <span class='ocrx_word' id='word_1_367' title='bbox 479 4075 512 4086; x_wconf 89' lang='lat'>—</span> <span class='ocrx_word' id='word_1_368' title='bbox 533 4049 553 4098; x_wconf 87' lang='lat'><strong><em>1.</em></strong></span> <span class='ocrx_word' id='word_1_369' title='bbox 570 4065 594 4100; x_wconf 86' lang='grc' dir='ltr'><strong><em>τε</em></strong></span> <span class='ocrx_word' id='word_1_370' title='bbox 610 4051 685 4100; x_wconf 71' lang='lat' dir='ltr'><strong><em>adieci</em></strong></span> <span class='ocrx_word' id='word_1_371' title='bbox 701 4065 730 4100; x_wconf 81' lang='grc' dir='ltr'><strong><em>εκ</em></strong></span> <span class='ocrx_word' id='word_1_372' title='bbox 749 4051 795 4098; x_wconf 74' lang='lat' dir='ltr'><strong><em>Vel.</em></strong></span> <span class='ocrx_word' id='word_1_373' title='bbox 812 4052 849 4099; x_wconf 86' lang='grc' dir='ltr'><strong><em>λκ-</em></strong></span> <span class='ocrx_word' id='word_1_374' title='bbox 882 4049 1015 4098; x_wconf 72' lang='lat' dir='ltr'><strong><em>siderentur</em></strong></span> <span class='ocrx_word' id='word_1_375' title='bbox 1029 4055 1054 4100; x_wconf 79' lang='grc' dir='ltr'><strong><em>ιιι</em></strong></span> <span class='ocrx_word' id='word_1_376' title='bbox 1066 4053 1101 4100; x_wconf 76' lang='grc' dir='ltr'><strong><em>τά.</em></strong></span> <span class='ocrx_word' id='word_1_377' title='bbox 1115 4053 1189 4114; x_wconf 75' lang='lat' dir='ltr'><strong><em>princ.</em></strong></span> <span class='ocrx_word' id='word_1_378' title='bbox 1217 4053 1328 4102; x_wconf 80' lang='grc' dir='ltr'><strong><em>Ρτιανίαι</em></strong></span> <span class='ocrx_word' id='word_1_379' title='bbox 1339 4055 1441 4112; x_wconf 76' lang='grc' dir='ltr'><strong><em>μείναντι</em></strong></span> 
     </span>
     <span class='ocr_line' id='line_1_39' title="bbox 293 4119 1221 4178; baseline -0.004 -12"><span class='ocrx_word' id='word_1_380' title='bbox 293 4121 395 4178; x_wconf 65' lang='lat' dir='ltr'><strong><em>termene.</em></strong></span> <span class='ocrx_word' id='word_1_381' title='bbox 882 4131 910 4167; x_wconf 89' lang='grc' dir='ltr'><strong><em>ιυ</em></strong></span> <span class='ocrx_word' id='word_1_382' title='bbox 927 4119 1021 4168; x_wconf 73' lang='lat' dir='ltr'><strong><em>addidit</em></strong></span> <span class='ocrx_word' id='word_1_383' title='bbox 1037 4132 1066 4167; x_wconf 82' lang='grc' dir='ltr'><strong><em>τα</em></strong></span> <span class='ocrx_word' id='word_1_384' title='bbox 1082 4119 1132 4168; x_wconf 79' lang='lat' dir='ltr'><strong>cod.</strong></span> <span class='ocrx_word' id='word_1_385' title='bbox 1149 4119 1221 4168; x_wconf 73' lang='lat' dir='ltr'><em>Vana.</em></span> 
     </span>
    </p>

    <p class='ocr_par' dir='ltr' id='par_1_9' title="bbox 293 4178 1440 4594">
     <span class='ocr_line' id='line_1_40' title="bbox 326 4178 1440 4250; baseline 0 -14"><span class='ocrx_word' id='word_1_386' title='bbox 326 4185 350 4235; x_wconf 75' lang='grc' dir='ltr'><strong><em>’λ</em></strong></span> <span class='ocrx_word' id='word_1_387' title='bbox 367 4178 598 4250; x_wconf 84' lang='grc' dir='ltr'><strong><em>μεταμορφοίζουσιι</em></strong></span> <span class='ocrx_word' id='word_1_388' title='bbox 610 4187 677 4234; x_wconf 79' lang='lat' dir='ltr'><strong>codd.</strong></span> <span class='ocrx_word' id='word_1_389' title='bbox 689 4189 741 4236; x_wconf 75' lang='lat' dir='ltr'><strong><em>Vm.</em></strong></span> <span class='ocrx_word' id='word_1_390' title='bbox 753 4187 849 4248; x_wconf 77' lang='grc' dir='ltr'><strong><em>λλισίρ.</em></strong></span> <span class='ocrx_word' id='word_1_391' title='bbox 915 4183 939 4236; x_wconf 77' lang='grc' dir='ltr'><strong><em>έ.</em></strong></span> <span class='ocrx_word' id='word_1_392' title='bbox 957 4183 985 4238; x_wconf 81' lang='grc' dir='ltr'><strong><em>ιδ</em></strong></span> <span class='ocrx_word' id='word_1_393' title='bbox 999 4189 1089 4236; x_wconf 73' lang='lat' dir='ltr'><em>comm·</em></span> <span class='ocrx_word' id='word_1_394' title='bbox 1100 4201 1129 4237; x_wconf 84' lang='grc' dir='ltr'><strong><em>τα</em></strong></span> <span class='ocrx_word' id='word_1_395' title='bbox 1146 4189 1192 4236; x_wconf 72' lang='lat' dir='ltr'><strong><em>Vel.</em></strong></span> <span class='ocrx_word' id='word_1_396' title='bbox 1204 4188 1336 4250; x_wconf 75' lang='grc' dir='ltr'><strong><em>λελειμτείι.</em></strong></span> <span class='ocrx_word' id='word_1_397' title='bbox 1372 4188 1440 4250; x_wconf 73' lang='grc' dir='ltr'><strong><em>λὐλρο</em></strong></span> 
     </span>
     <span class='ocr_line' id='line_1_41' title="bbox 295 4251 1011 4320; baseline -0.001 -17"><span class='ocrx_word' id='word_1_398' title='bbox 295 4253 391 4314; x_wconf 64' lang='lat' dir='ltr'><strong><em>Pam,</em></strong></span> <span class='ocrx_word' id='word_1_399' title='bbox 415 4258 436 4302; x_wconf 85' lang='grc' dir='ltr'><strong><em>ει</em></strong></span> <span class='ocrx_word' id='word_1_400' title='bbox 452 4253 488 4302; x_wconf 80' lang='lat' dir='ltr'><strong><em>ed.</em></strong></span> <span class='ocrx_word' id='word_1_401' title='bbox 505 4254 584 4301; x_wconf 80' lang='grc' dir='ltr'><strong><em>Ραλου.</em></strong></span> <span class='ocrx_word' id='word_1_402' title='bbox 619 4251 849 4320; x_wconf 77' lang='grc' dir='ltr'><strong><em>μεταμορφόζουσιυ</em></strong></span> <span class='ocrx_word' id='word_1_403' title='bbox 882 4259 946 4304; x_wconf 71' lang='lat' dir='ltr'><strong><em>extat</em></strong></span> <span class='ocrx_word' id='word_1_404' title='bbox 961 4251 1011 4306; x_wconf 87' lang='grc' dir='ltr'><strong><em>τδυ.</em></strong></span> 
     </span>
     <span class='ocr_line' id='line_1_42' title="bbox 295 4319 1375 4386; baseline 0.008 -18"><span class='ocrx_word' id='word_1_405' title='bbox 295 4321 330 4369; x_wconf 77' lang='grc' dir='ltr'><strong><em>εδ.</em></strong></span> <span class='ocrx_word' id='word_1_406' title='bbox 343 4323 417 4380; x_wconf 71' lang='lat' dir='ltr'><strong><em>princ.</em></strong></span> <span class='ocrx_word' id='word_1_407' title='bbox 447 4323 492 4370; x_wconf 74' lang='lat' dir='ltr'><strong><em>Vel.</em></strong></span> <span class='ocrx_word' id='word_1_408' title='bbox 503 4323 629 4379; x_wconf 75' lang='grc' dir='ltr'><strong><em>ἰοίεεμτειι</em></strong></span> <span class='ocrx_word' id='word_1_409' title='bbox 643 4323 849 4370; x_wconf 70' lang='lat' dir='ltr'><strong>transformantes</strong></span> <span class='ocrx_word' id='word_1_410' title='bbox 915 4325 938 4374; x_wconf 78' lang='grc' dir='ltr'><strong><em>ὁ.</em></strong></span> <span class='ocrx_word' id='word_1_411' title='bbox 959 4325 1032 4386; x_wconf 68' lang='lat' dir='ltr'><strong><em>Vulgo</em></strong></span> <span class='ocrx_word' id='word_1_412' title='bbox 1048 4319 1099 4376; x_wconf 82' lang='grc' dir='ltr'><strong><em>τόν.</em></strong></span> <span class='ocrx_word' id='word_1_413' title='bbox 1135 4327 1214 4376; x_wconf 73' lang='lat' dir='ltr'><strong><em>omitt.</em></strong></span> <span class='ocrx_word' id='word_1_414' title='bbox 1229 4327 1280 4374; x_wconf 77' lang='grc' dir='ltr'><strong><em>τυιί.</em></strong></span> <span class='ocrx_word' id='word_1_415' title='bbox 1298 4327 1375 4375; x_wconf 70' lang='lat' dir='ltr'><strong><em>rena.</em></strong></span> 
     </span>
     <span class='ocr_line' id='line_1_43' title="bbox 296 4389 1437 4455; baseline 0.005 -19"><span class='ocrx_word' id='word_1_416' title='bbox 296 4399 421 4452; x_wconf 75' lang='lat' dir='ltr'>coaptant.</span> <span class='ocrx_word' id='word_1_417' title='bbox 447 4391 530 4438; x_wconf 78' lang='grc' dir='ltr'><strong><em>Βιλλίυι</em></strong></span> <span class='ocrx_word' id='word_1_418' title='bbox 545 4393 566 4438; x_wconf 76' lang='grc' dir='ltr'><strong><em>ελ</em></strong></span> <span class='ocrx_word' id='word_1_419' title='bbox 581 4391 663 4437; x_wconf 72' lang='lat' dir='ltr'><em>Fronto</em></span> <span class='ocrx_word' id='word_1_420' title='bbox 677 4390 782 4438; x_wconf 78' lang='grc' dir='ltr'><strong><em>θυοοαυι</em></strong></span> <span class='ocrx_word' id='word_1_421' title='bbox 795 4393 850 4440; x_wconf 75' lang='lat' dir='ltr'><strong><em>bene</em></strong></span> <span class='ocrx_word' id='word_1_422' title='bbox 915 4390 939 4443; x_wconf 81' lang='lat'><strong><em>6.</em></strong></span> <span class='ocrx_word' id='word_1_423' title='bbox 957 4389 986 4443; x_wconf 78' lang='grc' dir='ltr'><strong><em>δὲ</em></strong></span> <span class='ocrx_word' id='word_1_424' title='bbox 997 4395 1147 4454; x_wconf 66' lang='lat' dir='ltr'><strong><em>peracutum,</em></strong></span> <span class='ocrx_word' id='word_1_425' title='bbox 1159 4407 1230 4454; x_wconf 77' lang='lat' dir='ltr'><strong><em>quam</em></strong></span> <span class='ocrx_word' id='word_1_426' title='bbox 1242 4395 1296 4455; x_wconf 76' lang='grc' dir='ltr'><strong><em>ἰεςίλ</em></strong></span> <span class='ocrx_word' id='word_1_427' title='bbox 1312 4396 1359 4444; x_wconf 71' lang='lat' dir='ltr'><strong><em>Vct.</em></strong></span> <span class='ocrx_word' id='word_1_428' title='bbox 1369 4395 1437 4443; x_wconf 82' lang='grc' dir='ltr'><strong><em>ἰκίτε·</em></strong></span> 
     </span>
     <span class='ocr_line' id='line_1_44' title="bbox 294 4453 1437 4523; baseline 0.007 -19"><span class='ocrx_word' id='word_1_429' title='bbox 294 4462 439 4506; x_wconf 82' lang='grc' dir='ltr'><strong><em>οοττιατευκλ</em></strong></span> <span class='ocrx_word' id='word_1_430' title='bbox 451 4453 646 4522; x_wconf 66' lang='grc' dir='ltr'><strong><em>μιθαρμίζουοι,</em></strong></span> <span class='ocrx_word' id='word_1_431' title='bbox 665 4457 793 4508; x_wconf 70' lang='lat' dir='ltr'><strong><em>massuetus</em></strong></span> <span class='ocrx_word' id='word_1_432' title='bbox 805 4473 848 4523; x_wconf 84' lang='grc' dir='ltr'><strong><em>με·</em></strong></span> <span class='ocrx_word' id='word_1_433' title='bbox 879 4472 948 4522; x_wconf 75' lang='lat' dir='ltr'>pres,</span> <span class='ocrx_word' id='word_1_434' title='bbox 965 4463 1094 4522; x_wconf 78' lang='grc' dir='ltr'><strong><em>ηοελυλυιυκ</em></strong></span> <span class='ocrx_word' id='word_1_435' title='bbox 1111 4465 1221 4510; x_wconf 70' lang='lat' dir='ltr'><strong><em>sementia</em></strong></span> <span class='ocrx_word' id='word_1_436' title='bbox 1235 4465 1332 4522; x_wconf 77' lang='grc' dir='ltr'><strong><em>τεηκιίυι·</em></strong></span> <span class='ocrx_word' id='word_1_437' title='bbox 1348 4477 1377 4511; x_wconf 83' lang='grc' dir='ltr'><strong><em>εκ</em></strong></span> <span class='ocrx_word' id='word_1_438' title='bbox 1391 4476 1437 4511; x_wconf 79' lang='grc' dir='ltr'><strong><em>υοα</em></strong></span> 
     </span>
     <span class='ocr_line' id='line_1_45' title="bbox 293 4519 1438 4594; baseline 0.007 -20"><span class='ocrx_word' id='word_1_439' title='bbox 293 4522 493 4590; x_wconf 79' lang='grc' dir='ltr'><strong><em>ταμορφάζουτες</em></strong></span> <span class='ocrx_word' id='word_1_440' title='bbox 509 4519 706 4592; x_wconf 66' lang='grc' dir='ltr'><strong><em>μιθαρμίζουσι</em></strong></span> <span class='ocrx_word' id='word_1_441' title='bbox 881 4525 1005 4594; x_wconf 78' lang='grc' dir='ltr'><strong><em>δευτέραν.</em></strong></span> <span class='ocrx_word' id='word_1_442' title='bbox 1041 4529 1189 4580; x_wconf 66' lang='lat' dir='ltr'><strong><em>venderetur</em></strong></span> <span class='ocrx_word' id='word_1_443' title='bbox 1209 4531 1270 4580; x_wconf 79' lang='grc' dir='ltr'><strong><em>τκῑοι</em></strong></span> <span class='ocrx_word' id='word_1_444' title='bbox 1292 4533 1318 4580; x_wconf 82' lang='grc' dir='ltr'><strong><em>ιιι</em></strong></span> <span class='ocrx_word' id='word_1_445' title='bbox 1334 4531 1438 4582; x_wconf 69' lang='lat' dir='ltr'><strong><em>omnibu</em></strong></span> 
     </span>
    </p>
   </div>
   <div class='ocr_carea' id='block_1_8' title="bbox 0 0 1558 4990">
    <p class='ocr_par' dir='ltr' id='par_1_10' title="bbox 0 0 1558 4990">
     <span class='ocr_line' id='line_1_46' title="bbox 0 0 1558 4990; baseline 0 2"><span class='ocrx_word' id='word_1_446' title='bbox 0 0 1558 4990; x_wconf 95' lang='lat' dir='ltr'><strong><em> </em></strong></span> 
     </span>
    </p>
   </div>
  </div>
 </body>
</html>
