<?xml version="1.0" encoding="UTF-8"?>
<!DOCTYPE html PUBLIC "-//W3C//DTD XHTML 1.0 Transitional//EN"
    "http://www.w3.org/TR/xhtml1/DTD/xhtml1-transitional.dtd">
<html xmlns="http://www.w3.org/1999/xhtml" xml:lang="en" lang="en">
 <head>
  <title>
</title>
<meta http-equiv="Content-Type" content="text/html;charset=utf-8" />
  <meta name='ocr-system' content='tesseract 3.04.00' />
  <meta name='ocr-capabilities' content='ocr_page ocr_carea ocr_par ocr_line ocrx_word'/>
</head>
<body>
  <div class='ocr_page' id='page_1' title='image "./corporishaerese01oehlgoog_0382.png"; bbox 0 0 3100 4984; ppageno 0'>
   <div class='ocr_carea' id='block_1_1' title="bbox 337 293 1217 360">
    <p class='ocr_par' dir='ltr' id='par_1_1' title="bbox 337 293 1217 360">
     <span class='ocr_line' id='line_1_1' title="bbox 337 293 1217 360; baseline 0 -2"><span class='ocrx_word' id='word_1_1' title='bbox 337 307 469 359; x_wconf 80' lang='lat' dir='ltr'>neuneu</span> <span class='ocrx_word' id='word_1_2' title='bbox 489 309 551 360; x_wconf 82' lang='lat' dir='ltr'>ura.</span> <span class='ocrx_word' id='word_1_3' title='bbox 565 309 583 359; x_wconf 94' lang='grc' dir='ltr'>ι.</span> <span class='ocrx_word' id='word_1_4' title='bbox 599 307 680 360; x_wconf 88' lang='lat' dir='ltr'>rou.</span> <span class='ocrx_word' id='word_1_5' title='bbox 693 308 723 360; x_wconf 87' lang='lat' dir='ltr'>n.</span> <span class='ocrx_word' id='word_1_6' title='bbox 743 307 838 358; x_wconf 81' lang='lat' dir='ltr'>anea.</span> <span class='ocrx_word' id='word_1_7' title='bbox 853 307 953 358; x_wconf 77' lang='lat' dir='ltr'>xxxa.</span> <span class='ocrx_word' id='word_1_8' title='bbox 1156 293 1217 360; x_wconf 80' lang='grc'>369</span> 
     </span>
    </p>
   </div>
   <div class='ocr_carea' id='block_1_2' title="bbox 69 423 1354 1640">
    <p class='ocr_par' dir='ltr' id='par_1_2' title="bbox 69 423 1354 1640">
     <span class='ocr_line' id='line_1_2' title="bbox 71 423 1354 528; baseline -0.003 -38"><span class='ocrx_word' id='word_1_9' title='bbox 71 425 190 512; x_wconf 77' lang='lat' dir='ltr'>igurari</span> <span class='ocrx_word' id='word_1_10' title='bbox 209 427 437 528; x_wconf 48' lang='lat' dir='ltr'>evaoilestum</span> <span class='ocrx_word' id='word_1_11' title='bbox 452 428 525 492; x_wconf 84' lang='lat' dir='ltr'>fieri.</span> <span class='ocrx_word' id='word_1_12' title='bbox 571 423 656 510; x_wconf 81' lang='lat' dir='ltr'>Quod</span> <span class='ocrx_word' id='word_1_13' title='bbox 673 424 782 491; x_wconf 90' lang='lat' dir='ltr'>Paulus</span> <span class='ocrx_word' id='word_1_14' title='bbox 798 427 859 512; x_wconf 88' lang='lat' dir='ltr'>ipse</span> <span class='ocrx_word' id='word_1_15' title='bbox 874 436 1009 492; x_wconf 86' lang='lat' dir='ltr'>testator.</span> <span class='ocrx_word' id='word_1_16' title='bbox 1055 432 1148 502; x_wconf 83' lang='lat' dir='ltr'>Omne,</span> <span class='ocrx_word' id='word_1_17' title='bbox 1173 428 1218 492; x_wconf 61' lang='lat' dir='ltr'>ina</span> <span class='ocrx_word' id='word_1_18' title='bbox 1231 437 1354 498; x_wconf 71' lang='lat' dir='ltr'>apuam</span> 
     </span>
     <span class='ocr_line' id='line_1_3' title="bbox 72 527 1219 615; baseline 0 -21"><span class='ocrx_word' id='word_1_19' title='bbox 72 530 153 614; x_wconf 89' lang='lat' dir='ltr'>quit,</span> <span class='ocrx_word' id='word_1_20' title='bbox 176 533 253 611; x_wconf 84' lang='lat' dir='ltr'>qnod</span> <span class='ocrx_word' id='word_1_21' title='bbox 269 532 466 611; x_wconf 77' lang='lat' dir='ltr'>manifestatur</span> <span class='ocrx_word' id='word_1_22' title='bbox 484 533 575 592; x_wconf 83' lang='lat' dir='ltr'>tumea</span> <span class='ocrx_word' id='word_1_23' title='bbox 592 543 644 592; x_wconf 82' lang='lat' dir='ltr'>est.</span> <span class='ocrx_word' id='word_1_24' title='bbox 692 528 791 613; x_wconf 81' lang='lat' dir='ltr'>Quare</span> <span class='ocrx_word' id='word_1_25' title='bbox 808 551 871 592; x_wconf 91' lang='lat' dir='ltr'>cum</span> <span class='ocrx_word' id='word_1_26' title='bbox 888 527 1042 593; x_wconf 77' lang='lat' dir='ltr'>Hominem</span> <span class='ocrx_word' id='word_1_27' title='bbox 1059 541 1145 615; x_wconf 89' lang='lat' dir='ltr'>atque</span> <span class='ocrx_word' id='word_1_28' title='bbox 1161 528 1219 594; x_wconf 85' lang='lat' dir='ltr'>Ec·</span> 
     </span>
     <span class='ocr_line' id='line_1_4' title="bbox 72 630 1220 717; baseline 0.002 -22"><span class='ocrx_word' id='word_1_29' title='bbox 72 633 191 696; x_wconf 87' lang='lat' dir='ltr'>clesiam</span> <span class='ocrx_word' id='word_1_30' title='bbox 212 630 281 695; x_wconf 88' lang='lat' dir='ltr'>Vita</span> <span class='ocrx_word' id='word_1_31' title='bbox 299 633 471 715; x_wconf 71' lang='lat' dir='ltr'>patefecerit</span> <span class='ocrx_word' id='word_1_32' title='bbox 487 653 522 697; x_wconf 88' lang='lat' dir='ltr'>ac</span> <span class='ocrx_word' id='word_1_33' title='bbox 538 633 690 717; x_wconf 77' lang='lat' dir='ltr'>genuerit,</span> <span class='ocrx_word' id='word_1_34' title='bbox 721 632 825 696; x_wconf 89' lang='lat' dir='ltr'>merito</span> <span class='ocrx_word' id='word_1_35' title='bbox 843 632 1008 696; x_wconf 91' lang='lat' dir='ltr'>eorumdem</span> <span class='ocrx_word' id='word_1_36' title='bbox 1025 632 1077 697; x_wconf 82' lang='lat' dir='ltr'>lux</span> <span class='ocrx_word' id='word_1_37' title='bbox 1093 633 1220 697; x_wconf 89' lang='lat' dir='ltr'>essedi-</span> 
     </span>
     <span class='ocr_line' id='line_1_5' title="bbox 72 731 1218 820; baseline 0.002 -23"><span class='ocrx_word' id='word_1_38' title='bbox 72 735 160 799; x_wconf 90' lang='lat' dir='ltr'>eitur.</span> <span class='ocrx_word' id='word_1_39' title='bbox 200 731 347 818; x_wconf 76' lang='lat' dir='ltr'><strong>Quocirca</strong></span> <span class='ocrx_word' id='word_1_40' title='bbox 363 734 516 820; x_wconf 89' lang='lat' dir='ltr'>perspicuo</span> <span class='ocrx_word' id='word_1_41' title='bbox 533 731 660 798; x_wconf 86' lang='lat' dir='ltr'>loannes</span> <span class='ocrx_word' id='word_1_42' title='bbox 676 734 721 798; x_wconf 89' lang='lat' dir='ltr'>bis</span> <span class='ocrx_word' id='word_1_43' title='bbox 738 734 835 798; x_wconf 89' lang='lat' dir='ltr'>verbis</span> <span class='ocrx_word' id='word_1_44' title='bbox 851 757 915 798; x_wconf 90' lang='lat' dir='ltr'>cum</span> <span class='ocrx_word' id='word_1_45' title='bbox 933 734 1001 814; x_wconf 90' lang='lat' dir='ltr'>alia,</span> <span class='ocrx_word' id='word_1_46' title='bbox 1026 745 1084 798; x_wconf 88' lang='lat' dir='ltr'>tum</span> <span class='ocrx_word' id='word_1_47' title='bbox 1098 735 1218 799; x_wconf 87' lang='lat' dir='ltr'>altorum</span> 
     </span>
     <span class='ocr_line' id='line_1_6' title="bbox 70 834 1216 922; baseline 0 -22"><span class='ocrx_word' id='word_1_48' title='bbox 70 837 291 920; x_wconf 85' lang='lat' dir='ltr'>quaternionem</span> <span class='ocrx_word' id='word_1_49' title='bbox 308 838 433 922; x_wconf 82' lang='lat' dir='ltr'>aperuit,</span> <span class='ocrx_word' id='word_1_50' title='bbox 452 834 583 901; x_wconf 79' lang='lat' dir='ltr'>Verbum</span> <span class='ocrx_word' id='word_1_51' title='bbox 597 847 628 902; x_wconf 88' lang='lat' dir='ltr'>ct</span> <span class='ocrx_word' id='word_1_52' title='bbox 642 834 753 915; x_wconf 89' lang='lat' dir='ltr'>Vitam,</span> <span class='ocrx_word' id='word_1_53' title='bbox 774 835 926 900; x_wconf 81' lang='lat' dir='ltr'>Hominem</span> <span class='ocrx_word' id='word_1_54' title='bbox 943 848 1027 922; x_wconf 91' lang='lat' dir='ltr'>atquc</span> <span class='ocrx_word' id='word_1_55' title='bbox 1041 835 1216 900; x_wconf 75' lang='lat' dir='ltr'>Ecclesiam.</span> 
     </span>
     <span class='ocr_line' id='line_1_7' title="bbox 69 935 1221 1026; baseline 0 -24"><span class='ocrx_word' id='word_1_56' title='bbox 69 937 136 1002; x_wconf 90' lang='lat' dir='ltr'>Nec</span> <span class='ocrx_word' id='word_1_57' title='bbox 154 939 249 1004; x_wconf 89' lang='lat' dir='ltr'>miuus</span> <span class='ocrx_word' id='word_1_58' title='bbox 263 951 359 1004; x_wconf 87' lang='lat' dir='ltr'>tamen</span> <span class='ocrx_word' id='word_1_59' title='bbox 374 939 502 1026; x_wconf 90' lang='lat' dir='ltr'>priorem</span> <span class='ocrx_word' id='word_1_60' title='bbox 518 938 738 1024; x_wconf 75' lang='lat' dir='ltr'>quaternionem</span> <span class='ocrx_word' id='word_1_61' title='bbox 755 939 874 1004; x_wconf 88' lang='lat' dir='ltr'>iudicat.</span> <span class='ocrx_word' id='word_1_62' title='bbox 920 937 995 1004; x_wconf 85' lang='lat' dir='ltr'>Com</span> <span class='ocrx_word' id='word_1_63' title='bbox 1012 939 1087 1004; x_wconf 91' lang='lat' dir='ltr'>enim</span> <span class='ocrx_word' id='word_1_64' title='bbox 1102 939 1138 1002; x_wconf 90' lang='lat' dir='ltr'>de</span> <span class='ocrx_word' id='word_1_65' title='bbox 1154 935 1221 1003; x_wconf 86' lang='lat' dir='ltr'>Sul·</span> 
     </span>
     <span class='ocr_line' id='line_1_8' title="bbox 69 1040 1221 1127; baseline -0.001 -21"><span class='ocrx_word' id='word_1_66' title='bbox 69 1053 173 1106; x_wconf 86' lang='lat' dir='ltr'>ratore</span> <span class='ocrx_word' id='word_1_67' title='bbox 190 1042 326 1121; x_wconf 89' lang='lat' dir='ltr'>disserit,</span> <span class='ocrx_word' id='word_1_68' title='bbox 350 1043 505 1126; x_wconf 86' lang='lat' dir='ltr'>omniaque</span> <span class='ocrx_word' id='word_1_69' title='bbox 523 1063 596 1126; x_wconf 89' lang='lat' dir='ltr'>quae</span> <span class='ocrx_word' id='word_1_70' title='bbox 613 1053 697 1105; x_wconf 79' lang='lat' dir='ltr'>extra</span> <span class='ocrx_word' id='word_1_71' title='bbox 716 1040 848 1106; x_wconf 82' lang='lat' dir='ltr'>Pleroma</span> <span class='ocrx_word' id='word_1_72' title='bbox 864 1040 981 1106; x_wconf 88' lang='lat' dir='ltr'>suntab</span> <span class='ocrx_word' id='word_1_73' title='bbox 997 1043 1059 1127; x_wconf 92' lang='lat' dir='ltr'>ipso</span> <span class='ocrx_word' id='word_1_74' title='bbox 1075 1063 1142 1106; x_wconf 89' lang='lat' dir='ltr'>csse</span> <span class='ocrx_word' id='word_1_75' title='bbox 1162 1043 1221 1106; x_wconf 90' lang='lat' dir='ltr'>lor·</span> 
     </span>
     <span class='ocr_line' id='line_1_9' title="bbox 69 1141 1219 1224; baseline 0 -16"><span class='ocrx_word' id='word_1_76' title='bbox 69 1157 147 1209; x_wconf 87' lang='lat' dir='ltr'>mata</span> <span class='ocrx_word' id='word_1_77' title='bbox 159 1145 272 1224; x_wconf 90' lang='lat' dir='ltr'>scribit,</span> <span class='ocrx_word' id='word_1_78' title='bbox 289 1144 378 1210; x_wconf 88' lang='lat' dir='ltr'>totius</span> <span class='ocrx_word' id='word_1_79' title='bbox 393 1145 471 1208; x_wconf 91' lang='lat' dir='ltr'>illum</span> <span class='ocrx_word' id='word_1_80' title='bbox 484 1142 660 1208; x_wconf 90' lang='lat' dir='ltr'>Pleromatis</span> <span class='ocrx_word' id='word_1_81' title='bbox 675 1146 799 1208; x_wconf 87' lang='lat' dir='ltr'>fructum</span> <span class='ocrx_word' id='word_1_82' title='bbox 815 1165 881 1209; x_wconf 89' lang='lat' dir='ltr'>esse</span> <span class='ocrx_word' id='word_1_83' title='bbox 896 1155 1115 1208; x_wconf 87' lang='lat' dir='ltr'>commonstrat.</span> <span class='ocrx_word' id='word_1_84' title='bbox 1142 1141 1219 1208; x_wconf 91' lang='lat' dir='ltr'>Nam</span> 
     </span>
     <span class='ocr_line' id='line_1_10' title="bbox 69 1247 1221 1332; baseline -0.001 -22"><span class='ocrx_word' id='word_1_85' title='bbox 69 1247 149 1312; x_wconf 89' lang='lat' dir='ltr'>illum</span> <span class='ocrx_word' id='word_1_86' title='bbox 170 1248 262 1312; x_wconf 91' lang='lat' dir='ltr'>lucem</span> <span class='ocrx_word' id='word_1_87' title='bbox 281 1269 347 1312; x_wconf 90' lang='lat' dir='ltr'>esse</span> <span class='ocrx_word' id='word_1_88' title='bbox 365 1247 456 1328; x_wconf 82' lang='lat' dir='ltr'>dixit,</span> <span class='ocrx_word' id='word_1_89' title='bbox 481 1267 554 1332; x_wconf 88' lang='lat' dir='ltr'>quae</span> <span class='ocrx_word' id='word_1_90' title='bbox 571 1247 649 1312; x_wconf 90' lang='lat' dir='ltr'>lucet</span> <span class='ocrx_word' id='word_1_91' title='bbox 664 1247 693 1310; x_wconf 91' lang='lat' dir='ltr'>in</span> <span class='ocrx_word' id='word_1_92' title='bbox 710 1247 856 1326; x_wconf 89' lang='lat' dir='ltr'>tenebris,</span> <span class='ocrx_word' id='word_1_93' title='bbox 880 1268 934 1310; x_wconf 88' lang='lat' dir='ltr'>aec</span> <span class='ocrx_word' id='word_1_94' title='bbox 951 1247 986 1310; x_wconf 91' lang='lat' dir='ltr'>ab</span> <span class='ocrx_word' id='word_1_95' title='bbox 1001 1247 1072 1332; x_wconf 88' lang='lat' dir='ltr'>ipsis</span> <span class='ocrx_word' id='word_1_96' title='bbox 1089 1267 1221 1332; x_wconf 90' lang='lat' dir='ltr'>compre·</span> 
     </span>
     <span class='ocr_line' id='line_1_11' title="bbox 70 1349 1221 1436; baseline 0.001 -23"><span class='ocrx_word' id='word_1_97' title='bbox 70 1351 225 1430; x_wconf 81' lang='lat' dir='ltr'>benditur3</span> <span class='ocrx_word' id='word_1_98' title='bbox 256 1371 292 1416; x_wconf 88' lang='lat' dir='ltr'>co</span> <span class='ocrx_word' id='word_1_99' title='bbox 312 1351 471 1436; x_wconf 90' lang='lat' dir='ltr'>quodcum</span> <span class='ocrx_word' id='word_1_100' title='bbox 491 1349 605 1430; x_wconf 88' lang='lat' dir='ltr'>omnia,</span> <span class='ocrx_word' id='word_1_101' title='bbox 636 1371 709 1435; x_wconf 90' lang='lat' dir='ltr'>quae</span> <span class='ocrx_word' id='word_1_102' title='bbox 729 1371 768 1414; x_wconf 81' lang='lat' dir='ltr'>ere</span> <span class='ocrx_word' id='word_1_103' title='bbox 787 1351 980 1414; x_wconf 89' lang='lat' dir='ltr'>commotione</span> <span class='ocrx_word' id='word_1_104' title='bbox 998 1361 1093 1413; x_wconf 87' lang='lat' dir='ltr'>ortum</span> <span class='ocrx_word' id='word_1_105' title='bbox 1114 1349 1221 1414; x_wconf 90' lang='lat' dir='ltr'>babue-</span> 
     </span>
     <span class='ocr_line' id='line_1_12' title="bbox 70 1448 1221 1538; baseline -0.001 -22"><span class='ocrx_word' id='word_1_106' title='bbox 70 1463 153 1532; x_wconf 90' lang='lat' dir='ltr'>rant,</span> <span class='ocrx_word' id='word_1_107' title='bbox 187 1453 417 1538; x_wconf 77' lang='lat' dir='ltr'>composuisset,</span> <span class='ocrx_word' id='word_1_108' title='bbox 448 1452 485 1516; x_wconf 92' lang='lat' dir='ltr'>ab</span> <span class='ocrx_word' id='word_1_109' title='bbox 502 1452 559 1516; x_wconf 90' lang='lat' dir='ltr'>illis</span> <span class='ocrx_word' id='word_1_110' title='bbox 576 1473 756 1537; x_wconf 89' lang='lat' dir='ltr'>nequaquam</span> <span class='ocrx_word' id='word_1_111' title='bbox 772 1463 818 1516; x_wconf 88' lang='lat' dir='ltr'>est</span> <span class='ocrx_word' id='word_1_112' title='bbox 835 1451 962 1536; x_wconf 88' lang='lat' dir='ltr'>agnitus.</span> <span class='ocrx_word' id='word_1_113' title='bbox 1009 1448 1068 1516; x_wconf 85' lang='lat' dir='ltr'>Sed</span> <span class='ocrx_word' id='word_1_114' title='bbox 1087 1463 1117 1515; x_wconf 91' lang='lat' dir='ltr'>et</span> <span class='ocrx_word' id='word_1_115' title='bbox 1134 1451 1221 1516; x_wconf 86' lang='lat' dir='ltr'>lilium</span> 
     </span>
     <span class='ocr_line' id='line_1_13' title="bbox 70 1552 1222 1640; baseline -0.001 -21"><span class='ocrx_word' id='word_1_116' title='bbox 70 1557 196 1620; x_wconf 87' lang='lat' dir='ltr'>enodem</span> <span class='ocrx_word' id='word_1_117' title='bbox 209 1577 244 1619; x_wconf 90' lang='lat' dir='ltr'>ac</span> <span class='ocrx_word' id='word_1_118' title='bbox 259 1555 439 1633; x_wconf 86' lang='lat' dir='ltr'>Veritatem,</span> <span class='ocrx_word' id='word_1_119' title='bbox 464 1566 495 1620; x_wconf 89' lang='lat' dir='ltr'>et</span> <span class='ocrx_word' id='word_1_120' title='bbox 510 1553 607 1618; x_wconf 89' lang='lat' dir='ltr'>Vitam</span> <span class='ocrx_word' id='word_1_121' title='bbox 625 1565 654 1617; x_wconf 89' lang='lat' dir='ltr'>ct</span> <span class='ocrx_word' id='word_1_122' title='bbox 670 1552 800 1619; x_wconf 89' lang='lat' dir='ltr'>Verbum</span> <span class='ocrx_word' id='word_1_123' title='bbox 819 1556 892 1640; x_wconf 91' lang='lat' dir='ltr'>quod</span> <span class='ocrx_word' id='word_1_124' title='bbox 908 1577 977 1620; x_wconf 89' lang='lat' dir='ltr'>earo</span> <span class='ocrx_word' id='word_1_125' title='bbox 993 1556 1099 1618; x_wconf 89' lang='lat' dir='ltr'>lactum</span> <span class='ocrx_word' id='word_1_126' title='bbox 1117 1555 1157 1618; x_wconf 87' lang='lat' dir='ltr'>sit</span> <span class='ocrx_word' id='word_1_127' title='bbox 1172 1575 1222 1640; x_wconf 90' lang='lat' dir='ltr'>ap·</span> 
     </span>
    </p>
   </div>
   <div class='ocr_carea' id='block_1_3' title="bbox 69 1659 1373 2359">
    <p class='ocr_par' dir='ltr' id='par_1_3' title="bbox 71 1659 1223 1744">
     <span class='ocr_line' id='line_1_14' title="bbox 71 1659 1223 1744; baseline -0.002 -22"><span class='ocrx_word' id='word_1_128' title='bbox 71 1659 171 1742; x_wconf 83' lang='lat' dir='ltr'>pellat.</span> <span class='ocrx_word' id='word_1_129' title='bbox 220 1663 316 1734; x_wconf 74' lang='lat' dir='ltr'>Carus,</span> <span class='ocrx_word' id='word_1_130' title='bbox 335 1659 441 1744; x_wconf 89' lang='lat' dir='ltr'>iuquit,</span> <span class='ocrx_word' id='word_1_131' title='bbox 458 1662 582 1740; x_wconf 78' lang='lat' dir='ltr'>glaream</span> <span class='ocrx_word' id='word_1_132' title='bbox 597 1662 731 1720; x_wconf 68' lang='lat' dir='ltr'>arduinus:</span> <span class='ocrx_word' id='word_1_133' title='bbox 756 1670 871 1739; x_wconf 83' lang='lat' dir='ltr'>eratque</span> <span class='ocrx_word' id='word_1_134' title='bbox 881 1663 977 1739; x_wconf 85' lang='lat' dir='ltr'>gloria</span> <span class='ocrx_word' id='word_1_135' title='bbox 992 1663 1052 1720; x_wconf 74' lang='lat' dir='ltr'>erbe</span> <span class='ocrx_word' id='word_1_136' title='bbox 1065 1663 1149 1740; x_wconf 80' lang='lat' dir='ltr'>quusi</span> <span class='ocrx_word' id='word_1_137' title='bbox 1161 1663 1223 1720; x_wconf 86' lang='lat' dir='ltr'>uas&#39;·</span> 
     </span>
    </p>

    <p class='ocr_par' dir='ltr' id='par_1_4' title="bbox 69 1758 1223 1842">
     <span class='ocr_line' id='line_1_15' title="bbox 69 1758 1223 1842; baseline 0 -20"><span class='ocrx_word' id='word_1_138' title='bbox 69 1766 165 1840; x_wconf 80' lang='lat' dir='ltr'>geniti</span> <span class='ocrx_word' id='word_1_139' title='bbox 180 1765 266 1823; x_wconf 74' lang='lat' dir='ltr'>eudem</span> <span class='ocrx_word' id='word_1_140' title='bbox 284 1783 302 1823; x_wconf 92' lang='lat' dir='ltr'>o</span> <span class='ocrx_word' id='word_1_141' title='bbox 319 1767 404 1824; x_wconf 84' lang='lat' dir='ltr'>Patre</span> <span class='ocrx_word' id='word_1_142' title='bbox 423 1783 569 1836; x_wconf 82' lang='lat' dir='ltr'>concesso,</span> <span class='ocrx_word' id='word_1_143' title='bbox 597 1765 683 1842; x_wconf 81' lang='lat' dir='ltr'>pleae</span> <span class='ocrx_word' id='word_1_144' title='bbox 698 1766 811 1841; x_wconf 76' lang='lat' dir='ltr'>gratare</span> <span class='ocrx_word' id='word_1_145' title='bbox 830 1773 861 1823; x_wconf 83' lang='lat' dir='ltr'>et</span> <span class='ocrx_word' id='word_1_146' title='bbox 878 1766 1013 1824; x_wconf 70' lang='lat' dir='ltr'>mutnus.</span> <span class='ocrx_word' id='word_1_147' title='bbox 1061 1758 1127 1822; x_wconf 90' lang='lat' dir='ltr'>lloc</span> <span class='ocrx_word' id='word_1_148' title='bbox 1147 1760 1223 1824; x_wconf 89' lang='lat' dir='ltr'>euim</span> 
     </span>
    </p>

    <p class='ocr_par' dir='ltr' id='par_1_5' title="bbox 71 1863 1373 2050">
     <span class='ocr_line' id='line_1_16' title="bbox 71 1863 1373 1948; baseline 0.003 -22"><span class='ocrx_word' id='word_1_149' title='bbox 71 1865 157 1927; x_wconf 87' lang='lat' dir='ltr'>modo</span> <span class='ocrx_word' id='word_1_150' title='bbox 176 1863 295 1926; x_wconf 87' lang='lat' dir='ltr'>scribit:</span> <span class='ocrx_word' id='word_1_151' title='bbox 326 1867 368 1926; x_wconf 80' lang='lat' dir='ltr'>d&#39;t</span> <span class='ocrx_word' id='word_1_152' title='bbox 383 1865 501 1926; x_wconf 81' lang='lat' dir='ltr'>Verbum</span> <span class='ocrx_word' id='word_1_153' title='bbox 519 1886 587 1926; x_wconf 90' lang='lat' dir='ltr'>earo</span> <span class='ocrx_word' id='word_1_154' title='bbox 597 1867 709 1948; x_wconf 80' lang='lat' dir='ltr'>sanetum</span> <span class='ocrx_word' id='word_1_155' title='bbox 727 1875 783 1937; x_wconf 83' lang='lat' dir='ltr'>ert,</span> <span class='ocrx_word' id='word_1_156' title='bbox 815 1875 845 1924; x_wconf 85' lang='lat' dir='ltr'>et</span> <span class='ocrx_word' id='word_1_157' title='bbox 861 1865 997 1926; x_wconf 82' lang='lat' dir='ltr'>dubitavit</span> <span class='ocrx_word' id='word_1_158' title='bbox 1018 1869 1047 1925; x_wconf 86' lang='lat' dir='ltr'>r&#39;n</span> <span class='ocrx_word' id='word_1_159' title='bbox 1065 1866 1161 1940; x_wconf 84' lang='lat' dir='ltr'>acbr&#39;s,</span> <span class='ocrx_word' id='word_1_160' title='bbox 1194 1877 1373 1941; x_wconf 64' lang='lat' dir='ltr'>celeusmate.</span> 
     </span>
     <span class='ocr_line' id='line_1_17' title="bbox 72 1970 1223 2050; baseline 0.001 -21"><span class='ocrx_word' id='word_1_161' title='bbox 72 1971 191 2029; x_wconf 69' lang='lat' dir='ltr'>amemus</span> <span class='ocrx_word' id='word_1_162' title='bbox 204 1971 329 2048; x_wconf 74' lang='lat' dir='ltr'>glaream</span> <span class='ocrx_word' id='word_1_163' title='bbox 344 1972 403 2028; x_wconf 76' lang='lat' dir='ltr'>arus</span> <span class='ocrx_word' id='word_1_164' title='bbox 410 2013 419 2042; x_wconf 89' lang='lat'>,</span> <span class='ocrx_word' id='word_1_165' title='bbox 441 1971 565 2048; x_wconf 76' lang='lat' dir='ltr'>glaream</span> <span class='ocrx_word' id='word_1_166' title='bbox 582 1971 666 2050; x_wconf 83' lang='lat' dir='ltr'>qnasi</span> <span class='ocrx_word' id='word_1_167' title='bbox 678 1970 847 2046; x_wconf 78' lang='lat' dir='ltr'>unigenitio</span> <span class='ocrx_word' id='word_1_168' title='bbox 862 1971 961 2040; x_wconf 84' lang='lat' dir='ltr'>Patre,</span> <span class='ocrx_word' id='word_1_169' title='bbox 983 1970 1096 2047; x_wconf 81' lang='lat' dir='ltr'>plantem</span> <span class='ocrx_word' id='word_1_170' title='bbox 1108 1973 1223 2048; x_wconf 72' lang='lat' dir='ltr'>gratim</span> 
     </span>
    </p>

    <p class='ocr_par' dir='ltr' id='par_1_6' title="bbox 71 2065 1222 2154">
     <span class='ocr_line' id='line_1_18' title="bbox 71 2065 1222 2154; baseline 0.003 -24"><span class='ocrx_word' id='word_1_171' title='bbox 71 2081 100 2130; x_wconf 83' lang='lat' dir='ltr'>et</span> <span class='ocrx_word' id='word_1_172' title='bbox 114 2074 254 2132; x_wconf 70' lang='lat' dir='ltr'>remeant.</span> <span class='ocrx_word' id='word_1_173' title='bbox 296 2065 409 2152; x_wconf 77' lang='lat' dir='ltr'>Quoia</span> <span class='ocrx_word' id='word_1_174' title='bbox 426 2070 490 2132; x_wconf 93' lang='lat' dir='ltr'>loco</span> <span class='ocrx_word' id='word_1_175' title='bbox 507 2070 628 2153; x_wconf 89' lang='lat' dir='ltr'>primum</span> <span class='ocrx_word' id='word_1_176' title='bbox 646 2068 865 2154; x_wconf 77' lang='lat' dir='ltr'>quaternionem</span> <span class='ocrx_word' id='word_1_177' title='bbox 882 2069 1098 2132; x_wconf 87' lang='lat' dir='ltr'>accuratissime</span> <span class='ocrx_word' id='word_1_178' title='bbox 1113 2070 1222 2134; x_wconf 88' lang='lat' dir='ltr'>descri-</span> 
     </span>
    </p>

    <p class='ocr_par' dir='ltr' id='par_1_7' title="bbox 71 2167 1223 2256">
     <span class='ocr_line' id='line_1_19' title="bbox 71 2167 1223 2256; baseline -0.001 -21"><span class='ocrx_word' id='word_1_179' title='bbox 71 2173 146 2256; x_wconf 84' lang='lat' dir='ltr'>psit,</span> <span class='ocrx_word' id='word_1_180' title='bbox 172 2193 238 2235; x_wconf 91' lang='lat' dir='ltr'>cum</span> <span class='ocrx_word' id='word_1_181' title='bbox 255 2169 372 2236; x_wconf 84' lang='lat' dir='ltr'>Patrem</span> <span class='ocrx_word' id='word_1_182' title='bbox 388 2171 565 2248; x_wconf 82' lang='lat' dir='ltr'>nominavit,</span> <span class='ocrx_word' id='word_1_183' title='bbox 588 2182 618 2236; x_wconf 90' lang='lat' dir='ltr'>et</span> <span class='ocrx_word' id='word_1_184' title='bbox 633 2169 781 2248; x_wconf 84' lang='lat' dir='ltr'>Gratiam,</span> <span class='ocrx_word' id='word_1_185' title='bbox 806 2180 837 2233; x_wconf 91' lang='lat' dir='ltr'>et</span> <span class='ocrx_word' id='word_1_186' title='bbox 856 2167 1059 2254; x_wconf 84' lang='lat' dir='ltr'>Unigenitum,</span> <span class='ocrx_word' id='word_1_187' title='bbox 1084 2191 1119 2235; x_wconf 89' lang='lat' dir='ltr'>ae</span> <span class='ocrx_word' id='word_1_188' title='bbox 1136 2169 1223 2234; x_wconf 91' lang='lat' dir='ltr'>Veri·</span> 
     </span>
    </p>

    <p class='ocr_par' dir='ltr' id='par_1_8' title="bbox 73 2261 1304 2359">
     <span class='ocr_line' id='line_1_20' title="bbox 73 2261 1304 2359; baseline 0.001 -23"><span class='ocrx_word' id='word_1_189' title='bbox 73 2284 175 2338; x_wconf 86' lang='lat' dir='ltr'>tatem.</span> <span class='ocrx_word' id='word_1_190' title='bbox 223 2270 268 2337; x_wconf 90' lang='lat' dir='ltr'>lta</span> <span class='ocrx_word' id='word_1_191' title='bbox 287 2275 372 2358; x_wconf 89' lang='lat' dir='ltr'>plane</span> <span class='ocrx_word' id='word_1_192' title='bbox 392 2271 537 2338; x_wconf 85' lang='lat' dir='ltr'>lohannes</span> <span class='ocrx_word' id='word_1_193' title='bbox 556 2261 718 2359; x_wconf 79' lang='lat' dir='ltr'>dbprima,</span> <span class='ocrx_word' id='word_1_194' title='bbox 743 2274 873 2357; x_wconf 82' lang='lat' dir='ltr'>adeoque</span> <span class='ocrx_word' id='word_1_195' title='bbox 892 2272 1127 2337; x_wconf 89' lang='lat' dir='ltr'>matreomnium</span> <span class='ocrx_word' id='word_1_196' title='bbox 1142 2274 1223 2337; x_wconf 80' lang='lat' dir='ltr'>Aeo·</span> <span class='ocrx_word' id='word_1_197' title='bbox 1292 2261 1304 2276; x_wconf 67' lang='lat'><strong><em>‘</em></strong></span> 
     </span>
    </p>
   </div>
   <div class='ocr_carea' id='block_1_4' title="bbox 71 2372 1328 4206">
    <p class='ocr_par' dir='ltr' id='par_1_9' title="bbox 72 2372 1223 2644">
     <span class='ocr_line' id='line_1_21' title="bbox 73 2372 1220 2461; baseline 0.001 -24"><span class='ocrx_word' id='word_1_198' title='bbox 73 2397 141 2439; x_wconf 89' lang='lat' dir='ltr'>num</span> <span class='ocrx_word' id='word_1_199' title='bbox 158 2372 302 2461; x_wconf 86' lang='lat' dir='ltr'>Ogdoada</span> <span class='ocrx_word' id='word_1_200' title='bbox 316 2376 431 2441; x_wconf 86' lang='lat' dir='ltr'>locutus</span> <span class='ocrx_word' id='word_1_201' title='bbox 449 2387 506 2441; x_wconf 92' lang='lat' dir='ltr'>est.</span> <span class='ocrx_word' id='word_1_202' title='bbox 552 2373 629 2440; x_wconf 84' lang='lat' dir='ltr'>lstos</span> <span class='ocrx_word' id='word_1_203' title='bbox 645 2374 722 2440; x_wconf 91' lang='lat' dir='ltr'>euim</span> <span class='ocrx_word' id='word_1_204' title='bbox 738 2375 906 2439; x_wconf 88' lang='lat' dir='ltr'>nominatim</span> <span class='ocrx_word' id='word_1_205' title='bbox 922 2375 1065 2460; x_wconf 87' lang='lat' dir='ltr'>concepit,</span> <span class='ocrx_word' id='word_1_206' title='bbox 1090 2372 1220 2455; x_wconf 88' lang='lat' dir='ltr'>Patrem,</span> 
     </span>
     <span class='ocr_line' id='line_1_22' title="bbox 72 2474 1223 2564; baseline -0.002 -22"><span class='ocrx_word' id='word_1_207' title='bbox 72 2475 225 2556; x_wconf 79' lang='lat' dir='ltr'>Gratiam,</span> <span class='ocrx_word' id='word_1_208' title='bbox 248 2475 429 2564; x_wconf 87' lang='lat' dir='ltr'>Unigenam,</span> <span class='ocrx_word' id='word_1_209' title='bbox 452 2477 636 2558; x_wconf 85' lang='lat' dir='ltr'>Veritatem,</span> <span class='ocrx_word' id='word_1_210' title='bbox 656 2476 805 2558; x_wconf 86' lang='lat' dir='ltr'>Verbum,</span> <span class='ocrx_word' id='word_1_211' title='bbox 830 2475 946 2557; x_wconf 87' lang='lat' dir='ltr'>Vitam,</span> <span class='ocrx_word' id='word_1_212' title='bbox 971 2475 1138 2557; x_wconf 84' lang='lat' dir='ltr'>Hominem,</span> <span class='ocrx_word' id='word_1_213' title='bbox 1164 2474 1223 2541; x_wconf 85' lang='lat' dir='ltr'>Ec·</span> 
     </span>
     <span class='ocr_line' id='line_1_23' title="bbox 73 2580 205 2644; baseline 0.015 -2"><span class='ocrx_word' id='word_1_214' title='bbox 73 2580 205 2644; x_wconf 81' lang='lat' dir='ltr'>ciceiam.</span> 
     </span>
    </p>

    <p class='ocr_par' dir='ltr' id='par_1_10' title="bbox 71 2681 1328 4206">
     <span class='ocr_line' id='line_1_24' title="bbox 156 2681 1314 2768; baseline 0.003 -22"><span class='ocrx_word' id='word_1_215' title='bbox 156 2681 261 2763; x_wconf 91' lang='lat' dir='ltr'>Vides,</span> <span class='ocrx_word' id='word_1_216' title='bbox 281 2683 444 2764; x_wconf 89' lang='lat' dir='ltr'>carissime,</span> <span class='ocrx_word' id='word_1_217' title='bbox 464 2695 555 2748; x_wconf 89' lang='lat' dir='ltr'>artem</span> <span class='ocrx_word' id='word_1_218' title='bbox 572 2681 648 2746; x_wconf 87' lang='lat' dir='ltr'>illam</span> <span class='ocrx_word' id='word_1_219' title='bbox 666 2704 700 2746; x_wconf 86' lang='lat' dir='ltr'>ae</span> <span class='ocrx_word' id='word_1_220' title='bbox 717 2683 858 2763; x_wconf 78' lang='lat' dir='ltr'>fraudem,</span> <span class='ocrx_word' id='word_1_221' title='bbox 879 2704 934 2767; x_wconf 88' lang='lat' dir='ltr'>qua</span> <span class='ocrx_word' id='word_1_222' title='bbox 951 2682 1139 2768; x_wconf 87' lang='lat' dir='ltr'>sibimetipsis</span> <span class='ocrx_word' id='word_1_223' title='bbox 1154 2683 1219 2746; x_wconf 91' lang='lat' dir='ltr'>illo·</span> <span class='ocrx_word' id='word_1_224' title='bbox 1254 2696 1314 2764; x_wconf 77' lang='lat' dir='ltr'>cap.</span> 
     </span>
     <span class='ocr_line' id='line_1_25' title="bbox 72 2767 1328 2869; baseline 0 -22"><span class='ocrx_word' id='word_1_225' title='bbox 72 2785 143 2848; x_wconf 87' lang='lat' dir='ltr'>dont</span> <span class='ocrx_word' id='word_1_226' title='bbox 157 2785 310 2865; x_wconf 87' lang='lat' dir='ltr'>baeretici,</span> <span class='ocrx_word' id='word_1_227' title='bbox 328 2785 394 2850; x_wconf 90' lang='lat' dir='ltr'>dom</span> <span class='ocrx_word' id='word_1_228' title='bbox 408 2786 501 2850; x_wconf 89' lang='lat' dir='ltr'>saeris</span> <span class='ocrx_word' id='word_1_229' title='bbox 513 2783 605 2850; x_wconf 87' lang='lat' dir='ltr'>literis</span> <span class='ocrx_word' id='word_1_230' title='bbox 620 2806 672 2869; x_wconf 88' lang='lat' dir='ltr'>per</span> <span class='ocrx_word' id='word_1_231' title='bbox 688 2784 859 2850; x_wconf 88' lang='lat' dir='ltr'>calumniam</span> <span class='ocrx_word' id='word_1_232' title='bbox 874 2787 1042 2864; x_wconf 88' lang='lat' dir='ltr'>abutuntur,</span> <span class='ocrx_word' id='word_1_233' title='bbox 1059 2796 1090 2849; x_wconf 93' lang='grc' dir='ltr'>ιιι</span> <span class='ocrx_word' id='word_1_234' title='bbox 1105 2805 1145 2850; x_wconf 79' lang='lat' dir='ltr'>ex</span> <span class='ocrx_word' id='word_1_235' title='bbox 1158 2784 1221 2848; x_wconf 89' lang='lat' dir='ltr'>illa·</span> <span class='ocrx_word' id='word_1_236' title='bbox 1238 2767 1328 2818; x_wconf 72' lang='lat' dir='ltr'>XXX.</span> 
     </span>
     <span class='ocr_line' id='line_1_26' title="bbox 73 2883 1223 2972; baseline 0.001 -23"><span class='ocrx_word' id='word_1_237' title='bbox 73 2908 138 2950; x_wconf 91' lang='lat' dir='ltr'>rum</span> <span class='ocrx_word' id='word_1_238' title='bbox 152 2888 321 2952; x_wconf 89' lang='lat' dir='ltr'>testimonio</span> <span class='ocrx_word' id='word_1_239' title='bbox 339 2888 442 2952; x_wconf 88' lang='lat' dir='ltr'>labulis</span> <span class='ocrx_word' id='word_1_240' title='bbox 458 2889 518 2952; x_wconf 90' lang='lat' dir='ltr'>suis</span> <span class='ocrx_word' id='word_1_241' title='bbox 534 2888 643 2972; x_wconf 88' lang='lat' dir='ltr'>pondus</span> <span class='ocrx_word' id='word_1_242' title='bbox 662 2898 692 2952; x_wconf 91' lang='lat' dir='ltr'>et</span> <span class='ocrx_word' id='word_1_243' title='bbox 705 2889 889 2953; x_wconf 87' lang='lat' dir='ltr'>autoritatem</span> <span class='ocrx_word' id='word_1_244' title='bbox 908 2888 1074 2952; x_wconf 87' lang='lat' dir='ltr'>concilient.</span> <span class='ocrx_word' id='word_1_245' title='bbox 1114 2883 1223 2970; x_wconf 82' lang='lat' dir='ltr'>Quam·</span> 
     </span>
     <span class='ocr_line' id='line_1_27' title="bbox 71 2989 1261 3077; baseline 0.001 -24"><span class='ocrx_word' id='word_1_246' title='bbox 71 2989 174 3054; x_wconf 90' lang='lat' dir='ltr'>obrem</span> <span class='ocrx_word' id='word_1_247' title='bbox 191 2991 324 3055; x_wconf 88' lang='lat' dir='ltr'>consulto</span> <span class='ocrx_word' id='word_1_248' title='bbox 343 2991 456 3056; x_wconf 91' lang='lat' dir='ltr'>illorum</span> <span class='ocrx_word' id='word_1_249' title='bbox 474 2991 503 3054; x_wconf 92' lang='lat' dir='ltr'>in</span> <span class='ocrx_word' id='word_1_250' title='bbox 522 2990 645 3054; x_wconf 89' lang='lat' dir='ltr'>medium</span> <span class='ocrx_word' id='word_1_251' title='bbox 666 2991 755 3056; x_wconf 85' lang='lat' dir='ltr'>rerba</span> <span class='ocrx_word' id='word_1_252' title='bbox 772 2991 895 3077; x_wconf 91' lang='lat' dir='ltr'>protuli,</span> <span class='ocrx_word' id='word_1_253' title='bbox 928 3003 960 3055; x_wconf 91' lang='lat' dir='ltr'>ot</span> <span class='ocrx_word' id='word_1_254' title='bbox 977 2990 1127 3054; x_wconf 80' lang='lat' dir='ltr'>mirificum</span> <span class='ocrx_word' id='word_1_255' title='bbox 1144 2989 1223 3075; x_wconf 91' lang='lat' dir='ltr'>ipso·</span> <span class='ocrx_word' id='word_1_256' title='bbox 1257 3061 1261 3070; x_wconf 56' lang='grc'><em>,</em></span> 
     </span>
     <span class='ocr_line' id='line_1_28' title="bbox 71 3092 1219 3180; baseline 0 -24"><span class='ocrx_word' id='word_1_257' title='bbox 71 3115 137 3156; x_wconf 89' lang='lat' dir='ltr'>rum</span> <span class='ocrx_word' id='word_1_258' title='bbox 162 3092 327 3158; x_wconf 86' lang='lat' dir='ltr'>calliditatis</span> <span class='ocrx_word' id='word_1_259' title='bbox 348 3094 499 3158; x_wconf 82' lang='lat' dir='ltr'>artificium</span> <span class='ocrx_word' id='word_1_260' title='bbox 524 3104 609 3178; x_wconf 89' lang='lat' dir='ltr'>atque</span> <span class='ocrx_word' id='word_1_261' title='bbox 632 3095 740 3158; x_wconf 88' lang='lat' dir='ltr'>erroris</span> <span class='ocrx_word' id='word_1_262' title='bbox 764 3093 935 3180; x_wconf 87' lang='lat' dir='ltr'>pravitatem</span> <span class='ocrx_word' id='word_1_263' title='bbox 958 3092 1219 3157; x_wconf 87' lang='lat' dir='ltr'>animadverteres.</span> 
     </span>
     <span class='ocr_line' id='line_1_29' title="bbox 72 3192 1222 3282; baseline -0.002 -24"><span class='ocrx_word' id='word_1_264' title='bbox 72 3193 203 3260; x_wconf 86' lang='lat' dir='ltr'>Primum</span> <span class='ocrx_word' id='word_1_265' title='bbox 222 3197 318 3276; x_wconf 89' lang='lat' dir='ltr'>enim,</span> <span class='ocrx_word' id='word_1_266' title='bbox 342 3197 367 3259; x_wconf 91' lang='lat' dir='ltr'>si</span> <span class='ocrx_word' id='word_1_267' title='bbox 385 3193 507 3260; x_wconf 87' lang='lat' dir='ltr'>labeoni</span> <span class='ocrx_word' id='word_1_268' title='bbox 524 3216 688 3282; x_wconf 88' lang='lat' dir='ltr'>supremam</span> <span class='ocrx_word' id='word_1_269' title='bbox 705 3197 781 3260; x_wconf 88' lang='lat' dir='ltr'>illam</span> <span class='ocrx_word' id='word_1_270' title='bbox 799 3192 968 3280; x_wconf 85' lang='lat' dir='ltr'>Ogdoadem</span> <span class='ocrx_word' id='word_1_271' title='bbox 987 3196 1135 3258; x_wconf 87' lang='lat' dir='ltr'>declarare</span> <span class='ocrx_word' id='word_1_272' title='bbox 1155 3214 1222 3278; x_wconf 93' lang='lat' dir='ltr'>pro·</span> 
     </span>
     <span class='ocr_line' id='line_1_30' title="bbox 72 3295 1219 3385; baseline -0.003 -25"><span class='ocrx_word' id='word_1_273' title='bbox 72 3299 198 3380; x_wconf 87' lang='lat' dir='ltr'>positum</span> <span class='ocrx_word' id='word_1_274' title='bbox 220 3299 340 3380; x_wconf 86' lang='lat' dir='ltr'>inisset,</span> <span class='ocrx_word' id='word_1_275' title='bbox 373 3299 583 3385; x_wconf 86' lang='lat' dir='ltr'>procreationis</span> <span class='ocrx_word' id='word_1_276' title='bbox 601 3301 730 3363; x_wconf 89' lang='lat' dir='ltr'>ordinem</span> <span class='ocrx_word' id='word_1_277' title='bbox 749 3310 898 3375; x_wconf 83' lang='lat' dir='ltr'>servaret,</span> <span class='ocrx_word' id='word_1_278' title='bbox 932 3319 966 3361; x_wconf 91' lang='lat' dir='ltr'>ac</span> <span class='ocrx_word' id='word_1_279' title='bbox 983 3297 1109 3382; x_wconf 88' lang='lat' dir='ltr'>priorem</span> <span class='ocrx_word' id='word_1_280' title='bbox 1129 3295 1219 3372; x_wconf 92' lang='lat' dir='ltr'>illum,</span> 
     </span>
     <span class='ocr_line' id='line_1_31' title="bbox 72 3396 1221 3486; baseline -0.003 -22"><span class='ocrx_word' id='word_1_281' title='bbox 72 3401 112 3464; x_wconf 90' lang='lat' dir='ltr'>uti</span> <span class='ocrx_word' id='word_1_282' title='bbox 130 3411 279 3480; x_wconf 85' lang='lat' dir='ltr'>asserunt,</span> <span class='ocrx_word' id='word_1_283' title='bbox 303 3403 596 3486; x_wconf 86' lang='lat' dir='ltr'>angustissimumque</span> <span class='ocrx_word' id='word_1_284' title='bbox 614 3399 843 3484; x_wconf 86' lang='lat' dir='ltr'>Quateruiooem</span> <span class='ocrx_word' id='word_1_285' title='bbox 859 3400 888 3462; x_wconf 91' lang='lat' dir='ltr'>in</span> <span class='ocrx_word' id='word_1_286' title='bbox 904 3401 994 3484; x_wconf 90' lang='lat' dir='ltr'>prima</span> <span class='ocrx_word' id='word_1_287' title='bbox 1010 3396 1157 3462; x_wconf 89' lang='lat' dir='ltr'>nominum</span> <span class='ocrx_word' id='word_1_288' title='bbox 1172 3417 1221 3460; x_wconf 84' lang='lat' dir='ltr'>ea-</span> 
     </span>
     <span class='ocr_line' id='line_1_32' title="bbox 73 3496 1221 3586; baseline -0.006 -20"><span class='ocrx_word' id='word_1_289' title='bbox 73 3505 116 3568; x_wconf 88' lang='lat' dir='ltr'>ric</span> <span class='ocrx_word' id='word_1_290' title='bbox 134 3503 309 3583; x_wconf 86' lang='lat' dir='ltr'>collocaret,</span> <span class='ocrx_word' id='word_1_291' title='bbox 341 3515 400 3568; x_wconf 90' lang='lat' dir='ltr'>tum</span> <span class='ocrx_word' id='word_1_292' title='bbox 416 3505 575 3569; x_wconf 90' lang='lat' dir='ltr'>secundum</span> <span class='ocrx_word' id='word_1_293' title='bbox 591 3505 766 3580; x_wconf 86' lang='lat' dir='ltr'>subiiceret,</span> <span class='ocrx_word' id='word_1_294' title='bbox 797 3513 829 3566; x_wconf 90' lang='lat' dir='ltr'>ut</span> <span class='ocrx_word' id='word_1_295' title='bbox 848 3523 900 3586; x_wconf 88' lang='lat' dir='ltr'>per</span> <span class='ocrx_word' id='word_1_296' title='bbox 916 3501 1122 3564; x_wconf 87' lang='lat' dir='ltr'>vocabulorum</span> <span class='ocrx_word' id='word_1_297' title='bbox 1142 3496 1221 3561; x_wconf 86' lang='lat' dir='ltr'>ordi·</span> 
     </span>
     <span class='ocr_line' id='line_1_33' title="bbox 74 3601 1224 3690; baseline -0.005 -20"><span class='ocrx_word' id='word_1_298' title='bbox 74 3629 140 3670; x_wconf 89' lang='lat' dir='ltr'>nem</span> <span class='ocrx_word' id='word_1_299' title='bbox 161 3603 312 3690; x_wconf 80' lang='lat' dir='ltr'>Ogdoadis</span> <span class='ocrx_word' id='word_1_300' title='bbox 331 3607 402 3670; x_wconf 92' lang='lat' dir='ltr'>ordo</span> <span class='ocrx_word' id='word_1_301' title='bbox 424 3607 690 3684; x_wconf 87' lang='lat' dir='ltr'>demonstraretur,</span> <span class='ocrx_word' id='word_1_302' title='bbox 725 3625 818 3689; x_wconf 91' lang='lat' dir='ltr'>oeque</span> <span class='ocrx_word' id='word_1_303' title='bbox 839 3613 920 3666; x_wconf 88' lang='lat' dir='ltr'>tento</span> <span class='ocrx_word' id='word_1_304' title='bbox 938 3601 1110 3681; x_wconf 87' lang='lat' dir='ltr'>intervallo,</span> <span class='ocrx_word' id='word_1_305' title='bbox 1142 3601 1224 3666; x_wconf 83' lang='lat' dir='ltr'>velut</span> 
     </span>
     <span class='ocr_line' id='line_1_34' title="bbox 74 3704 1225 3793; baseline -0.004 -21"><span class='ocrx_word' id='word_1_306' title='bbox 74 3709 182 3774; x_wconf 84' lang='lat' dir='ltr'>oblitus</span> <span class='ocrx_word' id='word_1_307' title='bbox 201 3731 236 3774; x_wconf 89' lang='lat' dir='ltr'>ae</span> <span class='ocrx_word' id='word_1_308' title='bbox 255 3710 350 3772; x_wconf 90' lang='lat' dir='ltr'>denuo</span> <span class='ocrx_word' id='word_1_309' title='bbox 369 3711 557 3790; x_wconf 90' lang='lat' dir='ltr'>recordatus,</span> <span class='ocrx_word' id='word_1_310' title='bbox 589 3707 820 3793; x_wconf 82' lang='lat' dir='ltr'>Quaternionem</span> <span class='ocrx_word' id='word_1_311' title='bbox 839 3705 961 3792; x_wconf 91' lang='lat' dir='ltr'>primum</span> <span class='ocrx_word' id='word_1_312' title='bbox 980 3705 1110 3768; x_wconf 89' lang='lat' dir='ltr'>ultimum</span> <span class='ocrx_word' id='word_1_313' title='bbox 1131 3704 1160 3768; x_wconf 90' lang='lat' dir='ltr'>in</span> <span class='ocrx_word' id='word_1_314' title='bbox 1181 3704 1225 3768; x_wconf 92' lang='lat' dir='ltr'>lo·</span> 
     </span>
     <span class='ocr_line' id='line_1_35' title="bbox 74 3807 1221 3896; baseline -0.003 -21"><span class='ocrx_word' id='word_1_315' title='bbox 74 3835 139 3876; x_wconf 88' lang='lat' dir='ltr'>com</span> <span class='ocrx_word' id='word_1_316' title='bbox 163 3811 334 3876; x_wconf 85' lang='lat' dir='ltr'>coniiceret.</span> <span class='ocrx_word' id='word_1_317' title='bbox 385 3809 499 3876; x_wconf 85' lang='lat' dir='ltr'>Deinde</span> <span class='ocrx_word' id='word_1_318' title='bbox 521 3813 545 3876; x_wconf 88' lang='lat' dir='ltr'>si</span> <span class='ocrx_word' id='word_1_319' title='bbox 572 3810 770 3896; x_wconf 87' lang='lat' dir='ltr'>coniugiorum</span> <span class='ocrx_word' id='word_1_320' title='bbox 798 3808 973 3874; x_wconf 88' lang='lat' dir='ltr'>mentionem</span> <span class='ocrx_word' id='word_1_321' title='bbox 999 3808 1096 3870; x_wconf 87' lang='lat' dir='ltr'>lacere</span> <span class='ocrx_word' id='word_1_322' title='bbox 1120 3807 1221 3886; x_wconf 83' lang='lat' dir='ltr'>vellet,</span> 
     </span>
     <span class='ocr_line' id='line_1_36' title="bbox 75 3908 1221 4000; baseline -0.003 -22"><span class='ocrx_word' id='word_1_323' title='bbox 75 3935 221 4000; x_wconf 88' lang='lat' dir='ltr'>nonquam</span> <span class='ocrx_word' id='word_1_324' title='bbox 247 3911 398 3977; x_wconf 83' lang='lat' dir='ltr'>Ecclesiae</span> <span class='ocrx_word' id='word_1_325' title='bbox 422 3935 528 3978; x_wconf 90' lang='lat' dir='ltr'>nomen</span> <span class='ocrx_word' id='word_1_326' title='bbox 552 3913 808 4000; x_wconf 88' lang='lat' dir='ltr'>praetermitteret.</span> <span class='ocrx_word' id='word_1_327' title='bbox 855 3908 915 3975; x_wconf 89' lang='lat' dir='ltr'>Sed</span> <span class='ocrx_word' id='word_1_328' title='bbox 939 3909 986 3973; x_wconf 90' lang='lat' dir='ltr'>vel</span> <span class='ocrx_word' id='word_1_329' title='bbox 1007 3910 1114 3974; x_wconf 87' lang='lat' dir='ltr'>ceteris</span> <span class='ocrx_word' id='word_1_330' title='bbox 1133 3909 1221 3974; x_wconf 87' lang='lat' dir='ltr'>etiam</span> 
     </span>
     <span class='ocr_line' id='line_1_37' title="bbox 75 4011 1224 4102; baseline -0.003 -24"><span class='ocrx_word' id='word_1_331' title='bbox 75 4017 104 4078; x_wconf 89' lang='lat' dir='ltr'>io</span> <span class='ocrx_word' id='word_1_332' title='bbox 122 4016 239 4102; x_wconf 87' lang='lat' dir='ltr'>paribus</span> <span class='ocrx_word' id='word_1_333' title='bbox 256 4017 445 4080; x_wconf 87' lang='lat' dir='ltr'>recensendis</span> <span class='ocrx_word' id='word_1_334' title='bbox 461 4017 542 4082; x_wconf 90' lang='lat' dir='ltr'>solos</span> <span class='ocrx_word' id='word_1_335' title='bbox 558 4018 699 4081; x_wconf 85' lang='lat' dir='ltr'>duntaxat</span> <span class='ocrx_word' id='word_1_336' title='bbox 713 4035 809 4078; x_wconf 89' lang='lat' dir='ltr'>meres</span> <span class='ocrx_word' id='word_1_337' title='bbox 829 4011 1019 4092; x_wconf 87' lang='lat' dir='ltr'>nominasset,</span> <span class='ocrx_word' id='word_1_338' title='bbox 1044 4032 1109 4076; x_wconf 91' lang='lat' dir='ltr'>cnm</span> <span class='ocrx_word' id='word_1_339' title='bbox 1126 4011 1224 4097; x_wconf 82' lang='lat' dir='ltr'>stipsi</span> 
     </span>
     <span class='ocr_line' id='line_1_38' title="bbox 75 4113 1225 4206; baseline -0.004 -24"><span class='ocrx_word' id='word_1_340' title='bbox 75 4117 211 4182; x_wconf 89' lang='lat' dir='ltr'>similiter</span> <span class='ocrx_word' id='word_1_341' title='bbox 227 4139 285 4182; x_wconf 90' lang='lat' dir='ltr'>una</span> <span class='ocrx_word' id='word_1_342' title='bbox 304 4117 425 4204; x_wconf 87' lang='lat' dir='ltr'>intelligi</span> <span class='ocrx_word' id='word_1_343' title='bbox 442 4120 570 4206; x_wconf 79' lang='lat' dir='ltr'>possint3</span> <span class='ocrx_word' id='word_1_344' title='bbox 595 4129 626 4182; x_wconf 93' lang='lat' dir='ltr'>ut</span> <span class='ocrx_word' id='word_1_345' title='bbox 641 4118 672 4182; x_wconf 93' lang='lat' dir='ltr'>in</span> <span class='ocrx_word' id='word_1_346' title='bbox 689 4116 822 4182; x_wconf 88' lang='lat' dir='ltr'>omnibus</span> <span class='ocrx_word' id='word_1_347' title='bbox 836 4113 1052 4180; x_wconf 89' lang='lat' dir='ltr'>similitudinem</span> <span class='ocrx_word' id='word_1_348' title='bbox 1068 4114 1225 4200; x_wconf 87' lang='lat' dir='ltr'>aequalita-</span> 
     </span>
    </p>
   </div>
   <div class='ocr_carea' id='block_1_5' title="bbox 76 4265 1079 4610">
    <p class='ocr_par' dir='ltr' id='par_1_11' title="bbox 108 4265 1079 4339">
     <span class='ocr_line' id='line_1_39' title="bbox 108 4265 1079 4339; baseline -0.003 -15"><span class='ocrx_word' id='word_1_349' title='bbox 108 4271 133 4324; x_wconf 61' lang='grc' dir='ltr'>ἃ</span> <span class='ocrx_word' id='word_1_350' title='bbox 153 4268 305 4339; x_wconf 70' lang='grc' dir='ltr'>ἐτετηρήκει</span> <span class='ocrx_word' id='word_1_351' title='bbox 321 4275 372 4324; x_wconf 84' lang='lat' dir='ltr'>eod.</span> <span class='ocrx_word' id='word_1_352' title='bbox 388 4275 461 4325; x_wconf 84' lang='lat' dir='ltr'>t&#39;oa&#39;c.</span> <span class='ocrx_word' id='word_1_353' title='bbox 669 4277 727 4324; x_wconf 85' lang='lat' dir='ltr'>aeto.</span> <span class='ocrx_word' id='word_1_354' title='bbox 763 4273 835 4335; x_wconf 78' lang='lat' dir='ltr'>Vntpo</span> <span class='ocrx_word' id='word_1_355' title='bbox 852 4275 915 4322; x_wconf 80' lang='lat' dir='ltr'>emm</span> <span class='ocrx_word' id='word_1_356' title='bbox 929 4265 1079 4338; x_wconf 65' lang='lat' dir='ltr'>taetedqta.</span> 
     </span>
    </p>

    <p class='ocr_par' dir='ltr' id='par_1_12' title="bbox 108 4337 1047 4426">
     <span class='ocr_line' id='line_1_40' title="bbox 108 4337 1047 4426; baseline -0.003 -35"><span class='ocrx_word' id='word_1_357' title='bbox 108 4337 137 4392; x_wconf 79' lang='grc'>4.</span> <span class='ocrx_word' id='word_1_358' title='bbox 153 4340 298 4426; x_wconf 59' lang='grc' dir='ltr'><strong>προσβολῆς</strong></span> <span class='ocrx_word' id='word_1_359' title='bbox 314 4343 352 4392; x_wconf 83' lang='lat' dir='ltr'>ed.</span> <span class='ocrx_word' id='word_1_360' title='bbox 367 4343 442 4404; x_wconf 77' lang='lat' dir='ltr'>prino.</span> <span class='ocrx_word' id='word_1_361' title='bbox 703 4340 727 4393; x_wconf 78' lang='grc'>7,</span> <span class='ocrx_word' id='word_1_362' title='bbox 745 4337 910 4407; x_wconf 63' lang='lat' dir='ltr'>dragesimam</span> <span class='ocrx_word' id='word_1_363' title='bbox 926 4341 977 4390; x_wconf 81' lang='lat' dir='ltr'>ced.</span> <span class='ocrx_word' id='word_1_364' title='bbox 994 4339 1047 4389; x_wconf 78' lang='lat' dir='ltr'>Vra.</span> 
     </span>
    </p>

    <p class='ocr_par' dir='ltr' id='par_1_13' title="bbox 107 4407 1074 4476">
     <span class='ocr_line' id='line_1_41' title="bbox 107 4407 1074 4476; baseline -0.005 -18"><span class='ocrx_word' id='word_1_365' title='bbox 107 4409 133 4459; x_wconf 76' lang='lat'>5.</span> <span class='ocrx_word' id='word_1_366' title='bbox 150 4425 199 4476; x_wconf 75' lang='grc' dir='ltr'>ιην</span> <span class='ocrx_word' id='word_1_367' title='bbox 216 4424 262 4460; x_wconf 83' lang='lat' dir='ltr'>oar.</span> <span class='ocrx_word' id='word_1_368' title='bbox 279 4411 331 4459; x_wconf 86' lang='lat' dir='ltr'>cod.</span> <span class='ocrx_word' id='word_1_369' title='bbox 349 4411 403 4460; x_wconf 77' lang='lat' dir='ltr'>rm.</span> <span class='ocrx_word' id='word_1_370' title='bbox 704 4409 728 4460; x_wconf 81' lang='lat' dir='ltr'>a.</span> <span class='ocrx_word' id='word_1_371' title='bbox 745 4408 794 4471; x_wconf 84' lang='grc' dir='ltr'>τῆς</span> <span class='ocrx_word' id='word_1_372' title='bbox 810 4409 895 4459; x_wconf 76' lang='lat' dir='ltr'>anatur</span> <span class='ocrx_word' id='word_1_373' title='bbox 910 4421 939 4457; x_wconf 77' lang='lat' dir='ltr'>aa</span> <span class='ocrx_word' id='word_1_374' title='bbox 953 4409 1003 4458; x_wconf 87' lang='lat' dir='ltr'>eod.</span> <span class='ocrx_word' id='word_1_375' title='bbox 1021 4407 1074 4455; x_wconf 79' lang='lat' dir='ltr'>Vra.</span> 
     </span>
    </p>

    <p class='ocr_par' dir='ltr' id='par_1_14' title="bbox 76 4469 1013 4610">
     <span class='ocr_line' id='line_1_42' title="bbox 108 4469 1013 4541; baseline -0.003 -14"><span class='ocrx_word' id='word_1_376' title='bbox 108 4474 134 4527; x_wconf 79' lang='grc' dir='ltr'>ὅ.</span> <span class='ocrx_word' id='word_1_377' title='bbox 152 4479 189 4530; x_wconf 88' lang='lat' dir='ltr'>lto</span> <span class='ocrx_word' id='word_1_378' title='bbox 213 4477 376 4540; x_wconf 78' lang='lat' dir='ltr'>eamtpmdcm</span> <span class='ocrx_word' id='word_1_379' title='bbox 398 4482 492 4541; x_wconf 78' lang='lat' dir='ltr'>putente</span> <span class='ocrx_word' id='word_1_380' title='bbox 514 4481 563 4528; x_wconf 83' lang='lat' dir='ltr'>tom</span> <span class='ocrx_word' id='word_1_381' title='bbox 584 4480 639 4528; x_wconf 74' lang='lat' dir='ltr'>otim</span> <span class='ocrx_word' id='word_1_382' title='bbox 704 4475 731 4528; x_wconf 83' lang='lat'>9.</span> <span class='ocrx_word' id='word_1_383' title='bbox 747 4469 812 4530; x_wconf 76' lang='lat' dir='ltr'>sata</span> <span class='ocrx_word' id='word_1_384' title='bbox 829 4475 874 4530; x_wconf 78' lang='lat' dir='ltr'>uel</span> <span class='ocrx_word' id='word_1_385' title='bbox 890 4477 941 4527; x_wconf 81' lang='lat' dir='ltr'>eod.</span> <span class='ocrx_word' id='word_1_386' title='bbox 959 4476 1013 4525; x_wconf 82' lang='lat' dir='ltr'>Vra.</span> 
     </span>
     <span class='ocr_line' id='line_1_43' title="bbox 76 4545 639 4610; baseline -0.002 -14"><span class='ocrx_word' id='word_1_387' title='bbox 76 4547 194 4607; x_wconf 69' lang='lat' dir='ltr'>amour,</span> <span class='ocrx_word' id='word_1_388' title='bbox 212 4549 232 4595; x_wconf 85' lang='lat' dir='ltr'>et</span> <span class='ocrx_word' id='word_1_389' title='bbox 248 4557 290 4607; x_wconf 79' lang='lat' dir='ltr'>eqo</span> <span class='ocrx_word' id='word_1_390' title='bbox 305 4559 367 4596; x_wconf 88' lang='lat' dir='ltr'>anae</span> <span class='ocrx_word' id='word_1_391' title='bbox 382 4550 472 4610; x_wconf 75' lang='lat' dir='ltr'>cormac</span> <span class='ocrx_word' id='word_1_392' title='bbox 486 4559 515 4597; x_wconf 76' lang='lat' dir='ltr'>aa</span> <span class='ocrx_word' id='word_1_393' title='bbox 530 4545 581 4598; x_wconf 85' lang='lat' dir='ltr'>eod.</span> <span class='ocrx_word' id='word_1_394' title='bbox 598 4547 639 4596; x_wconf 73' lang='grc' dir='ltr'>Υι-</span> 
     </span>
    </p>
   </div>
   <div class='ocr_carea' id='block_1_6' title="bbox 129 4623 1021 4693">
    <p class='ocr_par' dir='ltr' id='par_1_15' title="bbox 129 4623 1021 4693">
     <span class='ocr_line' id='line_1_44' title="bbox 129 4623 1021 4693; baseline 0.002 -23"><span class='ocrx_word' id='word_1_395' title='bbox 129 4625 219 4684; x_wconf 77' lang='lat' dir='ltr'>curpus</span> <span class='ocrx_word' id='word_1_396' title='bbox 232 4623 368 4672; x_wconf 75' lang='lat' dir='ltr'>flammat.</span> <span class='ocrx_word' id='word_1_397' title='bbox 381 4625 410 4672; x_wconf 85' lang='lat' dir='ltr'>ll.</span> <span class='ocrx_word' id='word_1_398' title='bbox 766 4675 768 4682; x_wconf 66' lang='grc'><em>,</em></span> <span class='ocrx_word' id='word_1_399' title='bbox 981 4632 1021 4693; x_wconf 81' lang='lat'>24</span> 
     </span>
    </p>
   </div>
   <div class='ocr_carea' id='block_1_7' title="bbox 0 0 1559 4984">
    <p class='ocr_par' dir='ltr' id='par_1_16' title="bbox 0 0 1559 4984">
     <span class='ocr_line' id='line_1_45' title="bbox 0 0 1559 4984; baseline 0 0"><span class='ocrx_word' id='word_1_400' title='bbox 0 0 1559 4984; x_wconf 95' lang='lat' dir='ltr'> </span> 
     </span>
    </p>
   </div>
  </div>
 </body>
</html>
