3112 4984
386 301 520 352 rsusuu
538 301 629 354 nunu.
647 302 727 352 ross.
741 303 773 353 u.
789 301 989 353 ussumxvr.
1201 291 1260 354 187

112 423 286 500 iunxerunt,
305 421 402 484 eidem
418 418 547 486 Sabaotb
568 419 687 505 capillos
704 439 770 484 esse
792 418 966 499 muliebres;
989 419 1064 504 qood
1081 419 1195 484 scilicet
1208 441 1262 484 vo-

113 546 177 588 cem
197 523 276 588 illam
292 521 423 587 Snbaotb
441 519 586 607 Principis
604 520 726 588 alicuius
742 543 810 586 esse
828 542 935 585 nomen
952 521 1142 601 arbitrentur,
1166 543 1262 607 neque

112 627 184 692 illud
199 625 382 709 intelligant,
405 624 578 707 ubicumque
597 623 638 686 ita
657 625 781 703 dicitur,
803 629 881 686 [doec
897 629 969 686 dr'ea't
982 629 1108 688 donn'nus
1122 626 1258 698 Sabaoth,

113 750 172 792 uon
190 727 351 812 cuiuspiam
369 725 397 790 id
416 746 483 790 esse
503 725 649 811 proprium
668 747 791 803 nomen,
815 726 866 790 sed
886 727 1080 810 praedicando
1098 727 1194 810 potius
1209 747 1262 790 nu·

112 830 183 894 mini
202 831 283 893 velut
301 828 443 912 quoddam
462 827 636 892 laudationis
655 827 828 892 vocabulum
844 827 985 892 adbiberi.
1031 824 1145 912 Quippe
1170 827 1261 891 domi·

113 953 168 995 nus
183 929 315 996 Sabaoth
332 930 407 994 idem
421 927 566 993 Hebraico
585 930 662 1014 quod
678 929 859 993 exercituum
883 929 1040 1014 significat.
1085 927 1126 994 Et
1146 928 1261 1013 quidem

112 1033 286 1116 ubicumque
306 1053 369 1096 vox
384 1032 434 1096 ills
449 1028 579 1095 Sabaoth
598 1031 626 1093 in
644 1042 745 1094 vetere
763 1041 938 1094 testamento
956 1030 1074 1114 legitor,
1098 1029 1261 1096 exercitum

3 1147 4 1230 f
113 1145 213 1200 sonat.
260 1131 360 1218 ltaque
379 1155 431 1219 pro
448 1153 484 1196 eo
501 1133 576 1216 quod
596 1131 742 1198 Hebraioe
756 1134 895 1218 scriptum
911 1142 967 1213 est,
991 1137 1109 1196 Adonei
1122 1135 1258 1208 Sabaoth,

3 1231 4 1288 l
112 1236 221 1321 Aquila
242 1248 399 1322 perpetuo,
421 1238 557 1298 mann
571 1239 744 1297 camimum
760 1235 866 1300 reddit.
911 1231 972 1298 Sed
989 1234 1038 1298 isti
1054 1237 1154 1300 lurore
1175 1244 1261 1318 atquo

111 1338 241 1402 amentia
258 1337 360 1424 perciti
379 1337 415 1400 ad
434 1337 542 1400 domini
566 1337 611 1400 sui
634 1336 768 1400 iniuriam
792 1357 857 1400 eum
874 1336 923 1420 qui
942 1357 1082 1421 nusquam
1101 1347 1149 1400 est
1166 1335 1262 1420 iuqui-

112 1451 199 1518 runt‚
223 1452 254 1504 et
269 1459 334 1504 eum
351 1439 399 1523 qui
420 1449 465 1502 est
478 1442 591 1522 reipsa,
616 1439 664 1502 vel
680 1439 854 1522 semetipsos
868 1438 980 1524 potius,
1005 1439 1202 1524 perdiderunt.
1305 1521 1311 1532 ‚

198 1539 276 1606 Sunt
293 1553 323 1604 et
344 1541 418 1604 aliae
435 1541 602 1604 eorumdem
620 1540 844 1605 innumerabiles
863 1559 975 1622 nugae,
1005 1561 1060 1604 nen
1076 1538 1141 1604 sine
1164 1540 1260 1605 taedio
1278 1555 1337 1624 esp.
1349 1555 1395 1606 xt.

112 1653 210 1730 potest
228 1643 325 1707 omnis
341 1642 463 1706 istorum
482 1640 597 1704 insania
615 1642 848 1706 commemorari.
894 1639 955 1706 Sed
978 1643 1046 1719 illud
1070 1642 1261 1725 praetermitti

112 1767 169 1808 oon
187 1755 296 1830 potest,
320 1745 458 1827 quosdam
477 1764 518 1806 ex
534 1735 636 1808 borum
656 1765 722 1808 esse
741 1765 875 1822 numero,
899 1744 946 1828 qui
966 1744 1007 1807 ita
1023 1743 1174 1808 mulierum
1191 1764 1261 1808 eou-

111 1848 267 1910 suetndine
282 1847 442 1923 abstineut,
465 1855 498 1908 ut
512 1845 626 1931 seipsos
641 1845 775 1909 manibus
789 1846 851 1910 suis
865 1855 1073 1930 conspuerent,
1088 1844 1183 1930 iisque
1199 1848 1260 1910 loe·

110 1948 263 2012 dissimnm
280 1939 406 2011 libidinis
424 1945 505 2010 uirus
524 1947 673 2032 excipiant
688 1958 775 2032 ntqoe
798 1958 1029 2027 coruscantur,
1060 1949 1096 2012 ad
1120 1948 1197 2032 quod
1219 1959 1261 2012 to-

111 2050 280 2114 stimonium
309 2049 378 2113 illud
406 2069 458 2133 per
481 2070 622 2112 summum
646 2049 819 2112 columniam
841 2051 1030 2134 detorquent:
1060 2053 1166 2112 Munus
1190 2054 1320 2112 timeas
1332 2067 1410 2122 anau

112 2157 330 2233 suppeditarunt
341 2174 400 2231 ¹non
418 2154 488 2212 nn'ti
498 2154 600 2226 solnm,
623 2155 675 2212 sed
688 2164 717 2214 et
730 2157 767 2214 iis
780 2157 832 2234 qni
845 2173 948 2214 meeum
964 2163 1041 2213 sunt.
1075 2149 1148 2215 lteru
1162 2151 1258 2214 istuda

113 2259 267 2335 Operenm
288 2255 415 2315 mercibus
434 2255 577 2334 proprisi,
610 2266 646 2315 ot
662 2259 779 2336 pmarlrlr
799 2259 835 2316 r'is
848 2259 901 2336 qui
914 2277 969 2316 non
985 2255 1089 2316 babent
1108 2257 1259 2314 eommuni-
1272 2270 1398 2328 sptium.

111 2379 188 2418 core.
235 2353 281 2418 De
299 2355 401 2440 quibus
421 2355 494 2418 adeo
516 2354 586 2417 mibi
603 2368 764 2420 commotus
780 2355 894 2419 videtur
917 2357 947 2419 in
966 2355 1098 2440 apostolo
1116 2353 1185 2418 luds
1202 2353 1261 2439 spi-

111 2457 341 2534 sinuessanus,
374 2458 428 2520 boc
448 2467 494 2522 est
514 2456 544 2520 in
567 2457 710 2522 catholica
733 2458 810 2522 illius
832 2457 955 2542 epistola
981 2453 1085 2537 (ludes
1104 2457 1152 2520 ille
1173 2475 1260 2540 porro

112 2559 221 2642 estqui
239 2556 355 2638 tatami,
386 2570 471 2643 atque
495 2561 580 2621 etiam
605 2559 712 2622 domini
737 2560 827 2622 irater
851 2559 1010 2644 appellatus
1028 2563 1100 2640 est).
1147 2555 1180 2621 lu
1204 2577 1261 2641 qua

112 2681 163 2744 per
181 2661 305 2746 apostoli
325 2683 426 2724 vocem
451 2661 586 2746 spiritus,
610 2661 744 2744 inquom,
767 2672 904 2740 sauctus,
937 2671 1089 2746 corruptos
1108 2659 1173 2722 illos
1195 2679 1261 2722 cor·

112 2772 248 2846 ruptores
267 2783 334 2826 esse
352 2764 550 2842 demonstrat,
583 2774 614 2826 ut
635 2763 740 2826 ibidem
763 2762 907 2846 loquitur:
941 2767 1018 2842 Quae
1037 2769 1108 2826 enim
1133 2768 1261 2824 neserbnt
1281 2773 1326 2868 sp:
1337 2770 1386 2868 ppt

113 2869 277 2942 ignorantes
300 2868 329 2925 s'n
349 2867 408 2926 ittn
423 2869 592 2945 copolentur:
624 2887 696 2947 quoe
710 2887 776 2927 uero
790 2877 910 2939 nonunt,
935 2871 964 2928 in
980 2870 1017 2928 iis
1035 2877 1165 2948 tunqnnnr
1183 2875 1260 2926 mutu

112 2968 246 3026 winulis
261 2979 490 3046 corrumpentem
537 2964 687 3050 Siquidem
704 2987 807 3030 eurtum
825 2968 920 3030 instar
936 2986 971 3031 oo
987 2987 1139 3050 porcorum
1159 2985 1260 3030 suase

114 3065 281 3151 corruptela
307 3068 492 3150 turpitudinis
515 3067 678 3152 inquinant.
731 3067 796 3132 Hoc
820 3069 898 3132 enim
922 3069 1008 3132 modo
1036 3083 1092 3132 tam
1115 3089 1204 3132 canes
1225 3087 1261 3128 ao

114 3167 193 3252 porci
214 3190 299 3252 mam
322 3181 439 3234 caetere
457 3191 491 3234 se
507 3171 665 3234 animantis
685 3181 889 3256 corrumpunt,
912 3181 942 3234 et
956 3171 1146 3255 prolluentcm
1162 3189 1179 3232 e
1194 3186 1260 3230 oor·

115 3270 231 3352 poribus
257 3272 319 3334 sois
335 3271 462 3334 libidinis
479 3271 627 3336 bumorem
647 3272 809 3358 delinquat.
850 3273 948 3356 Atque
964 3272 1005 3336 illi
1023 3291 1127 3334 revera
1142 3289 1259 3334 earnem

114 3393 193 3435 snam
213 3384 381 3458 erumpente
402 3373 482 3436 velut
504 3393 556 3458 per
572 3373 716 3455 somnium
742 3373 871 3438 fluxione
898 3371 1121 3438 commaculant.
1165 3375 1261 3432 Domi-

113 3479 251 3536 senonem
270 3486 362 3536 sutem
379 3486 532 3556 spernunt,
555 3481 725 3538 maiestatem
740 3489 833 3538 sutem
849 3478 1057 3556 blasphement:
1087 3485 1121 3535 ut
1132 3476 1409 3546 Mrbboelssptounu

114 3579 304 3656 oredongelne
321 3597 384 3637 euru
400 3577 511 3638 diabolo
526 3582 673 3659 deponas
692 3583 727 3640 de
739 3582 838 3658 Mopsi
857 3597 974 3658 corpore
995 3578 1180 3656 blasphemans
1198 3595 1260 3636 aer-

113 3698 216 3739 monem
232 3699 289 3739 non
307 3681 390 3751 nelei,
414 3682 465 3740 sed
481 3683 572 3755 merl,
596 3685 728 3762 Increpet
741 3693 768 3742 te
783 3685 927 3742 domebus:
957 3681 992 3740 n·
1004 3689 1097 3738 nosen
1113 3699 1260 3760 quoecum-

113 3801 163 3858 que
178 3784 316 3860 nomon
330 3782 719 3862 noturob'terblospdemun15
743 3782 809 3845 dum
827 3779 1024 3845 sacrosanctis
1038 3778 1096 3844 illis
1112 3779 1260 3864 mysteriis

112 3901 267 3962 quaecum
286 3879 479 3946 sanctissimis
498 3882 688 3966 religionibus
713 3883 864 3946 uobiscum
887 3879 1137 3946 communicantur
1158 3892 1261 3946 contu·

111 3982 234 4046 meliose
257 3981 398 4062 illudunt,
430 3995 460 4048 et
484 3985 520 4050 ad
541 3984 759 4070 spurcissimam
783 3981 1094 4068 dmitiosissimnmque
1111 3983 1259 4048 libidinum

112 4094 300 4148 convertunt.
346 4083 429 4147 llaec
445 4096 513 4149 sunt
528 4107 602 4170 quae
625 4087 767 4150 adversus
785 4085 933 4170 apostolos
956 4085 1069 4149 effutire
1094 4094 1162 4148 sunt
1183 4081 1258 4160 susi,

111 4186 353 4268 quemadmodum
375 4186 477 4251 beatus
495 4189 643 4275 spostolus
665 4188 782 4252 scribit:
813 4192 894 4249 Adeo
912 4199 946 4249 nt
960 4191 1071 4270 anidom
1091 4190 1159 4248 baec
1175 4207 1192 4246 o
1208 4206 1258 4246 nn.
1272 4191 1398 4246 nno-22

111 4288 153 4348 tis
167 4291 229 4349 diei
243 4293 352 4350 riretm
373 4293 511 4366 audeant,
545 4295 694 4354 Focrbrnus
713 4293 802 4365 mola,
827 4303 859 4352 ut
880 4295 1009 4354 eueniunt
1024 4293 1113 4364 bono,-
1143 4309 1260 4369 quornm

109 4393 214 4451 hatum
238 4401 283 4450 est
298 4395 442 4452 rirdrbn'rem.
489 4389 584 4474 Quam
608 4414 681 4455 vero
703 4392 792 4454 multa
817 4392 982 4456 testimonia
1005 4399 1161 4476 suppetunt
1186 4407 1261 4471 quae

109 4505 214 4556 eontra
233 4490 418 4578 blasphemos
440 4491 506 4557 illos
530 4497 560 4557 in
585 4493 708 4558 medium
729 4493 834 4558 afferre
859 4493 1022 4580 possimus!
1068 4487 1127 4555 Sed
1149 4489 1189 4552 illi
1212 4488 1260 4574 qui
