3072 4986
319 339 453 392 einana
472 340 547 390 nov.
566 340 733 390 flaunusus
751 341 813 390 cre.
830 343 850 390 1.
869 342 948 392 nom.
965 344 983 390 r.
1188 331 1223 390 511

275 560 513 638 cudunt
550 561 1017 656 PYthcuRuus,

214 705 298 777 qnae
325 689 377 755 est
402 679 584 756 Gentilium
609 680 757 756 haeresis
780 683 839 773 V.,
869 683 984 756 ordine
1003 681 1081 756 Vll.

149 831 213 900 Sed
236 843 305 898 onte
325 833 400 898 buno
418 829 602 919 Pythagoras
625 853 659 897 ao
678 831 868 922 Peripatetici
890 855 954 898 curm
977 853 1009 900 sc
1032 834 1116 898 deum
1136 855 1225 901 unium
1245 838 1304 908 Cop-
1323 844 1341 890 ¹·

73 936 188 1000 delinire
215 939 423 1020 profiterentur
444 936 472 998 in
495 934 571 1004 aliud
593 933 792 1021 philosophiae
812 955 925 1018 genus,
955 935 1068 1020 aliaque
1091 937 1226 1024 dogmata

71 1049 133 1102 snut
154 1037 298 1126 prolapsi.
343 1033 384 1102 Et
406 1047 465 1102 tum
487 1035 553 1114 ille,
583 1047 642 1105 lum
667 1037 730 1102 eius
753 1047 915 1104 sectatores
939 1037 1040 1102 endem
1069 1059 1133 1104 cuni
1158 1035 1226 1104 Pla·

72 1141 173 1204 tonicis
195 1139 348 1216 sentiunt,
382 1138 456 1222 quod
484 1139 518 1203 ad
545 1138 698 1207 nefandam
722 1136 896 1228 impiamque
916 1138 1090 1208 sententiam
1113 1152 1227 1226 spectat

72 1243 102 1306 dc
124 1242 291 1306 mutatione
316 1261 469 1324 corporum
488 1239 707 1326 animarumque
726 1240 917 1318 transitione,
948 1261 982 1304 ao
1005 1241 1040 1311 de
1058 1243 1225 1308 eurumdem

71 1344 258 1428 corruptione
281 1363 448 1426 corporum.
493 1341 538 1406 Ao
561 1338 746 1428 Pythagoras
770 1341 884 1425 quidem
910 1352 1058 1428 postremo
1081 1343 1168 1410 vitam
1197 1344 1226 1407 in

69 1441 165 1508 lledia
189 1443 278 1510 liuiit.
325 1439 384 1526 Qui
407 1443 526 1530 insuper
548 1443 632 1508 deum
656 1463 724 1506 esse
747 1463 919 1528 corporeum
937 1443 1060 1524 asserit,
1092 1445 1227 1508 videlicet

71 1549 193 1610 eoelum.
243 1541 338 1610 Cuius
355 1545 456 1610 oculos
474 1555 664 1634 caeterasque
684 1555 818 1633 tauquam
839 1544 866 1606 in
885 1545 1000 1610 luornine
1016 1556 1116 1630 partes
1134 1547 1226 1610 solem

71 1661 96 1710 et
116 1650 218 1716 lunam
245 1647 412 1728 coustituit,
436 1667 470 1714 ao
492 1646 619 1730 reliquas
641 1646 742 1711 stellas
765 1646 966 1732 elementaque
988 1645 1139 1712 eoelestia.
1198 1635 1203 1645 ⁸

405 1867 482 1944 ΒΕ
521 1866 890 1961 urluultuls,

193 2011 278 2085 quae
306 1994 357 2062 est
382 1987 443 2062 VI.
472 1986 653 2062 Gentilium
678 1987 845 2080 haeresis,
871 1987 987 2063 ordine
1008 1987 1105 2064 lllll.

146 2139 193 2206 Ut
210 2161 227 2202 a
245 2138 392 2228 prioribus
412 2137 576 2216 discedam,
601 2135 748 2228 Epicurus
767 2123 979 2228 providentiam
996 2159 1013 2200 e
1032 2142 1140 2203 mundo
1160 2163 1225 2206 sue·
1244 2151 1304 2220 cip.
1324 2157 1343 2204 1.

69 2245 139 2308 tulit.
185 2239 268 2306 idem
289 2262 329 2304 ex
350 2241 454 2306 atomis
474 2241 613 2306 universa
632 2252 787 2321 constare,
816 2254 903 2328 atque
928 2241 958 2303 in
979 2251 1094 2304 atomos
1116 2243 1226 2306 resolvi

68 2345 203 2409 eredidit.
253 2343 301 2406 Ad
330 2341 404 2406 haec
432 2341 551 2406 fortuitu
578 2343 641 2408 lieri
672 2343 787 2422 omnia,
823 2343 1018 2428 mundumque
1049 2343 1224 2423 consistere,

66 2457 230 2532 generante
255 2458 361 2510 natura
384 2455 580 2530 percunthuc
603 2455 758 2530 perpetuo,
792 2445 857 2510 duru
881 2464 986 2508 rursus
1009 2465 1048 2508 ox
1069 2447 1227 2530 semetipsa

66 2549 258 2626 renascitur,
290 2567 326 2611 ae
354 2547 462 2610 nullum
496 2545 674 2634 propagandi
705 2549 751 2612 sui
783 2545 992 2633 occidendique
1023 2546 1110 2612 finem
1143 2551 1224 2614 lacit.

67 2649 173 2718 Fuisse
198 2661 352 2736 praeterea
371 2649 419 2712 ovi
437 2649 530 2714 instar
549 2647 771 2715 urtiversitatem
791 2669 923 2724 omnem,
948 2647 1027 2711 circa
1045 2647 1120 2734 quod
1139 2673 1225 2715 ovum

67 2755 198 2818 annosis
222 2750 349 2814 flexibus
372 2749 547 2836 implicatum
571 2749 716 2839 serpentis
744 2771 825 2814 more
850 2748 1000 2835 spiritum,
1036 2751 1115 2814 velut
1140 2775 1226 2816 coro-

67 2877 128 2920 nam
152 2877 192 2918 ac
215 2853 382 2936 cingulum,
413 2852 503 2940 ipsam
526 2851 722 2916 adstrinxisse
745 2862 890 2916 naturam.
938 2847 998 2915 Sed
1021 2853 1086 2916 dum
1109 2858 1224 2918 curiler-

69 2968 120 3020 hm
136 2959 168 3021 in
186 2975 277 3018 uuum
292 2955 442 3018 materiam
459 2955 646 3038 universique
662 2963 794 3017 naturam
811 2953 1014 3017 vehementius
1028 2966 1142 3019 arctare
1158 2955 1223 3018 niti·

68 3069 123 3138 tsr,
147 3055 279 3123 subinde
295 3056 400 3118 orclem
416 3075 531 3120 omnem
548 3057 578 3118 iu
593 3055 804 3142 hemisphaeria
823 3055 879 3117 duo
894 3075 1060 3139 separasse,
1082 3056 1223 3122 indidem·

67 3262 177 3324 leuiore
204 3258 415 3343 subtilioraque
440 3279 556 3322 sursum
579 3259 748 3337 evolarent,
780 3257 917 3322 nimirum
943 3257 1011 3340 lux,
1042 3259 1161 3336 aether,
1194 3267 1224 3320 et

66 3365 140 3446 quud
158 3371 227 3426 erat
245 3359 364 3445 spiritus
382 3359 601 3438 tenuissimum,
632 3380 706 3444 quae
724 3380 797 3424 vcro
814 3361 969 3444 graviora,
1000 3382 1034 3424 ac
1050 3359 1138 3422 veluti
1154 3381 1222 3444 puu-

65 3475 204 3550 garuents
226 3463 342 3542 forent,
373 3483 489 3548 pessum
510 3462 711 3538 subsiderent,
743 3461 905 3525 cuiusmodi
925 3473 1051 3537 terram,
1081 3460 1145 3523 sive
1165 3461 1221 3525 sic-

65 3589 130 3630 eum
150 3567 270 3651 ipsum,
300 3573 330 3626 et
353 3582 492 3646 aquarum
516 3562 660 3626 humidam
679 3574 809 3626 naturam
830 3563 932 3626 luisse.
977 3561 1068 3624 Addit
1085 3581 1137 3644 peu
1153 3585 1220 3627 sese

66 3671 209 3731 universa
229 3665 343 3728 moveri
364 3686 398 3729 oo
424 3664 553 3750 polorum
573 3663 759 3748 siderumque
778 3664 924 3747 vertigine
946 3663 1049 3746 raptim
1071 3664 1152 3728 velut
1170 3665 1220 3729 fle-

65 3771 151 3833 xuosi
168 3767 251 3832 illins
268 3765 386 3852 spiritus
403 3765 562 3850 agitatione
576 3767 696 3855 corripi.
743 3763 825 3832 llaec
837 3785 896 3828 uos
912 3765 947 3827 de
964 3763 1086 3829 istorum
1101 3766 1219 3852 dogma-

66 3873 140 3936 tibus
162 3867 265 3934 obiter
285 3869 425 3932 duntaxat
447 3867 607 3952 attigimus.

67 4079 174 4127 unm
191 4076 273 4124 nurus
287 4087 377 4136 pnorao
395 4076 417 4121 et
427 4073 568 4150 'mutuus
582 4085 627 4134 po·
659 4135 667 4156 2
693 4071 707 4102 *
727 4072 901 4152 lnsmdptioncm
916 4085 961 4121 orn.
976 4073 1027 4122 cod
1041 4073 1138 4136 Rdcdtp.
1171 4073 1218 4122 Pro

67 4147 280 4264 {alffi'so‘f
295 4155 352 4260 lli:
367 4138 450 4260 tlt:
464 4141 629 4260 dldldl
658 4138 1220 4272 ’ltttldllllblllddoltllll

69 4283 162 4339 m
660 4289 709 4326 unu
724 4289 778 4325 eum
793 4275 846 4325 odit.
859 4277 936 4337 pinne
953 4271 1116 4341 Πυθαγόριοι.

99 4347 440 4399 succensurum
450 4347 562 4410 στοιχεῖα
573 4341 628 4394 012-
696 4343 754 4424 cup
769 4345 788 4394 1.
805 4371 835 4382 -
855 4346 877 4393 1.
895 4336 941 4408 ἤι’
956 4333 990 4396 ed
1003 4341 1075 4398 auti
1091 4342 1128 4392 eu.
1140 4343 1217 4402 nna.

71 4425 152 4477 mata,
165 4417 262 4466 nocuit
273 4415 375 4463 mtrem.
387 4413 416 4461 de
427 4414 487 4461 dnn.
498 4413 627 4461 Cllmceter.
660 4403 703 4478 ἠδ’
720 4427 752 4462 uu
769 4403 840 4464 neilus
857 4413 893 4460 ed.
911 4415 993 4462 Polou.

69 4481 154 4539 aitte
189 4483 254 4538 sust
271 4484 333 4534 enm
348 4476 497 4548 μορφώσας
516 4479 560 4534 τοῦ
580 4483 628 4543 tu·
694 4478 718 4532 2.
732 4472 776 4544 tet
789 4467 822 4532 mi
834 4473 908 4534 πάλιν
919 4481 1042 4541 menno
1067 4467 1111 4542 ἠδ’
1124 4464 1157 4532 mi
1169 4471 1218 4530 noi-

72 4547 160 4604 kmi.
660 4548 697 4602 lm
712 4548 846 4605 munao.

967 4629 1017 4696 ,μ
