3072 4986
430 1273 905 1362 EPISTOLA

87 1501 172 1552 anno
190 1475 392 1552 Diocletiani
408 1479 537 1571 adult,
563 1479 790 1554 Valentiniani
807 1487 841 1552 et
859 1475 1010 1554 Valentis
1028 1477 1127 1570 xtl,
1156 1477 1243 1554 Gra·

87 1598 168 1672 tiani
183 1597 299 1690 vlla,
326 1599 369 1672 ad
387 1597 611 1696 Epiphanium
630 1599 856 1674 Palaestinum
875 1597 1243 1695 Eleutheropolitanum

90 1717 231 1812 scripta,
262 1718 320 1812 qui
345 1743 417 1790 oum
433 1718 511 1792 olim
532 1717 726 1792 monasterii
744 1718 832 1812 quod
855 1715 889 1789 in
911 1715 1241 1814 lllctatheropolitano

90 1859 172 1932 agro
188 1837 287 1910 situm
302 1843 355 1910 cst
378 1843 473 1932 pater
489 1837 625 1930 luisset,
650 1837 713 1912 hoc
730 1845 878 1934 tempore
898 1835 1133 1928 Constantios,
1160 1861 1242 1931 quac

90 1957 166 2028 mhs
182 1961 234 2028 est
246 1956 436 2052 provinciae
456 1956 579 2052 cypri,
605 1957 778 2054 episcopus
795 1961 865 2048 est,
889 1955 928 2028 ah
947 1955 1070 2030 Acacio
1088 1962 1121 2029 ct
1135 1955 1242 2032 Paulo

91 2076 294 2170 preshyteris
320 2082 354 2149 ct
373 2075 657 2167 archimandritis,
690 2076 753 2150 hoc
775 2082 827 2148 est
844 2073 1122 2148 monasteriorum
1144 2099 1244 2172 prae·

90 2195 226 2290 positis,
259 2194 296 2267 in
321 2196 457 2292 regione
481 2195 705 2270 carchedonis
734 2202 768 2269 et
793 2195 940 2269 Beroeac
967 2191 1085 2267 (toalea
1110 2193 1242 2288 Syriae,

93 2337 151 2406 qua
176 2315 349 2409 postulant
373 2320 412 2388 ut
434 2317 596 2388 adversus
628 2314 781 2389 haereses
806 2313 984 2404 scriberet,
1019 2335 1093 2386 cum
1123 2314 1189 2387 iam
1222 2337 1242 2390 a

135 2433 248 2508 mullis
267 2434 406 2532 insuper
425 2441 562 2530 rogatos
587 2441 625 2506 ut
644 2433 705 2508 hoc
725 2435 926 2530 susciperet,
952 2437 1070 2528 atque,
1095 2440 1133 2508 ut
1150 2433 1196 2508 ita

446 2555 569 2646 dicaam
594 2559 724 2628 coactus
749 2553 879 2630 luisset.

173 2853 299 2920 llomino
315 2877 381 2920 meo
395 2856 621 2922 honoratissimo
637 2869 724 2944 atque
740 2861 768 2922 in
784 2857 918 2921 omnihus
930 2855 1151 2942 religiosissimo
1166 2858 1240 2943 patri

91 2954 263 3043 Epiphanio,
287 2960 437 3045 episcopo,
460 2960 589 3024 Aeacius
607 2972 638 3026 et
655 2959 765 3024 Paulus
781 2959 958 3046 presbytcri,
981 2958 1238 3040 archimandritae,

90 3059 117 3122 in
139 3061 256 3124 domino
278 3062 413 3125 salntem.

169 3159 294 3226 lteram
314 3163 429 3248 quidem
448 3173 534 3240 tuae,
566 3174 666 3250 pater,
697 3175 833 3250 aspectus
852 3163 915 3248 ipsc
933 3161 1005 3227 satis
1025 3183 1091 3226 esse
1111 3174 1239 3249 poterat,

89 3265 134 3348 qni
153 3285 207 3328 nos
223 3265 403 3350 spiritalibus
421 3265 604 3330 sermonibus
624 3265 770 3352 implevit,
794 3287 829 3330 ao
845 3277 903 3329 tam
921 3265 1081 3328 vehemens
1098 3262 1183 3328 uobis
1199 3262 1241 3326 tui

87 3367 262 3430 desiderium
278 3365 392 3444 indidit,
410 3377 561 3452 postquam
577 3377 627 3432 tuo
642 3369 734 3432 semel
751 3369 806 3432 leui
822 3377 981 3454 conspectu
994 3366 1089 3430 licuit.
1130 3362 1241 3428 Verum

87 3469 221 3552 quoniam
246 3468 367 3554 praevia
390 3469 522 3554 discipuli
545 3465 656 3534 Christi
679 3471 756 3534 lama
778 3469 936 3534 creatorum
957 3467 1020 3532 eius
1042 3468 1241 3550 factorumque

86 3569 275 3652 haga-sutiam
292 3569 398 3654 uhiqoe
414 3570 574 3654 praedicat,
598 3573 680 3655 angit
696 3593 752 3636 noa
769 3583 800 3636 ct
814 3571 951 3636 sollicitat
967 3580 998 3632 ut
1014 3568 1090 3632 illius
1106 3587 1160 3632 nos
1177 3587 1242 3632 scr·

87 3671 221 3734 monitus
243 3691 280 3734 ac
306 3671 403 3736 sensis
427 3673 548 3758 explere
570 3674 750 3738 studeamus.
797 3671 905 3739 Coram
924 3671 1013 3755 igitur
1031 3670 1172 3734 adeuntes
1192 3690 1243 3756 par

85 3783 148 3835 erat
170 3771 234 3836 eins
261 3793 337 3858 qoac
362 3773 392 3836 in
419 3783 447 3836 te
473 3774 594 3860 perinde
619 3787 706 3860 atque
731 3776 760 3838 in
785 3775 927 3860 apostolia
952 3781 999 3837 cst
1024 3772 1137 3858 gratiae
1162 3793 1243 3836 com·

86 3875 224 3939 munione
249 3876 399 3960 pertundi.
446 3872 506 3940 Sed
530 3897 595 3939 cnm
620 3876 677 3940 iter
699 3877 768 3941 illud
790 3875 875 3940 nohis
894 3875 1027 3960 corporis
1043 3874 1196 3958 aegritudo
1214 3881 1244 3936 et

85 3976 210 4061 languor
226 3977 446 4056 intercluserit,
476 3976 594 4042 minime
611 3979 668 4064 ipsi
686 3979 831 4064 potuimus
851 3975 886 4039 ad
905 3979 994 4064 pedes
1013 3987 1079 4042 tuos
1096 3973 1244 4062 provoluti

85 4079 232 4163 spiritales
244 4091 425 4164 sanctosque
440 4100 594 4145 sermones
606 4101 647 4144 cx
660 4100 712 4145 orc
725 4089 775 4144 tuo
788 4089 940 4144 manantes
953 4079 1054 4143 andire
1067 4097 1104 4140 ac
1114 4077 1241 4142 dissere.

115 4265 141 4318 ἃ
158 4261 233 4334 ἡμῶν
244 4269 297 4318 cort.
310 4270 387 4318 emec
420 4265 469 4334 prod
485 4268 537 4318 cod.
549 4269 647 4332 Rhodia
725 4265 763 4318 lt.
781 4262 869 4334 ἐπειδὴ
888 4269 939 4317 cod.
956 4269 1031 4318 laud.

84 4341 105 4382 at
118 4337 174 4385 odet
724 4334 763 4385 tt.
780 4333 829 4399 τῆς
844 4331 1014 4400 ταλαιπωρίας
1030 4335 1081 4384 cod.
1096 4334 1172 4384 Vocet.

114 4401 141 4452 9.
159 4395 219 4471 ἄχρι
232 4405 276 4455 toa.
286 4405 405 4466 scottum.
421 4405 449 4454 tn
459 4417 520 4468 aequ
529 4406 599 4468 uutpo
610 4405 648 4454 dt·
725 4399 763 4453 to
782 4398 842 4462 σοὺς
856 4399 937 4462 πόδας
953 4403 1005 4454 cod.
1020 4404 1096 4453 lauat.

84 4473 203 4591 dippum
219 4467 532 4598 xgffmp’pflw'
725 4463 764 4521 tt.
782 4465 907 4537 στόματος
923 4471 969 4524 σοῦ
986 4471 1038 4521 cod.
1055 4471 1129 4522 Vnam

153 4576 159 4590 .
176 4555 216 4594 σοι
307 4553 359 4604 ons

991 4628 1005 4688 p
1025 4621 1043 4662 a
