3080 5002
296 292 357 354 644
719 301 841 354 εινονι
858 302 1028 354 mumma

296 417 491 504 ἐσταύρωσαν,
517 426 551 464 ‘³⁶
564 415 737 484 ἀνένδεκτον
753 416 806 502 τήν
820 417 915 504 σάρκα
929 415 1004 503 ῶπέρ
1022 423 1154 504 Χριστοῦ
1167 425 1328 484 παθοῦσαν
1339 417 1380 502 μή
1394 417 1451 484 σίν

297 529 418 612 Χριστῷ
440 520 617 606 βασιλεύειν·
648 519 753 598 καθῶς
770 523 821 588 καλ
839 525 870 587 ἐν
888 521 962 610 ἀλλφ
979 524 1059 609 ῥητῷ
1076 525 1223 588 δείκνυσιν
1238 519 1257 586 ό
1274 520 1360 608 ἅγιος
1376 519 1449 586 ἀπό-

296 633 396 702 στολος
417 626 509 710 λόγων
527 623 589 703 ότι,
620 623 769 712 Καθάπερ
789 629 929 690 κοινωνοί
946 625 1008 690 ἐστε
1027 631 1086 690 τῶν
1101 622 1289 708 παθημάτων
1305 631 1360 690 τοῦ
1378 631 1449 708 Χρι-

294 735 380 806 στοῦ,
403 725 498 804 οῦτως
519 730 570 792 καί
591 734 645 810 τῆς
667 727 763 810 δόξης.

380 829 467 913 Σχόλ.
485 829 520 913 η’.
556 827 632 895 Οότε
649 829 705 916 γάρ
723 833 754 895 οί
770 828 1008 915 περιτεμνόμενοι
1027 827 1112 896 αύτολ
1128 827 1221 912 νόμον
1239 827 1448 911 φυλάσσουσιν.

175 1071 225 1116 ρας.
238 1061 283 1105 σου.
374 1034 492 1123 Ἐλεγχ.
507 1034 543 1119 η’.
577 1033 641 1100 Οόκ
666 1032 850 1122 ἀπηγόρευτο
872 1039 975 1102 τοίνυν
995 1033 1016 1118 ή
1038 1037 1165 1122 προτέρα
1186 1035 1331 1122 περιτομή
1355 1038 1389 1102 ἐν
1411 1042 1450 1124 τῷ

295 1140 360 1227 ίδίφ
379 1146 490 1227 καιρῷ,
520 1141 548 1204 εί
564 1137 657 1221 νόμον
673 1137 804 1220 ἐφύλαξε.
850 1136 954 1221 Νόμος
971 1139 1003 1204 δὲ
1020 1137 1150 1226 Χριστόν
1166 1137 1355 1225 κατήγγελλεν
1369 1137 1449 1222 ἐρχό

295 1266 383 1324 μενον
401 1240 494 1324 νόμον
509 1244 679 1327 ἐλευθερίας
695 1243 915 1327 παρασχέσθαι,
936 1243 988 1308 καί
1004 1240 1103 1308 ούκέτι
1118 1238 1138 1325 ή
1155 1240 1300 1329 περιτομή
1317 1243 1348 1308 ἐν
1363 1243 1450 1328 σαρκί

293 1351 335 1433 τῷ
360 1342 455 1433 χρόνῳ
480 1351 532 1410 τοῦ
558 1350 689 1430 Χριστοῦ
711 1343 956 1430 ἐξοπηρετήσειεν.
1000 1337 1096 1412 Ἦλθε
1117 1343 1172 1432 γάρ
1195 1343 1215 1428 ή
1239 1341 1289 1410 διά
1314 1351 1450 1428 Χριστοῦ

295 1444 435 1530 ἀληθινή,
459 1439 495 1528 ής
507 1445 602 1524 τύπος
617 1450 711 1531 ἐκείνη
726 1440 774 1532 ἦν.
821 1451 861 1512 Οί
874 1447 905 1512 δὲ
919 1450 961 1513 ἐτι
977 1451 1008 1514 ἐν
1024 1451 1118 1538 ἐκείνη
1132 1445 1370 1534 σφραγιζόμενοι,
1393 1445 1451 1513 κάν

294 1575 324 1614 τε
338 1548 434 1616 πάντα
450 1547 501 1614 τόν
516 1548 608 1631 νόμον
622 1552 807 1631 φυλάξασιν,
830 1545 928 1616 οάκίτι
942 1547 1044 1627 ου’τοΐς
1058 1549 1265 1636 λογισθήσεται
1279 1548 1374 1633 νόμον
1391 1549 1449 1630 φῦ-

293 1656 387 1731 λαξις,
420 1649 521 1735 ἐπειδὴ
542 1651 598 1738 γάρ
621 1649 747 1735 όνόμος
763 1656 840 1739 ἐλεγε
855 1656 923 1739 περὶ
940 1659 1072 1739 Χριστοῦ
1091 1651 1152 1732 ὅτι,
1182 1651 1340 1740 προφήτην
1353 1655 1452 1738 ἐγερεῖ

294 1751 364 1837 ύμῖν
386 1753 490 1841 κύριος
513 1751 532 1820 ό
552 1753 625 1831 θεός
648 1757 680 1822 ἐκ
703 1763 762 1820 τῶν
783 1753 920 1837 ἀδελφῶν
943 1783 1001 1841 μου
1024 1753 1065 1832 ῶς
1086 1757 1152 1840 ἐμὲ,
1182 1753 1275 1821 αὐτοῦ
1292 1753 1448 1821 ἀκούσετε·

294 1854 392 1922 αύτῶν
409 1857 442 1922 δὲ
459 1865 514 1924 τοῦ
534 1863 665 1944 Χριστοῦ
682 1857 723 1943 μή
742 1855 933 1925 ἀκουσάντων
947 1856 968 1942 ή
983 1857 1126 1946 περιτομή
1142 1855 1321 1942 ἀκροβυστία
1336 1862 1450 1944 γίνεται

294 1958 405 2039 αότοῖς,
426 1962 477 2026 καὶ
492 1957 513 2043 ή
527 1958 652 2041 φόλαξις
665 1966 720 2026 τοῦ
736 1959 832 2044 νόμου
848 1960 946 2028 ούκίτι
960 1962 1092 2043 φόλαξις.
1137 1959 1237 2037 Χαλδς
1251 1965 1348 2027 τοίνυν
1364 1959 1388 2026 ό
1403 1960 1450 2026 νό-

294 2090 363 2147 μος,
392 2065 442 2130 καλ
458 2060 533 2146 καλή
549 2060 571 2146 ή
586 2062 743 2149 περιτομή,
772 2061 825 2145 ἀφ’
838 2057 877 2130 ού
891 2066 942 2130 καλ
958 2062 1010 2146 ἀφ’
1023 2057 1202 2150 ήςέγνωμεν
1221 2061 1364 2149 Χριστόν,
1399 2066 1451 2129 ιιαλ

293 2164 345 2232 τόν
362 2167 556 2254 ἐντελέστερον
574 2164 668 2233 αότοῦ
685 2164 794 2249 νόμον,
815 2169 864 2232 καλ
885 2165 939 2250 τήν
955 2169 1152 2254 ἐντελεστέραν
1170 2163 1264 2232 αύτοῦ
1279 2164 1450 2252 περιτομήν.

313 2378 341 2410 ⁹⁰
352 2374 425 2428 ΑΠΟ
444 2373 522 2429 ΤΗΣ
540 2374 641 2428 ΠΡΟΣ
657 2374 883 2428 ΚΟΡΙΝΘΙΟΥΣ
900 2374 1129 2433 ΕΠΙΣΤΟΔΗΣ.
1161 2373 1259 2428 mn
1275 2373 1342 2428 ΓΔΡ
1358 2371 1436 2428 ΠΛΡ

561 2459 694 2512 ΔΥΤΟΙΣ
712 2459 889 2523 ΔΕΥΤΕΡΛ,
908 2460 970 2514 ΚΑΙ
987 2461 1060 2514 ΠΛΡ
1077 2458 1181 2514 ΗΜΙΝ.

376 2576 403 2642 α’
417 2579 469 2644 καλ
482 2577 514 2641 θ’
529 2575 614 2660 Σχόλ.
648 2579 814 2664 Γέγραπται
829 2575 902 2663 γάρ,
931 2574 1047 2643 Ἀπολῶ
1062 2573 1118 2661 τήν
1131 2579 1240 2657 σοφίαν
1253 2581 1314 2642 τῶν
1331 2581 1448 2655 σοφῶν,

292 2682 345 2747 καί
366 2678 420 2763 τήν
441 2679 558 2746 σύνεσιν
580 2686 637 2744 τῶν
658 2687 786 2746 συνετῶν
807 2677 952 2763 ἀθετήσω.

379 2783 407 2846 α’
418 2785 468 2848 καλ
481 2781 513 2847 θ’
522 2781 633 2868 Ἔλεγχ.
663 2785 706 2846 Εἰ
716 2780 775 2848 ἀπό
789 2784 1068 2869 τῶνγεγραμμίνων
1079 2784 1184 2858 ἐντοῖς
1195 2779 1368 2869 προφήταις
1382 2777 1450 2844 ἀνα-

293 2887 405 2971 λέγεται
426 2882 444 2950 ό
464 2882 628 2961 ἀπόστολος
643 2889 821 2972 μαρτυρίας,
851 2887 892 2962 είς
907 2883 1089 2973 παράστασιν
1104 2883 1246 2968 ἀληθείας
1261 2886 1315 2950 καλ
1331 2881 1450 2970 ἀγαθῆς

198 3065 199 3068 ρ
293 2991 499 3068 διδασκαλίας,
521 2985 577 3054 οῦκ
591 2985 738 3074 ἀλλότριοι
752 2991 947 3074 οίπροφήται
962 2996 1015 3073 τῆς
1027 2986 1169 3072 ἀληθείας
1183 2989 1235 3054 καί
1249 2993 1304 3052 τοῦ
1319 2984 1448 3074 ἀγαθοῦ,

292 3092 343 3156 καί
364 3095 419 3174 τής
439 3086 559 3178 ἀγαθῆς
580 3088 674 3156 αότοῦ
696 3094 894 3169 διδασκαλίας.

378 3192 405 3276 ff
421 3195 473 3260 καί
489 3192 507 3259 ι’
522 3191 608 3278 Σχόλ.
645 3197 746 3260 97Χαλ
762 3198 828 3274 ίνα,
858 3192 962 3270 καθῶς
978 3195 1154 3280 γίγραπται,
1183 3190 1202 3260 ό
1214 3183 1404 3276 κανχοίμενος
1418 3191 1450 3256 ἐν

293 3299 387 3386 κυρίῳ
409 3295 580 3380 καυχάσθω.
982 3341 985 3346 ι

378 3399 406 3482 β’
421 3403 473 3466 καλ
489 3399 506 3464 ι’
515 3398 627 3485 Ἕλεγχ.
660 3401 702 3464 Et
723 3398 873 3476 ἐπαινετός
895 3397 1019 3524 ἀπάρχει
1045 3396 1273 3482 όκαυχοίμενος
1299 3401 1332 3464 ἐν
1356 3399 1448 3520 κορίςρ

294 3501 376 3589 παρά
399 3512 461 3579 τοῖς
481 3501 665 3589 προφήταις,
695 3503 802 3588 κύριον
822 3503 853 3568 δὲ
870 3498 981 3568 σίδε
948 3527 1002 3568 τον
1017 3499 1092 3568 θεόν
1112 3510 1168 3569 τοῦ
1185 3499 1279 3586 νόμον
1299 3499 1353 3567 τόν
1367 3495 1448 3584 παριί

294 3606 359 3684 σοί,
382 3633 406 3670 ω
394 3597 587 3692 Μαρκίων,
609 3606 661 3670 καὶ
677 3631 780 3692 κριτην
793 3632 845 3670 και
834 3602 1041 3690 δημιουργόν
1056 3606 1107 3671 καλ
1126 3609 1243 3672 δίκαιον
1255 3601 1448 3686 καλούμενον,

295 3703 350 3772 ούκ
365 3703 451 3784 ἀλλος
466 3699 598 3775 ἐστιν
562 3734 649 3784 ουτος
664 3705 746 3792 παρά
762 3706 814 3774 τόν
838 3714 935 3775 98τοῦ
954 3713 1084 3791 Χριστοῦ
1100 3710 1227 3795 πατέρα,
1258 3734 1296 3773 ου
1283 3699 1449 3790 μαθητής

293 3805 418 3894 ύπάρχει
445 3815 578 3886 Παῦλος·
612 3807 813 3896 ἐπειδήπερ’
794 3808 854 3876 από
879 3818 933 3895 τῆς
955 3817 1011 3877 τοῦ
1033 3810 1192 3896 προφήτου
1215 3807 1449 3936 διδασιιγιλήας
1432 3837 1447 3874 ο

294 3910 470 3989 διδάσκαλος
490 3915 686 3989 κατασταθείς
708 3920 768 3978 τῶν
793 3910 937 3979 ἐθνῶν
917 3912 978 3980 υπό
1002 3920 1134 4001 Χριστοῦ
1159 3921 1281 3990 Παῦλος
1305 3911 1365 3979 ἀπό
1390 3919 1450 3978 τῶν

295 4011 408 4096 όμοίων
423 4015 548 4081 καὶτῶν
563 4013 661 4082 ούτῶν
678 4019 875 4082 διδασκαλιῶν
888 4014 1073 4101 ἀνιμῶμευος
1088 4014 1130 4094 ῶς
1143 4016 1282 4104 καθαρόν
1297 4015 1380 4102 ῦδωρ
1399 4013 1449 4099 άρ·

295 4118 373 4182 δεύει
397 4116 436 4201 ήν
457 4122 644 4184 πεπίστευται
666 4121 827 4202 ἐκκλησίαν.

380 4218 403 4306 γ’
419 4223 472 4287 καί
489 4218 526 4288 ια’
544 4219 630 4305 Σχόλ.
668 4227 734 4288 Τῶν
751 4219 900 4310 ἀρχόντων
918 4229 972 4290 τοῦ
989 4223 1098 4300 αίῦνος
1113 4224 1236 4303 τούτου,
1265 4229 1326 4290 τῶν
1341 4247 1449 4308 καταρ-

293 4324 451 4406 γοομένων.

328 4475 370 4526 95.
387 4473 534 4536 ἀνίκδεκτον
550 4485 602 4534 ταί.
620 4487 693 4536 Vario.
889 4489 939 4535 τελλ.
947 4485 1035 4549 ,φοοδ
1050 4487 1082 4536 ι’λο
1095 4486 1195 4547 τουτονί,
1212 4489 1238 4535 ιιλ
1251 4483 1312 4534 mua
1326 4501 1343 4536 α
1342 4479 1439 4537 ’καὶ
1425 4479 1447 4512 “

327 4541 368 4595 96.
389 4547 499 4610 λοίφ’
476 4567 493 4602 α
518 4547 603 4604 καλὲ)
621 4549 693 4621 σχόλ.
727 4543 790 4606 ’Διτδ
808 4552 856 4620 τῆς
890 4521 961 4622 σχίί.
978 4560 1031 4605 ante
1048 4551 1194 4622 Γέγραπται
1209 4555 1354 4604 ωλλοοοττει.
