3112 4984
736 283 858 336 emer!
876 284 1043 336 ΕΡΙΡΗΑΝΙΙ

552 547 731 615 ΚΑΤΑ
781 545 1230 630 ΝΑΖΩΡΑΙΩΝ,

626 658 746 755 ἐνάτη,
772 659 872 754 ἠκαὶ
893 659 1027 754 είκοστῆ
1046 657 1157 754 ἐνάτη.

178 829 245 897 Κεφ.
262 824 294 878 α’.
400 815 569 891 Ναζωραῖον
587 811 717 890 καθεξῆς
730 807 847 885 τούτοις
861 811 995 888 ἕπονται,
1017 807 1079 892 ῦμα
1097 833 1127 873 τε
1142 805 1245 884 αῦτοῐς
1258 805 1356 886 ὄντες,
1377 804 1469 890 ῆιιαλ

310 909 370 996 πρό
391 909 505 989 αῦτοῑν,
532 908 555 993 ῆ
577 907 632 974 σῦν
647 907 762 986 αῦτοῖς,
784 908 879 992 ἤρετ’
898 907 1023 990 αῦτοῦς,
1055 909 1136 993 ὅμως
1158 908 1326 994 σῦγχρονοι·
1354 905 1392 974 οῦ
1406 907 1466 994 γόρ

190 1051 240 1096 μς.
254 1037 299 1081 ιιι.
313 1010 517 1097 αίκριβέστερον
530 1009 660 1094 όῦναμαι
674 1015 797 1090 ίξειπεῑυ
812 1015 889 1088 τίνες
904 1017 985 1087 τίνας
1000 1014 1174 1089 διεδέξαντο.
1198 1009 1290 1076 Καθολ
1305 1009 1361 1096 γόρ
1376 1013 1467 1092 ίφην,

310 1113 466 1200 σῦγχρονοι
479 1106 555 1196 ἦσαν
570 1111 719 1196 οίλλήλοις,
741 1115 792 1178 καλ
811 1112 901 1196 ῦμοια
921 1114 1075 1195 κέκτηνται
1089 1112 1125 1177 τῦ
1142 1111 1324 1197 φρονήματα.
1371 1105 1468 1178 Οῦτοι

308 1216 365 1302 γῦρ
381 1219 498 1291 έαυτοῖς
519 1213 613 1298 ὄνομα
637 1216 779 1281 ἐπέθεντο
805 1212 872 1298 οῦχλ
891 1219 1037 1300 Χριστοῦ,
1065 1213 1133 1280 οῦτε
1159 1212 1231 1280 αῦτό
1248 1213 1282 1280 τό
1298 1213 1395 1297 ὄνομα
1407 1219 1467 1279 τοῦ

308 1318 425 1401 Ἰησοῦ,
448 1315 519 1382 τίλλιλ
538 1322 729 1405 Ναζωραίων.
775 1319 835 1382 Καὶ
852 1316 958 1392 πάντες
972 1317 1005 1382 δὲ
1023 1318 1194 1403 Χριστιανοὶ
1213 1323 1382 1402 Ναζωραῖοι
1397 1321 1467 1383 τότε

310 1417 449 1498 ῦςαῦτως
475 1422 640 1486 ἐκαλοῦντο.
685 1422 793 1505 Γέγονε
811 1419 843 1483 δὲ
869 1416 914 1484 ἐπ’
940 1416 1028 1507 όλίγιμ
1051 1417 1147 1506 χρόνῳ
1169 1427 1324 1484 καλεῖσθαι
1352 1416 1466 1493 αῦτοῦς

308 1521 487 1600 Ἰεσσαίους,
508 1523 580 1605 πρλν
596 1519 619 1602 ῆ
636 1523 686 1587 ίπὶ
702 1526 754 1604 τῆς
769 1519 944 1604 Ἀντιοχείας
961 1519 1053 1605 οίρχῆν
1070 1517 1199 1603 λιίβωσιν
1216 1523 1247 1585 οἱ
1261 1522 1394 1603 μαθηταὶ
1408 1547 1463 1584 κα-

309 1632 425 1689 λεῖσθαι
442 1627 622 1708 Χριστιαυοί.
664 1620 839 1690 Ἐκαλοῦντο
864 1624 896 1688 δέ
916 1620 1056 1687 Ἰεσσαῖον
1074 1621 1124 1686 θεολ
1146 1620 1199 1686 τόν
1216 1619 1340 1700 Ἰεσσαλ,
1368 1619 1464 1704 οίμαι,

309 1725 467 1810 ἐπειδήπερ
487 1722 509 1792 ό.
521 1726 620 1807 Δαβλθ
641 1727 670 1802 ίξ
685 1722 809 1805 Ἰεσσαὶ,
837 1728 870 1791 ἐκ
890 1726 923 1791 δέ
939 1731 994 1790 τοῦ
1014 1726 1113 1806 Δαβλῦ
1128 1721 1203 1788 κατολ
1218 1722 1358 1806 ῦιαιλογῆν
1373 1727 1464 1808 σπέρ-

309 1853 400 1910 ματος
423 1824 444 1910 ή
465 1829 590 1912 Μαρία,
618 1829 825 1912 πληρουμένης
844 1835 897 1910 τῆς
913 1830 1001 1902 θείας
1024 1833 1141 1910 γραφῆς
1163 1823 1237 1890 κατὰ
1259 1823 1313 1908 τήν
1334 1825 1465 1891 παλαιόν

309 1928 477 2012 διαθήκην,
498 1935 553 1994 τοῦ
565 1933 671 2014 κυρίου
685 1932 821 2014 λέγοντος
835 1927 912 2015 πρός
929 1926 981 1994 τόν
995 1929 1094 2012 Δαβλῦ
1100 1977 1109 2007 ,
1130 1925 1187 1990 Ἐκ
1204 1934 1322 2011 καρποῦ
1333 1935 1387 2009 τῆς
1400 1955 1463 1993 κοι-

308 2035 373 2108 λίας
393 2053 449 2097 σου
469 2029 603 2115 θήσομαι
626 2033 676 2095 έπλ
698 2038 751 2096 τοῦ
772 2030 890 2116 θρόνου
911 2052 976 2096 σου.

182 2163 248 2229 Κεφ,
263 2160 294 2230 βε,
397 2136 490 2199 Δέδια
508 2133 541 2198 δέ
557 2130 628 2198 καθ’
642 2129 767 2214 ίιιόστην
783 2129 931 2198 ῦπόθεσιν
948 2133 1060 2209 λέξεως,
1082 2127 1124 2206 τίς
1138 2127 1246 2212 ταῦτην
1256 2129 1312 2212 τήν
1328 2127 1466 2214 ῦπόμνη-

310 2255 357 2301 σιν
374 2242 533 2318 ποιοῦμαι,
560 2233 783 2320 παρακινοῦσης
806 2259 841 2317 με
866 2241 918 2316 τῆς
941 2230 1082 2315 ἄληθείας
1106 2230 1159 2308 τός
1183 2235 1215 2298 έν
1240 2230 1314 2321 αῦτῆ
1332 2241 1368 2322 τῇ
1389 2236 1466 2310 λέξει

310 2341 441 2418 θεωρίας
460 2335 648 2418 ῦποφαίνειν,
670 2335 721 2401 ῦιεὶ
739 2334 771 2402 τό
789 2335 830 2418 μή
847 2334 923 2402 πολῦ
941 2333 1052 2412 πλότος
1069 2332 1322 2419 περιποιήσασθαι
1340 2341 1376 2423 τῆ
1393 2356 1464 2400 συν-

310 2439 388 2517 τάξει
404 2447 459 2522 τῆς
472 2438 642 2524 διηγήσεως.
690 2445 750 2504 Τοῦ
765 2437 822 2524 γόρ
837 2437 947 2522 ’κυρίου
962 2435 1112 2519 φήσαντος
1126 2442 1168 2524 τῷ
1183 2436 1295 2519 Δαβλῦ,
1323 2434 1374 2500 Ἐκ
1391 2463 1464 2520 ιιαρ·

311 2547 373 2606 ποῦ
388 2549 442 2623 τῆς
463 2545 575 2617 κοιλίας
598 2561 653 2606 σου
671 2538 806 2623 θήσομαι
827 2541 877 2606 ίπλ
894 2546 948 2605 τοῦ
970 2536 1086 2622 θρόνου
1103 2559 1176 2617 σου,
1203 2540 1255 2602 καλ
1272 2535 1322 2617 τό,
1346 2535 1464 2622 Ὦμοσε

311 2641 416 2726 αῦριος
433 2649 474 2728 τῷ
493 2645 608 2725 Δαβλῦ,
637 2645 688 2708 καλ
711 2640 748 2708 οῦ
770 2640 1054 2725 μεταμεληθήσεται,
1084 2644 1174 2720 δῆλον
1200 2635 1242 2714 τίς
1265 2635 1286 2722 ή
1308 2647 1363 2705 τοῦ
1386 2650 1464 2706 θεοῦ

313 2741 494 2823 οίμετιίθετός
509 2746 587 2809 ίστιν
602 2747 771 2830 έπαγγελία,
801 2746 852 2808 καὶ
867 2751 986 2826 πρῶτον
1004 2743 1057 2825 μέν
1074 2740 1119 2806 ῦτι
1140 2740 1231 2825 ῦρκος
1250 2741 1332 2826 παρὰ
1351 2749 1416 2832 θεῷ
1437 2748 1467 2808 τί

314 2844 392 2908 ἔστιν
413 2841 471 2908 ἀλλ’
486 2844 508 2926 ῆ
525 2844 587 2919 ὅτι,
620 2845 692 2911 Κατ’
707 2848 836 2927 ἐμαυτοῦ
853 2842 970 2928 ῦμυσα,
991 2845 1065 2930 λέγει
1080 2841 1185 2928 πόριος
1191 2870 1201 2921 3
1247 2841 1293 2907 Οῦ
1311 2842 1366 2930 γόρ
1387 2844 1467 2910 καττί

314 2949 444 3027 μείζονος
461 2947 517 3029 ἔχει
533 2945 624 3031 ῦριιον
641 2945 724 3024 θεός.
765 2943 855 3011 'Auci
871 2944 941 3013 οῦθέ
955 2944 1062 3028 ὄμνυσι
1083 2944 1116 3010 τό
1131 2954 1233 3024 θεῖον,
1253 2947 1297 3020 είς
1314 2944 1465 3026 παρόστα·

314 3069 361 3112 σιν
376 3048 408 3113 θλ
428 3046 614 3130 βεβαιώσεως
636 3045 655 3114 ό
676 3048 762 3134 λόγος
782 3050 840 3132 ἔχει
857 3046 911 3131 τήν
928 3047 1071 3129 θῦναμιν,
1098 3043 1166 3128 μεθ’
1179 3045 1272 3130 ὅρκου
1292 3044 1348 3132 γῦρ
1364 3045 1468 3128 ῦμοσε

314 3148 418 3233 κῦριος
432 3155 474 3238 τῷ
490 3152 589 3231 Δαβλιλ
605 3152 639 3215 έκ
654 3157 772 3237 καρποῦ
789 3158 841 3233 τῆς
856 3154 968 3226 κοιλίας
982 3149 1086 3232 θήσειν
1101 3151 1151 3213 ίπλ
1167 3148 1220 3214 τόν
1233 3147 1345 3232 θρόνον
1358 3145 1466 3216 αῦτοῦ.

315 3256 513 3336 Μαρτυροῦσι
528 3253 560 3316 δέ
576 3255 608 3317 σί
620 3250 779 3318 είπόστολοι
794 3252 841 3318 ὅτι
856 3255 889 3318 έιι
907 3253 1072 3336 σπέρματος
1085 3252 1184 3333 Δαβλῦ
1202 3253 1259 3316 ἔθει
1273 3247 1324 3315 τόν
1335 3253 1471 3334 Χριστόν

313 3359 510 3439 γεννηθῆναι,
533 3352 628 3439 οῦςπερ
647 3347 704 3420 οῦν
716 3358 768 3420 καλ
788 3352 935 3440 ἐγεννήθη
949 3350 968 3420 ό
981 3351 1085 3438 κῦριος
1097 3349 1184 3434 ῆμῦν
1196 3349 1314 3434 Ἰησοῦς
1329 3353 1470 3438 Χριστός.

316 3455 449 3541 Παρήσω
466 3455 499 3521 δέ
513 3454 546 3522 τό
562 3463 682 3539 πλῆθος
696 3463 757 3521 τῶν
770 3461 949 3541 μαρτυριῶν,
970 3457 1020 3520 ἰ’να
1037 3453 1078 3538 μή
1090 3457 1132 3529 είς
1147 3453 1241 3519 πολῦν
1258 3453 1349 3538 ὄγκον
1364 3453 1470 3541 ῦγοίγω

312 3555 363 3621 τόν
380 3556 484 3643 λόγον,
507 3557 548 3634 ῦς
562 3582 594 3643 γε
610 3567 761 3643 προεῖπον.
805 3559 900 3622 Εἴποι
917 3553 943 3621 θ’
959 3553 997 3621 ῦν
1011 3583 1057 3634 τις
1073 3559 1160 3636 ίσως,
1182 3563 1237 3622 τοῦ
1254 3563 1387 3642 Χριστοῦ
1402 3585 1472 3643 γευ-

314 3661 459 3740 νηθίντος
476 3663 509 3726 ἐκ
526 3663 692 3742 σπέρματος
708 3661 808 3742 Δαβλῦ
826 3657 902 3725 κατό
925 3657 1036 3745 σάρκα,
1057 3659 1205 3723 τουτέστιν
1225 3655 1285 3722 όπό
1306 3666 1359 3741 τῆς
1380 3657 1471 3744 ἇγίας

314 3763 469 3842 παρθένου
483 3766 621 3846 Μαρίας,
643 3765 699 3826 τίνι
715 3769 756 3849 τῷ
771 3759 848 3850 λόγῳ
865 3763 915 3827 έπλ
930 3767 984 3826 τοῦ
997 3759 1114 3844 θρόνου
1131 3763 1230 3843 Δαβλῦ
1247 3757 1286 3825 οῦ
1302 3762 1472 3839 καθέζεται.
1544 3773 1545 3803 ἒ

308 3849 423 3924 Ἦλθον
436 3859 502 3948 γὰρ,
525 3865 600 3945 φησλ
613 3861 645 3928 τό
665 3859 847 3948 εῦαγγέλιον,
869 3871 966 3948 χρῖσαι
981 3860 1072 3927 αῦτόν
1088 3865 1129 3938 είς
1147 3863 1283 3944 βασιλέα,
1305 3865 1356 3928 καλ
1376 3865 1474 3948 γνοῦς

313 3957 494 4045 όνεχόρησε,
516 3967 565 4028 καλ
583 3963 695 4049 ίκρῦβη
712 3967 745 4030 έν
759 3962 896 4050 Ἐφραλμ
910 3963 994 4030 πόλει
1010 3971 1063 4046 τῆς
1077 3963 1199 4049 ἐρήμου.
1244 3964 1425 4042 Φθόσακτες
1437 3972 1474 4034 ῦὲ

312 4057 398 4145 ήμεῖς
413 4064 462 4128 έπλ
477 4061 530 4128 τόν
543 4063 637 4131 τόπον
654 4073 708 4132 τοῦ
723 4070 815 4150 ῥητοῦ
831 4065 953 4145 τοῦτον,
975 4068 1026 4132 καλ
1042 4064 1225 4150 ἐρωτώμενοι
1238 4068 1306 4151 περί
1320 4073 1375 4149 τῆς
1392 4095 1472 4154 μορ.

310 4169 414 4250 τυρίας
429 4161 538 4246 ταῦτης
550 4168 602 4230 καὶ
615 4175 669 4249 τῆς
684 4165 873 4247 όποθέσεως,
895 4167 943 4234 ότι
961 4173 1018 4233 τίνι
1035 4166 1167 4258 τῷλόγῳ
1182 4167 1258 4233 κατό
1273 4167 1307 4234 τό
1322 4171 1474 4254 σαρκικόν

190 4305 242 4350 μς.
257 4295 301 4341 τιτι
313 4265 353 4333 οῦ
373 4264 561 4352 πεπλήρωται
587 4269 657 4332 ιέπλ
679 4268 732 4334 τόν
747 4277 865 4355 σωτῆρα
882 4268 916 4335 τό
934 4275 1059 4337 καθίσαι
1082 4271 1132 4336 έπλ
1155 4267 1207 4336 τόν
1228 4268 1342 4354 θρόνον
1357 4277 1473 4354 Δαβίθ.

363 4509 422 4560 Gn.
438 4509 469 4558 ΙΙ.
495 4538 527 4550 -
565 4509 587 4560 Ι.
606 4511 718 4572 θαιμιεοι
731 4509 789 4576 περὶ
805 4509 847 4564 τὸν
864 4511 975 4578 σωτῆρα.
