3110 4984
340 381 475 433 PaNaatt
494 383 570 434 ADV.
587 383 757 459 HAERESES
775 385 856 434 ΤΟΜ.
871 385 891 434 Ι.
910 384 971 434 LIB.
984 386 1005 435 l.
1193 377 1245 437 401

101 499 294 564 crassitudine
318 511 463 586 nugatur,
494 503 588 586 deque
611 502 732 587 pedibas
755 522 791 566 an
813 503 940 566 caeteris
964 503 1099 569 omnibns
1124 505 1250 570 tabulam

101 601 238 682 pertexit.
283 601 331 666 Ad
353 603 425 666 baec
448 605 580 720 spiritum
602 615 734 669 sanctam
760 625 827 668 esse
848 605 1047 684 demonstrat,
1071 627 1148 700 sexu
1168 607 1252 672 lemi-

100 815 214 868 montes
230 806 304 868 dnos
323 817 461 869 stantem.
507 805 595 872 blitto
613 809 741 893 reliqna,
766 829 804 872 ne
820 830 921 872 eorum
938 829 986 892 qna
977 808 1073 873 baec
1088 811 1253 894 intelligent

100 927 185 970 aures
207 908 334 972 anilibus
354 908 500 992 figmentis
519 909 662 994 oppinum.
708 906 889 992 Quibusdam
910 931 998 995 porro
1018 911 1116 974 verbis
1141 912 1251 976 inanis·

100 1008 240 1093 simisque
256 1011 377 1076 vneibos
396 1011 519 1076 subinde
535 1012 637 1075 eodem
653 1013 682 1075 in
701 1012 776 1076 libro
795 1013 891 1076 lacuna
914 1012 995 1092 lacit,
1019 1034 1084 1076 cunr
1101 1015 1141 1074 ita
1158 1015 1252 1098 loqui-

100 1121 155 1172 tur.
201 1109 302 1175 Nemo
318 1113 591 1197 interpretationem
611 1123 743 1197 quaerat,
767 1115 819 1176 scd
834 1114 912 1178 inter
930 1115 1071 1178 orandum
1090 1115 1162 1178 laeec
1180 1117 1254 1180 dnn-

99 1222 181 1274 taxat
198 1216 340 1296 proderat.
359 1241 361 1244 ·
386 1213 470 1297 Quae
488 1217 603 1299 quidem
621 1237 661 1278 ex
677 1213 824 1279 Hebraiea
843 1216 941 1300 lingua
963 1216 1128 1296 transtulit,
1153 1230 1183 1280 ot
1204 1217 1255 1280 val

101 1315 152 1376 lanc
173 1336 214 1378 cx
245 1327 327 1400 parte
350 1317 593 1403 deprehendimus
612 1317 691 1380 nibili
721 1311 789 1379 csse
812 1319 897 1380 istius
920 1318 1046 1381 laominis
1074 1329 1250 1382 commenta.

102 1412 140 1476 lta
160 1419 239 1480 eaim
256 1439 343 1514 orarp
363 1419 463 1483 iubet:
496 1420 590 1498 Abar,
615 1419 705 1496 ania,
729 1417 826 1497 Moib,
849 1417 988 1499 Nocbile,
1011 1416 1146 1496 Daasim,
1169 1419 1249 1496 Aac,

101 1515 237 1595 bassim,
261 1518 399 1599 Noscito,
423 1519 519 1601 Moib,
544 1521 635 1598 Anid,
659 1521 753 1599 Abar,
778 1519 891 1584 Salam.
938 1520 1023 1604 Quae
1043 1522 1251 1586 buacscasnm

101 1622 271 1685 continente
297 1621 447 1686 Transeat
462 1625 588 1686 abiectio
606 1645 621 1684 a
640 1622 770 1707 patribus
788 1624 860 1686 meis
874 1633 1052 1706 propagata,
1077 1625 1252 1686 condemna·

101 1720 185 1785 tionis
202 1725 353 1807 ipsorum,
379 1736 407 1788 et
425 1725 655 1789 conculcationis
670 1726 816 1809 ipsoram,
841 1735 871 1788 et
888 1725 997 1788 laboris
1015 1725 1157 1809 ipsorum,
1181 1745 1251 1789 oon-

102 1825 263 1888 calcatione
287 1827 318 1889 in
341 1827 584 1890 condemnatione
611 1847 663 1911 per
686 1837 784 1913 patres
815 1847 898 1890 meos
921 1848 961 1890 ex
989 1827 1153 1891 abiectione
1177 1847 1253 1910 qaue

102 1927 249 2006 praeteriit
264 1929 293 1990 iu
310 1929 474 2012 apostolatu
489 1928 690 2014 perfectionis.
720 1927 805 2011 Quae
821 1928 917 1992 omnia
932 1930 960 1991 in
977 1930 1027 1992 illo
1044 1931 1106 2014 ipso
1121 1931 1250 2012 perlecta

102 2039 166 2090 snut
184 2029 269 2092 cuius
291 2031 337 2093 vis
360 2033 455 2093 omnis
478 2041 565 2114 atque
586 2033 665 2094 lraus
685 2029 714 2093 in
734 2029 853 2094 nibilum
878 2041 922 2093 est
941 2034 1071 2094 redacta.
1118 2027 1204 2112 Quod
1227 2031 1253 2093 si

102 2129 162 2210 qais
178 2132 361 2214 singulorum
377 2133 534 2195 verborum
552 2132 822 2215 interpretationem
841 2133 943 2196 andire
960 2133 1042 2209 velit,
1067 2153 1104 2195 ne
1119 2131 1175 2195 lanc
1189 2134 1252 2216 qni-

103 2231 279 2296 deminuere
303 2233 456 2318 pigrebor,
480 2234 531 2298 sed
558 2233 593 2296 iis
611 2233 697 2296 etiam
722 2233 770 2318 qui
792 2233 955 2296 minutatim
971 2234 1048 2296 scire
1064 2233 1119 2295 ista
1139 2233 1253 2297 deside·

103 2348 163 2394 rant
181 2337 300 2397 omarinn
319 2335 511 2400 satisfaciam.
558 2333 649 2419 lgitur
666 2335 789 2419 singolis
806 2335 929 2399 vocibus
945 2336 1090 2421 propriam
1109 2335 1252 2420 interpre-

101 2437 238 2500 tationem
256 2438 431 2515 adscribam,
451 2459 525 2522 qoae
541 2449 588 2500 est
603 2436 762 2500 eiusmodi:
786 2437 882 2516 Abar,
899 2447 1042 2513 transcat,
1063 2437 1154 2516 anit,
1173 2437 1253 2500 abic-

101 2538 176 2615 ctin,
209 2536 311 2618 Moib,
336 2540 502 2623 apati-ibus
527 2541 599 2602 racis
622 2551 798 2624 propagata,
830 2537 975 2618 Nocbile,
1000 2538 1253 2602 condemnationis

101 2639 246 2723 ipsorum,
271 2640 412 2718 Duasim,
436 2653 467 2704 et
480 2641 710 2706 cortoulcatioais
727 2641 873 2724 ipsorum,
896 2643 981 2719 aaa,
1006 2653 1035 2704 ct
1051 2641 1161 2703 laboris
1175 2641 1264 2725 ipso-¹

101 2763 181 2820 rnna,
217 2741 357 2820 bannim,
382 2745 617 2828 proculcatione,
648 2743 825 2821 Nocbilef
816 2743 1127 2818 cumadmiratione,
1155 2739 1251 2818 ΜοίΙι,

101 2865 151 2927 per
166 2856 265 2929 patres
279 2866 382 2922 meos,
405 2847 500 2925 Araid,
525 2867 565 2910 ex
583 2847 766 2924 abiectione,
789 2845 884 2926 Abar,
909 2865 984 2930 quac
1002 2845 1170 2929 praeteriit,
1194 2841 1250 2908 Sc-

100 2945 172 3024 lam,
196 2947 362 3032 apostolatu
384 2948 585 3032 perfectionis.

183 3045 337 3112 Eiusmodi
353 3061 400 3114 est
417 3046 600 3114 Ossenoruna
618 3060 879 3113 commemoratas
901 3051 986 3115 nobis
1003 3050 1153 3128 haeresis,
1177 3069 1252 3134 quae
1272 3059 1330 3123 Gap.
1350 3058 1379 3106 v.

101 3171 162 3213 can
184 3148 359 3214 ludaeorum
377 3151 413 3214 ad
430 3153 515 3214 ritum
533 3153 624 3216 vitam
644 3153 763 3236 exigat,
787 3163 818 3216 et
832 3151 983 3215 sabbatum
1001 3173 1037 3216 ac
1055 3149 1253 3214 mrcnncisio·

100 3273 165 3316 aaut
185 3263 319 3338 usurpet,
343 3251 456 3336 aliaque
474 3273 549 3336 quae
566 3253 631 3338 lege
646 3253 886 3338 praescribantur
903 3255 1017 3331 omnia,
1041 3263 1138 3316 ccrtm
1155 3261 1252 3314 tamen

100 3353 189 3418 libros
210 3353 435 3418 Nazaraeornnt
459 3356 595 3441 exemplo
615 3356 762 3440 repudiat,
795 3368 883 3441 atque
907 3378 924 3419 a
944 3377 999 3420 sex
1023 3352 1145 3436 reliquis
1162 3349 1263 3432 sectis

100 3457 180 3520 relat
194 3456 352 3520 schismate
369 3455 544 3540 seiungitnr.
575 3453 635 3521 Sed
653 3457 689 3520 ad
703 3457 781 3520 illam
798 3459 926 3522 lunditus
940 3455 1147 3542 profligandam
1164 3472 1251 3515 unum

99 3557 167 3620 illud
186 3557 328 3634 sufficiet,
353 3558 428 3642 qnod
448 3560 537 3622 adeo
560 3559 677 3643 penitus
699 3559 869 3623 abhorreat.
914 3557 1032 3621 Etenim
1055 3575 1119 3618 eum
1144 3554 1253 3618 diserte

99 3661 233 3723 dontinus
257 3670 374 3723 asserat
396 3662 596 3724 sacerdotes'
589 3682 617 3723 an
646 3661 753 3745 templo
778 3660 890 3725 violare
913 3659 1083 3735 sabbatum,
1115 3657 1252 3740 quidest
1288 3633 1366 3740 ¹52⁵
1288 3632 1373 3678 Μ·

99 3763 177 3826 aliud
194 3785 252 3847 quo
269 3761 384 3825 violare
401 3761 475 3825 diem
492 3763 572 3826 illam
590 3763 740 3841 dicuntur,
766 3763 822 3826 nist
814 3762 913 3846 quod
933 3759 1054 3822 sabbato
1071 3775 1158 3822 anemo
1180 3780 1253 3843 opus

100 3863 189 3926 ullum
208 3866 340 3940 laceret,
371 3874 401 3926 at
420 3863 626 3927 sacerdotes'
617 3885 647 3926 rn
667 3863 773 3948 templo
798 3861 949 3926 sacrificiis
972 3859 1084 3946 operati
1101 3860 1252 3924 sabbatum

97 3967 263 4044 solverent,
288 3977 317 4028 et
337 3965 495 4028 hostiarum
513 3965 688 4028 mactatione
706 3964 822 4027 assidua
839 3963 1003 4026 violarent?
1033 3959 1092 4026 Sed
1107 3983 1163 4045 ego
1184 3961 1252 4024 bac-

100 4069 182 4130 resia
208 4069 286 4130 illam
309 4066 552 4152 praetermittam.
597 4065 674 4128 Nam
699 4077 729 4128 et
749 4064 837 4128 Elxai
862 4085 965 4128 rursus
990 4064 1047 4128 iste
1071 4086 1134 4127 cum
1160 4059 1251 4124 Ebio-

99 4169 193 4246 naeis,
217 4171 264 4253 qni
285 4165 396 4232 Christi
414 4179 544 4252 tempora
560 4167 653 4230 sconti
670 4177 749 4244 sont,
774 4166 946 4230 coniunctus
962 4179 1020 4245 est,
1040 4187 1094 4228 uec
1111 4185 1170 4226 non
1187 4183 1251 4226 euna

99 4270 313 4354 posterioribus
329 4267 514 4348 Nazarenam,
538 4289 663 4352 eumque
678 4278 777 4330 sectae
796 4279 921 4351 quatuor
942 4281 1091 4332 auctorem
1110 4263 1164 4327 sibi
1188 4263 1252 4326 vin·

99 4427 208 4474 acerbis
230 4421 267 4483 εἰς
290 4440 340 4474 κα
325 4421 412 4488 τ’κον
448 4423 484 4483 cl.
498 4423 563 4471 bucr.
576 4415 618 4478 64,
635 4417 658 4470 3.
729 4422 768 4472 ll
787 4395 881 4490 νωχὲλε
898 4425 948 4473 cod
966 4423 1041 4471 Venct.

99 4489 149 4551 „¹0
166 4489 196 4542 δὲ
212 4453 361 4570 βουλόμενος
378 4488 415 4547 εἰς
435 4487 530 4541 ἐκείνου
545 4488 660 4571 nubtiaene
730 4488 769 4538 1¹2
786 4492 866 4555 δασιμ
881 4491 932 4540 cod
949 4491 1024 4538 Venct.

98 4561 143 4611 zai
164 4563 304 4642 npcrpomr‘c
324 4555 411 4620 πάσης
427 4559 544 4623 γραφῆς
572 4551 608 4616 cic
627 4553 661 4607 cl·
730 4555 871 4608 CanV—
891 4560 912 4607 l.
931 4559 1031 4617 neposne
1046 4548 1253 4618 daopopsu'ecpro

96 4634 168 4688 rata,
186 4625 307 4692 ἑρμηνεὺς
324 4624 470 4690 γενέσῦαιΝ
696 4619 873 4692 ἀπαγορεύων
891 4623 954 4686 quod
970 4625 1023 4672 libri
1039 4624 1143 4672 ntbrcrd
