3110 4984
391 333 525 388 romanu
543 335 882 391 consoranensem.
899 336 919 387 ι.
937 336 1017 389 rom.
1034 337 1066 388 ιι.
1238 327 1298 392 ιιι

234 450 329 539 igitur
349 452 452 518 eadem
470 463 535 534 eat,
565 452 680 534 aiebat,
702 453 751 520 itta
769 466 919 539 quactum
940 453 1122 522 Graecorum
1139 477 1174 522 ιι
1191 455 1299 524 Τιιίι-
1317 477 1378 548 cip.
1388 480 1433 532 ιιι,

141 576 254 622 norom
272 555 450 640 temporibus
472 555 537 633 duit,
560 555 619 620 imo
635 566 667 620 et
681 567 749 622 ante
770 567 801 621 et
817 568 884 642 post
896 557 1042 620 conditum
1065 559 1202 624 mundum
1220 560 1300 628 inter

140 659 283 742 Angelos
309 656 415 722 similia
434 657 575 740 quaedam
593 667 825 742 perpetraverat.
871 656 916 722 Ea
936 659 1084 724 veroium
1102 681 1217 728 meeum
1240 674 1297 743 est,

139 761 271 844 einoqoe
292 779 395 824 mussa
413 758 569 838 descendi,
599 781 664 824 cum
687 781 753 824 eum
774 759 915 824 hactenns
937 761 1094 825 adventum
1110 774 1296 847 exportaret.

139 861 208 926 Eat
230 862 306 926 enim
329 860 378 926 ida
392 859 486 925 Notio
506 879 592 945 quam
609 859 755 928 Homerus
772 859 916 926 Helenam
935 861 1064 926 vocavit.
1109 865 1209 948 Atque
1229 866 1297 932 ideo

140 983 206 1050 pro
224 963 295 1026 turri
315 972 440 1028 stantem
463 963 541 1026 illam
564 963 745 1047 sublatisque
762 961 873 1026 ionibus
893 959 1077 1028 Graecorum
1097 975 1202 1030 contre
1217 964 1297 1032 Tro·

138 1067 233 1131 ianoe
251 1064 372 1129 incidias
386 1065 584 1128 moderantem
600 1063 767 1130 decumbere
782 1061 901 1128 coactus
919 1075 975 1130 est.
1021 1061 1077 1129 Hic
1093 1065 1170 1130 enim
1190 1067 1295 1134 dacium

138 1167 247 1251 catgur
270 1166 400 1231 coeleste
424 1166 521 1230 lumen
545 1166 582 1228 ab
609 1187 645 1230 ea
669 1167 841 1252 patefactum
866 1166 1021 1249 significat.
1064 1163 1144 1232 Nam
1167 1168 1296 1252 ligneum

137 1269 229 1334 ilium
251 1268 326 1354 apud
348 1265 510 1334 Homerum
532 1287 639 1352 equum
662 1289 747 1352 quem
770 1269 807 1332 de
828 1267 972 1332 industria
994 1267 1164 1332 fabricatum
1187 1267 1296 1336 Graeci

138 1381 267 1457 putant,
299 1371 441 1486 impostor
466 1369 521 1432 iste
547 1367 676 1453 gentium
699 1370 736 1434 ad
763 1369 977 1453 ignorationem
1006 1370 1153 1454 pertinere
1173 1382 1296 1469 coeterae

136 1475 202 1538 dit.
243 1470 284 1538 Ut
309 1473 385 1536 enim
400 1469 541 1550 Troiani,
573 1491 639 1534 cnm
657 1471 737 1536 illum
755 1472 791 1536 ed
809 1491 865 1536 sua
884 1473 1001 1537 moenia
1024 1491 1076 1556 per
1100 1472 1295 1555 ignorantiam

136 1575 356 1653 attraxissent,
380 1573 539 1659 perniciem
554 1571 610 1636 sibi
630 1573 848 1676 consciverunt,
873 1574 912 1638 ita
931 1585 1049 1656 gentes,
1073 1573 1128 1638 boc
1142 1586 1189 1639 est
1203 1575 1295 1640 hnmi-

137 1696 202 1742 nes
216 1674 361 1753 universi,
384 1674 564 1760 quiquidem
580 1674 748 1760 cognitione
763 1649 829 1740 ιιιιΙ
846 1686 959 1752 ιιιιιι,
978 1697 1019 1740 ex
1036 1675 1221 1760 ignoratione
1238 1677 1317 1762 aidi,

135 1777 269 1842 exitium
282 1787 448 1842 ιιιιιιιιι.
492 1773 652 1844 Praeterea
665 1773 833 1840 Minervam
852 1777 974 1842 eandem
992 1795 1059 1842 essa
1076 1776 1192 1842 dicebat
1207 1800 1294 1862 quam

136 1878 319 1959 Notionem,
343 1890 375 1944 at
390 1878 529 1958 diximus,
551 1878 726 1964 appellabat.
770 1876 866 1962 Quam
882 1877 995 1942 adrem
1012 1880 1136 1964 apostoli
1151 1877 1235 1946 Pauli
1249 1881 1294 1946 ti·

136 1992 224 2046 ettam
240 1980 309 2044 illud
324 1980 557 2058 accommodare,
575 1981 655 2044 etad
672 1980 824 2046 mendacia
841 2001 895 2044 aua
910 1979 1065 2046 vamtatem
1083 1982 1200 2046 trahere
1215 1983 1294 2048 soie-

134 2085 206 2161 bat,
230 2103 295 2146 cum
312 2082 352 2146 ita
366 2079 478 2146 Paulus
492 2081 637 2164 loquiture
667 2087 779 2144 Inducta
793 2086 909 2144 [mabam
917 2085 996 2162 fidei
1009 2094 1039 2144 et
1048 2087 1160 2162 gedeum
1177 2088 1290 2160 salutm,
1306 2105 1363 2163 apa
1376 2109 1398 2166 a,
1411 2108 1443 2154 uu

133 2199 170 2250 et
184 2205 285 2248 omens
299 2205 334 2246 oc
347 2188 476 2264 gladium
493 2195 524 2246 et
537 2197 657 2247 acutum.
704 2181 789 2267 Quae
808 2183 907 2248 omnia
930 2185 959 2247 in
981 2204 1046 2251 eum
1064 2185 1149 2248 duem
1167 2186 1203 2250 ab
1222 2207 1292 2272 apo·

135 2287 220 2353 ιιοιι
236 2283 314 2350 dieta
334 2296 366 2349 ut
380 2285 503 2351 notitiam
522 2297 649 2350 mentem
670 2296 701 2349 ct
723 2285 879 2350 castissimi
903 2285 981 2350 vitae
1006 2286 1131 2350 instituti
1154 2287 1239 2353 fidem
1261 2298 1292 2352 et

134 2389 234 2454 divini
249 2409 283 2452 ιι
297 2387 435 2452 coelestis
450 2389 510 2452 uim
528 2389 673 2451 sermonis
691 2386 882 2473 exprimeret,
907 2387 1062 2450 circulator
1074 2386 1143 2466 iste,
1166 2388 1210 2454 sie
1228 2399 1292 2460 tau-

134 2513 228 2578 quam
248 2487 431 2554 Philistionis
446 2490 549 2554 mimos
565 2500 683 2574 ageret,
707 2488 778 2554 uiuit
796 2489 872 2552 aliud
890 2509 975 2572 qnam
991 2489 1031 2578 ad¹
1044 2489 1196 2554 ludibrium
1220 2512 1291 2556 con·

133 2593 243 2659 nmio.
288 2589 366 2674 Quid
382 2589 460 2654 enim
476 2590 644 2674 inquiebat?
671 2587 779 2654 Omnia
795 2591 866 2654 baeu
882 2587 1038 2656 Mineruae
1054 2590 1151 2675 specie
1167 2592 1290 2677 mystica

131 2693 320 2760 declarabat.
365 2689 467 2774 Quare
490 2711 575 2777 quam
597 2691 750 2756 abductam
772 2689 856 2776 Tyro
882 2711 982 2756 secum
1006 2691 1129 2756 babebat
1153 2693 1290 2763 tamnen

132 2796 253 2862 veteris
274 2794 352 2860 illins
367 2793 501 2860 Helenae
522 2794 724 2878 cognominem
744 2813 828 2873 enm,
859 2804 891 2857 ut
911 2794 1020 2858 dictum
1038 2804 1101 2872 est,
1133 2795 1291 2879 significari

130 2897 271 2975 uniebat,
295 2897 378 2961 etad
395 2917 458 2960 enm
477 2897 594 2960 nomina
610 2896 706 2960 omnia
723 2895 929 2975 transferebat,
949 2893 1101 2974 Notionis,
1118 2893 1288 2978 Minervae,

132 2999 277 3066 fledenae
299 2999 413 3083 aliaque
439 2997 658 3084 quamplurima.
704 2995 744 3062 Et
761 2997 865 3076 huius,
887 2997 998 3081 inquit,
1021 2997 1116 3082 gratia
1137 2999 1287 3064 descendi.

129 3100 255 3184 Estque
272 3101 346 3166 adeo
368 3100 415 3164 iila
437 3100 473 3164 de
494 3120 550 3213 ιιι
573 3100 603 3164 in
621 3099 773 3184 evangalio
794 3095 933 3185 scriptum
958 3109 1006 3162 est
1023 3100 1089 3164 oria
1107 3099 1285 3164 errabunda.
1310 3109 1395 3217 Mphpp

129 3201 247 3268 Nea·
227 3221 265 3266 us
281 3212 437 3266 nomentan
454 3200 610 3285 imaginem
630 3201 791 3286 quandam,
814 3221 900 3286 quam
916 3221 963 3267 sur
954 3200 1100 3286 effigiem
1122 3221 1190 3264 esse
1208 3202 1287 3264 dice·

128 3307 209 3382 ιιι,
228 3302 379 3388 discipulis
400 3302 533 3382 tradidit,
564 3303 613 3388 qui
633 3323 700 3366 enm
716 3302 770 3367 sub
791 3304 891 3389 specio
910 3299 990 3368 louis
1010 3303 1144 3372 adorant.
1187 3301 1287 3368 Aliam

128 3405 274 3473 Helenae
290 3403 414 3490 figuram
433 3404 639 3468 cuiusmodi
613 3426 692 3491 pingi
683 3401 847 3471 Minerua
863 3405 941 3469 solet
955 3403 1057 3469 iisdem
1071 3401 1219 3487 discipulis
1234 3402 1288 3468 nb-¹

130 3508 245 3590 music,
267 3527 354 3592 quam
375 3527 523 3593 peraeque
544 3507 661 3572 donadei
681 3506 724 3572 illi
744 3518 936 3574 uenerantur.

223 3710 274 3776 Ad
289 3709 361 3776 baec
378 3711 517 3796 mysteria
536 3711 676 3796 quaedum
694 3710 841 3776 foeditatis
859 3707 1051 3795 profluuiiqne
1066 3728 1234 3794 corporum,
1253 3721 1285 3776 ιι
1303 3728 1362 3798 cap.
1377 3731 1422 3786 ιν,

127 3811 291 3880 tenemus
312 3813 423 3893 dicam,
446 3812 590 3892 instituit,
620 3813 744 3898 quaein
768 3811 896 3876 maribus
919 3809 1034 3893 quidem
1054 3809 1175 3876 seminis
1190 3831 1285 3876 exun-

127 3913 256 3992 dantia,
285 3914 315 3980 iu
332 3914 449 3978 feminis
470 3925 618 3978 menstrua
639 3913 811 4000 purgatione
832 3911 1053 3997 perficerentur.
1097 3909 1137 3976 Et
1154 3913 1190 3976 ad
1212 3915 1284 3980 baec

128 4016 272 4082 obeunda
290 4017 431 4104 mysteria
447 4015 652 4101 spurcissimos
666 4025 829 4080 conventus
843 4013 969 4076 induxit.
1015 4011 1097 4078 Haec
1112 4014 1189 4078 enim
1205 4016 1283 4079 vitae

128 4137 207 4186 ιιιο
219 4119 360 4203 mysteria
376 4119 663 4204 perfectissimaeque
682 4115 858 4202 cognitionis
876 4114 983 4194 aiebat,
1008 4136 1081 4201 quae
1094 4115 1142 4200 qni
1158 4117 1282 4202 pruden-

129 4222 208 4289 tiam
226 4220 364 4284 divinitns
386 4219 533 4305 acceperit
545 4219 767 4283 abominandum
786 4218 919 4302 quiddam
940 4239 975 4282 ao
993 4218 1181 4296 detestabile,
1204 4238 1283 4282 rnor-

127 4333 253 4406 umque
269 4322 343 4386 aden
359 4321 456 4406 potins
473 4341 558 4405 quam
574 4321 665 4384 ritum
683 4341 749 4386 esse
765 4319 914 4384 iudicabit.
961 4315 1040 4384 idem
1059 4331 1212 4405 praeterea
1228 4342 1281 4384 no·

130 4437 476 4518 ωἱιιιιιειιιιιιιοιιιιὶ
510 4435 813 4488 iil
846 4435 1281 4516 rratgqmd

128 4507 395 4570 rmeiamrdentrmr
397 4505 463 4558 nint
479 4503 873 4568 temamdsstbomm
875 4515 956 4557 trro
912 4503 1281 4604 nonmpemtixtopromy-

129 4573 180 4628 aad
199 4574 309 4627 manibus
323 4586 428 4644 exceptu
429 4589 454 4626 m
469 4571 616 4626 minden
560 4573 653 4640 eglnint
628 4583 690 4636 ιιι,ι
724 4573 804 4625 storiis
822 4576 950 4626 nr.¹‘tnntu
