3110 4984
378 257 513 312 ranmu
531 257 608 310 aur.
625 229 795 310 aurursus
814 258 876 312 urs.
891 259 909 310 t.
927 259 1007 312 rou.
1022 261 1040 309 1.
1243 249 1284 310 rs

131 388 211 442 tates
232 389 393 454 exerceat,
424 388 513 462 stom
539 377 641 442 eodem
667 397 724 462 quo
749 374 847 442 ludaei
875 388 1005 462 tempore
1027 379 1102 442 festa
1128 397 1182 442 sua
1207 378 1286 442 eele-

130 479 238 560 lrrant,
262 480 446 565 Azymorurn
470 479 600 557 scilicet,
633 477 803 558 Posi-listis,
834 475 1043 558 pentecostes,
1068 476 1284 563 scenopegiae,

130 591 161 644 et
184 581 318 644 solennis
342 581 421 644 illius
446 579 551 646 ieiunii
578 583 654 666 quod
680 582 709 644 iu
738 601 824 646 unam
850 580 925 644 diem
952 582 1122 646 observant.
1174 577 1287 645 Contra

129 704 219 766 quam
243 683 294 746 alii
316 683 488 762 instituunt,
520 683 568 768 qni
592 684 622 746 iu
644 683 747 747 iisdem
771 683 934 748 indicendis
957 683 992 746 ed
1012 681 1145 748 Essenos
1164 703 1215 762 se,
1245 681 1287 746 oti

128 783 240 847 dictum
264 795 327 866 est,
350 785 582 848 accommodant.

421 1021 646 1100 CONTRA
671 1020 1006 1099 u0s1rfluos.

284 1143 447 1218 Haeresis
472 1141 533 1218 lv.
560 1141 866 1234 Samaritouorum,
892 1142 1008 1217 ordine
1033 1141 1133 1216 XIII.

217 1292 267 1356 ab
285 1291 329 1356 lois
347 1289 483 1358 Dositlei
500 1293 697 1378 multiplieiter
717 1294 893 1379 discrepant.
938 1291 1017 1356 Nam
1038 1304 1069 1357 et
1089 1293 1283 1356 resurrectio-
1302 1291 1361 1362 ⁰¹1³·
1379 1296 1398 1348 1»

127 1415 197 1458 nem
231 1393 410 1476 admittunt,
444 1406 474 1459 et
500 1395 653 1460 severiora
685 1396 760 1482 apud
794 1396 859 1460 illus
890 1405 960 1458 sunt
993 1393 1126 1458 instituta
1155 1393 1284 1460 vivendi.

127 1495 210 1560 ltem
234 1495 272 1560 ab
299 1497 433 1561 animatis
458 1497 617 1562 abstinent.
668 1495 811 1562 Nonnulli
835 1497 922 1561 etiarn
950 1508 1016 1583 post
1041 1497 1157 1582 nuptias
1185 1498 1286 1560 uxori-

126 1599 185 1664 bus
211 1599 337 1662 mortuis
355 1599 564 1663 continentiam
589 1608 722 1664 serrant.
767 1598 828 1664 Alii
848 1600 1044 1682 virginitatem
1068 1599 1207 1663 retinent.
1252 1595 1287 1662 lu

128 1721 164 1764 eo
187 1721 266 1763 vero
289 1721 354 1764 curn
376 1701 441 1764 aliis
463 1701 652 1766 consentiunt
669 1701 745 1786 quod
766 1715 796 1764 et
816 1701 1068 1768 circumcisionem
1089 1713 1120 1766 et
1136 1699 1286 1769 sabbatum

127 1801 253 1878 colunt,
286 1811 317 1863 et
337 1802 493 1866 cuiuslibet
516 1802 641 1867 hominis
667 1813 832 1868 contactum
856 1803 1004 1884 devitant,
1033 1803 1108 1888 quod
1131 1801 1287 1868 universos

125 1903 351 1967 abominentur.
398 1901 508 1968 Eadem
533 1927 621 1990 porro
644 1926 708 1968 cunr
729 1906 793 1968 aliis
817 1905 926 1968 ieiunia
948 1914 1036 1988 atque
1058 1904 1288 1968 exercitationes

126 2003 284 2069 adhibent.
330 2001 413 2070 llaec
437 2007 534 2070 omnia
553 2027 570 2068 a
590 2004 733 2071 Dositheo
756 2005 810 2070 hac
834 2027 875 2072 ex
895 2006 1051 2072 occasione
1070 2007 1183 2070 sancita
1205 2016 1284 2070 suot.

127 2104 210 2170 Cum
235 2107 314 2169 enim
334 2102 459 2172 ludaeos
484 2120 581 2186 esset,
611 2129 679 2188 sese
703 2110 737 2171 ad
757 2105 960 2172 Samaritanos
980 2108 1125 2172 adiunxit.
1172 2103 1287 2192 Quippe

127 2218 159 2270 et
177 2207 212 2270 in
230 2207 304 2291 legis
322 2207 463 2272 institutis
484 2211 614 2295 apprime
629 2221 766 2275 versatos
785 2220 813 2274 et
832 2210 1017 2274 traditionum
1034 2230 1105 2294 quos
1123 2207 1164 2272 illi
1185 2207 1288 2272 obser·

128 2320 207 2373 naut
223 2310 437 2374 scientissimos
454 2311 613 2396 principem
632 2311 710 2376 iuter
729 2332 799 2376 suos
819 2311 914 2374 locoru
932 2310 1062 2398 appetiit.
1106 2311 1135 2373 Α
1157 2331 1214 2394 quo
1237 2309 1288 2374 de-

126 2409 249 2496 pulsus,
274 2432 327 2475 neo
343 2433 478 2496 maguam
495 2411 573 2478 iuter
589 2409 711 2477 ludaeos
729 2414 931 2476 auiooriniem
948 2414 1080 2497 adeptos,
1103 2412 1139 2475 ad
1158 2407 1288 2476 Samari·

128 2527 223 2578 tanos
239 2513 362 2592 deiecit,
386 2525 418 2578 et
434 2513 510 2578 illam
529 2525 640 2578 sectam
657 2515 795 2578 condidit.
841 2511 955 2578 Deinde
972 2515 1003 2578 iu
1020 2515 1186 2599 speluncam
1205 2534 1289 2578 sece-

126 2615 210 2678 dens
231 2635 300 2699 prae
318 2615 456 2680 affectata
474 2619 597 2702 quadem
614 2617 756 2702 sapientia
774 2617 921 2702 perpetuis
937 2637 971 2680 se
989 2617 1030 2679 uti
1052 2617 1150 2681 lerunt
1170 2615 1289 2680 ieiuniis

124 2715 265 2780 inaniter
282 2737 316 2779 ac
332 2717 468 2782 simulata
485 2719 592 2804 pietate
608 2719 747 2800 coniecit,
771 2718 865 2783 donec
878 2717 936 2784 cibi
951 2739 985 2782 ae
1001 2729 1086 2802 potus
1101 2717 1210 2796 inedia,
1235 2738 1288 2804 po-

125 2815 265 2883 lenteria
286 2817 400 2882 scilicet
416 2830 528 2900 morte,
552 2832 741 2906 consumptus
764 2831 821 2884 est.
866 2819 989 2905 Aliquot
1007 2819 1074 2884 inde
1098 2830 1165 2906 post
1186 2817 1288 2884 diebus

126 2919 186 3006 qui
213 2919 247 2982 ad
266 2939 329 2983 eum
346 2932 492 2984 venerant
510 2923 703 3006 putrefactum
725 2943 761 2986 ec
783 2921 952 2987 verminans
973 2913 1098 2986 cadaver
1120 2921 1286 3000 inveniunt,

125 3041 167 3084 ac
196 3039 360 3084 muscarum
383 3023 520 3088 examine
541 3034 671 3089 scatens.

223 3117 306 3186 llaec
321 3133 389 3185 sunt
405 3145 479 3210 quae
495 3126 531 3189 ad
551 3148 605 3190 uos
620 3145 783 3211 pervenere
799 3135 922 3210 quatum
938 3136 1085 3190 sectarum
1103 3123 1287 3206 discrimina3

126 3241 214 3309 quae
230 3221 315 3287 laeile
331 3243 370 3287 er
385 3223 422 3288 iis
440 3246 513 3310 quae
531 3239 634 3291 contra
654 3226 719 3291 illos
738 3225 880 3314 disputate
897 3237 965 3292 suot
982 3237 1164 3291 evertentur.
1197 3223 1288 3290 Nunc

125 3326 278 3388 haeresen
295 3323 436 3408 reliquas,
459 3348 533 3410 quae
550 3339 711 3414 temporum
726 3328 915 3394 successione
930 3349 1081 3414 perperam
1093 3325 1288 3412 irrepserunt,

126 3437 163 3490 et
180 3421 351 3488 aberrantia
368 3428 463 3491 omnia
488 3449 595 3514 peoora
614 3440 785 3515 pectenem,
809 3432 967 3516 eademque
993 3429 1164 3494 convincam
1183 3427 1288 3513 partim

126 3592 234 3668 βιόσαι
250 3591 325 3644 vitam
340 3593 475 3647 recolerem
490 3615 571 3665 agere.
605 3604 634 3652 lt
650 3601 697 3650 cn·
762 3598 787 3652 6.
805 3594 842 3660 uir
856 3593 940 3658 cliro<
954 3615 982 3650 rs
998 3599 1049 3649 end
1067 3597 1141 3648 Vocet.

125 3664 245 3716 norbano
265 3669 286 3712 rt
302 3663 421 3716 &tanao
439 3670 585 3728 patrocinari
605 3669 699 3718 uidetur
764 3667 788 3720 7.
805 3667 930 3752 &noceto
947 3667 997 3717 cod.
1015 3667 1068 3716 Ven.

125 3729 312 3796 quodoornrodo
332 3733 424 3782 ll'r'oetor
447 3735 578 3797 Cdonioto,
607 3737 647 3798 oui
672 3737 698 3786 in
763 3733 789 3786 8.
807 3753 839 3788 ou
891 3735 941 3784 ooo.
957 3736 1011 3783 Vrii.

127 3802 207 3851 m.
223 3797 317 3848 Ortdod
333 3801 439 3864 Fideil,
455 3799 496 3852 36.
513 3803 549 3852 ltin
565 3770 698 3853 indum
764 3795 1287 3870 9.δρμημινος(ι.ι..1ρμημινος)σοι

126 3867 233 3928 ”²9⁸¹
246 3865 418 3948 corpoream,
444 3867 579 3934 ,docturos
594 3863 654 3924 δὲ’
637 3867 697 3924 αιᾶ-
732 3873 787 3922 Von.

129 3947 230 3988 στασιι
254 3929 298 3996 pto
317 3925 483 4001 ὁμολογοῦσι,
508 3935 551 3990 καὶ
572 3935 629 4002 περὶ
652 3933 698 3996 τὰς
767 3937 804 3990 10.
822 3933 897 4003 ἔθνη,
922 3933 948 3989 dr
963 3933 1094 3992 παιδεύσει
1109 3931 1139 3992 di
1154 3935 1219 3992 sord
1236 3939 1287 3988 cod.

128 3995 229 4066 demtis
257 4002 431 4087 ooppposodot
457 4009 509 4063 τοῖς
535 4003 697 4087 Γοραδηιοις,
733 4007 787 4058 Van.

131 4069 160 4124 ιδ
220 4063 251 4120 di
274 4083 330 4150 παρ
356 4075 443 4130 αυτοῖς
465 4071 549 4124 noliol
555 4041 697 4158 ἐμψύχως
766 4075 805 4125 11.
823 4066 1023 4157 θηριιόμιιοςδὶ
1037 4068 1071 4125 τὰ
1087 4074 1137 4124 cod.
1153 4074 1208 4124 Ven-

191 4149 289 4216 portat,
313 4129 376 4189 oillei
399 4135 479 4220 poium
502 4135 567 4206 μετὰ
591 4137 619 4193 ri
645 4157 698 4194 τι·
768 4141 806 4192 l‘l.
822 4135 921 4262 mpiger
936 4137 1004 4201 τινὰς
1020 4143 1071 4192 cod.
1088 4142 1162 4190 Venet.

130 4151 491 4286 κνωσαιέγαρατιυοιται,
516 4205 619 4260 tinniet
635 4225 697 4273 nop-
768 4208 805 4259 13.
824 4225 871 4260 αυτ
887 4227 900 4261 ι
917 4211 967 4260 cod.
984 4211 1038 4259 Vin.

130 4263 310 4324 caeduoo‘
345 4273 393 4322 Sed
413 4287 492 4324 onem
511 4280 537 4324 ct
556 4273 623 4328 oleis
645 4289 698 4326 oer-
768 4273 806 4326 ll.
823 4272 986 4341 nopsidiioetr
1002 4278 1053 4358 eod.
1070 4277 1145 4325 Vcnet

130 4343 195 4389 our
208 4351 236 4388 eo
249 4353 294 4400 pso
309 4340 494 4392 cmotmooo
511 4341 643 4394 Sotrnosics
655 4359 699 4406 po·
768 4343 806 4395 15.
824 4345 929 4396 fontum
943 4361 1011 4410 αασμ
1011 4341 1108 4408 ηᾛματα
1137 4342 1226 4392 Eodem
1244 4355 1285 4392 oo·

131 4407 463 4536 mfflwuplopud
476 4411 610 4473 miptmrni
625 4413 699 4462 Grot-
732 4413 816 4464 colluto
829 4414 936 4477 Ιιοαιιια
951 4413 1047 4473 consano
1060 4410 1201 4470 pponam
1209 4409 1252 4471 ⁶⁶
1260 4409 1286 4460 5·

132 4487 222 4524 cnr
310 4489 340 4526 ur
390 4489 430 4526 um
657 4513 660 4524 .
