3096 4988
369 387 506 440 esusnu
523 387 586 438 nun.
601 387 620 439 t.
637 387 718 439 noar.
731 387 762 438 n.
788 385 887 438 naen.
905 385 1008 438 xxxi.
1201 374 1261 438 315

111 511 234 578 alierum
252 511 428 587 haerescon,
452 527 526 593 qnae
542 507 598 572 sibi
613 505 753 588 tragicam
773 506 936 570 istiusmodi
953 528 1084 593 pompam
1101 507 1261 584 asciscunt,

111 613 314 701 propagandas
333 611 464 696 origines
480 631 557 674 nora
573 610 713 696 quaedam
732 609 869 674 addidere
887 610 1013 673 somnia.
1057 607 1174 674 Etenim
1198 619 1265 694 post

112 717 268 803 superiora
290 715 338 778 illa
360 712 477 777 nomina
493 710 659 790 Hesiodus,
684 707 821 798 Orpheus
839 724 869 775 et
884 709 1071 776 Stesichorus
1089 723 1173 776 natos
1196 733 1264 776 esse

113 819 215 884 dicnnt
230 814 353 883 Caelum
377 826 407 878 et
422 814 598 893 Tartarum,
623 811 782 880 Saturnum
802 835 836 878 ac
853 813 984 892 illusam,
1010 811 1127 894 lovem,
1152 814 1264 900 spotti-

113 944 199 1001 nem,
223 917 393 1005 Neptunum
415 928 502 1000 atque
515 915 689 996 Plutonem,
714 916 861 1001 aliosque,
886 938 959 1002 quos
976 915 1143 1000 singillatim
1161 937 1264 980 recen-

111 1035 197 1102 sent,
222 1023 402 1086 innumeros.
446 1015 604 1084 Fecundus
630 1018 707 1084 enim
731 1019 845 1082 illorum
872 1038 957 1082 error
980 1029 1026 1082 cst
1046 1039 1081 1082 ac
1098 1018 1262 1104 multiplex,

112 1128 163 1212 qni
181 1125 308 1190 absurda
327 1121 427 1188 nescio
445 1141 520 1206 qnae
537 1121 746 1186 vocabulorum
765 1131 895 1185 monstra
915 1121 1080 1206 parturiens
1102 1131 1190 1205 atque
1211 1141 1265 1183 ex-

112 1229 248 1313 cogitans
265 1227 404 1290 indnitam
427 1225 585 1288 fabularum
602 1235 733 1308 segetem
753 1223 892 1309 proludit.
937 1219 1023 1306 Quae
1038 1243 1096 1286 nna
1111 1243 1161 1286 res
1177 1223 1265 1286 mise·

114 1351 217 1396 rorum
241 1329 354 1395 illorum
379 1328 492 1392 animos
518 1327 590 1392 salsa
613 1327 710 1412 specie
728 1326 847 1390 deludit.
893 1323 953 1392 Sed
971 1325 1008 1390 iis
1026 1346 1147 1410 quorum
1167 1325 1266 1388 divina

113 1434 182 1498 luce
200 1432 369 1497 collustrata
392 1441 560 1507 nearest,
583 1429 680 1514 inepta
703 1429 776 1492 haec
799 1429 896 1492 statim
922 1441 957 1492 ae
976 1427 1097 1492 ridicula
1116 1426 1263 1492 videntur.

114 1533 232 1620 Quibus
255 1535 341 1598 modo
357 1532 591 1620 praetermissis,
623 1551 696 1616 quae
716 1531 834 1621 illorum
853 1531 935 1595 libris
953 1531 1157 1610 continentur,
1181 1537 1268 1614 prout

113 1641 151 1701 ad
174 1627 295 1701 uerbum
320 1637 428 1721 scripta
446 1636 602 1720 leguntur,
626 1634 762 1704 hocloco
782 1655 952 1719 proponam.
999 1629 1077 1699 Sunt
1095 1631 1167 1696 daec
1189 1631 1267 1696 eius·

115 1738 207 1804 modi.

203 2043 287 2110 ilaec
303 2045 378 2132 apud
393 2045 557 2130 sapientes:
583 2047 634 2111 sed
652 2045 726 2131 apud
745 2046 904 2125 animales,
927 2047 1000 2134 apud
1018 2047 1170 2128 carnales,
1193 2047 1267 2133 apud
1287 2051 1347 2119 cap.
1364 2051 1395 2102 V·

115 2149 298 2226 mundanos,
330 2150 404 2234 apud
427 2159 635 2233 exaggeratam
658 2149 746 2214 animi
768 2151 845 2229 vim,
877 2147 942 2214 Nus
963 2171 1108 2235 nunquam
1129 2134 1420 2232 desinensffffllllssl‘,

115 2252 267 2339 perpetuis
286 2271 320 2314 ao
338 2272 483 2335 uunquam
500 2250 716 2332 desinentibus,
739 2253 874 2316 salutem.
919 2251 1061 2337 Equidem
1077 2273 1179 2316 eorum
1196 2273 1269 2336 quae

116 2375 215 2439 neque
233 2353 377 2416 nominari
394 2375 448 2416 neo
465 2353 605 2439 explicari
625 2355 756 2420 oratioue
774 2364 912 2438 possunt,
944 2375 1075 2439 quaeque
1092 2353 1270 2418 coelestibus

117 2457 191 2542 ipsis
214 2455 367 2541 superiora
388 2467 474 2534 suot,
507 2457 682 2522 mentionem
705 2459 780 2542 apud
803 2478 856 2522 vos
878 2456 1045 2536 instituam3
1079 2477 1153 2541 quae
1174 2477 1270 2541 neque

116 2557 324 2643 principatus,
348 2577 444 2642 neque
459 2556 644 2637 Potestates,
677 2579 732 2622 nec
748 2579 822 2643 quae
839 2560 896 2624 iltis
911 2559 1042 2624 subiecta
1058 2570 1143 2638 sunt,
1175 2579 1270 2644 neque

118 2663 197 2726 alind
220 2661 373 2745 quicquam
394 2660 587 2746 intelligentia
609 2672 705 2747 potest
722 2663 879 2747 consequi,
911 2661 1023 2748 solique
1041 2663 1123 2741 eius,
1156 2662 1205 2748 qui
1225 2669 1272 2726 est

118 2761 332 2840 immutabilis,
366 2773 434 2826 sunt
457 2761 617 2846 cogaritioni
640 2766 795 2849 patefacta.
839 2762 987 2851 Principio
1008 2766 1149 2850 siquidem
1173 2785 1271 2830 rerum

119 2866 249 2930 omnium
266 2866 293 2927 is
311 2865 359 2950 qui
376 2886 428 2950 per
443 2885 476 2928 se
493 2866 586 2950 ipsum
603 2863 694 2930 Pater
709 2877 755 2931 est
772 2867 909 2932 anniversa
926 2868 956 2932 in
973 2870 1131 2955 semetipso
1146 2868 1271 2932 obseura

119 2970 280 3054 ignotaque
301 2967 484 3050 continebat3
518 2989 601 3052 quent
625 2969 754 3033 nonnulli
780 2970 913 3034 Aeonem
935 2973 1094 3036 senectutis
1119 2981 1271 3057 expertem

118 3091 297 3157 semperque
312 3070 476 3149 dorentern,
501 3081 530 3133 et
545 3091 653 3135 marem
670 3072 862 3156 feminamque
877 3083 994 3153 vocant,
1020 3075 1066 3157 qui
1082 3075 1178 3137 omnia
1193 3094 1272 3136 corn·

120 3176 228 3259 piexns
245 3172 322 3236 uuila
338 3171 448 3258 reipsa
464 3172 730 3258 comprehenditur.
775 3172 859 3239 Tunc
874 3197 948 3259 quae
966 3177 994 3238 in
1009 3177 1058 3239 illo
1076 3175 1170 3239 inerat
1184 3172 1271 3237 Mens

120 3278 174 3358 (ita
189 3275 267 3339 enim
280 3275 394 3358 quidam
406 3274 563 3360 appeliant,
582 3274 630 3338 alii
645 3277 761 3362 proprio
777 3277 894 3341 nomine
907 3275 1050 3356 Gratiani,
1066 3277 1141 3360 quod
1155 3273 1272 3359 Magni·

121 3379 231 3444 tudinis
249 3377 403 3440 thesauros
420 3377 451 3440 in
469 3397 520 3441 eos
539 3377 586 3461 qui
604 3399 644 3441 ex
661 3376 865 3464 Magnitudine
884 3391 967 3444 crant
985 3377 1188 3465 insumpserit,
1220 3378 1271 3441 sed

119 3481 227 3546 melius
243 3478 279 3543 ab
290 3479 355 3542 aliis
369 3477 524 3542 Silentium
538 3491 670 3559 vocatur,
688 3481 822 3565 quoniam
836 3483 908 3545 citra
921 3483 1065 3546 sermonis
1080 3503 1161 3546 usum
1176 3480 1273 3546 omunia

120 3582 298 3668 Magnitudo
316 3580 492 3664 cogitatione
511 3582 573 3646 sola
590 3583 744 3668 perfecit),
776 3584 844 3662 sed,
870 3595 901 3648 ut
920 3585 998 3663 dixi,
1023 3605 1086 3646 cnm
1106 3583 1273 3669 incorrupta

120 3687 194 3750 haec
208 3705 250 3748 ex
262 3685 398 3748 Aeonum
414 3705 535 3748 numero
552 3686 658 3750 femina
672 3686 795 3750 vinculis
810 3684 948 3771 expedire
960 3705 1027 3750 sese
1042 3686 1141 3766 vellet,
1156 3683 1273 3772 Magni-

122 3789 253 3854 tudinem
275 3785 402 3850 libidinis
423 3786 569 3852 illecebris
591 3787 627 3852 ad
650 3789 695 3852 sui
717 3787 954 3853 consuetudinem
977 3789 1103 3854 inflexit.
1147 3787 1196 3854 Ea
1215 3811 1271 3875 qua

121 3889 267 3956 Veritatis
284 3886 376 3953 Pater
396 3900 567 3973 procreatus
590 3903 652 3972 est,
685 3913 769 3975 quem
788 3891 836 3975 qui
854 3888 974 3974 perlecti
992 3903 1062 3956 suut
1079 3893 1193 3979 proprie
1210 3892 1272 3958 tto-

122 3995 231 4058 miaem
251 3991 412 4076 appellant,
443 3994 519 4075 quod
539 3993 602 4058 eius
621 3993 669 4078 qui
687 3994 766 4078 prior
783 4003 844 4072 est,
877 4014 932 4058 nec
950 3993 986 4058 ab
1003 3995 1060 4058 ullo
1079 4007 1124 4059 cst
1141 3995 1269 4080 genitus,

122 4093 342 4160 similitudinem
358 4094 478 4159 referat.
521 4093 637 4160 Deinde
654 4093 726 4180 Sige
742 4096 901 4162 naturalem
919 4097 1034 4161 luminis
1050 4099 1189 4164 unitatem
1207 4119 1271 4162 cum

156 4283 182 4338 8.
203 4286 310 4334 Fortem
326 4278 411 4347 taam
427 4284 592 4346 reponendum.
754 4283 791 4336 ts
806 4283 894 4338 stacta
904 4288 1213 4354 dcutqtstcaertotcutpo.
1225 4287 1272 4337 snt

157 4352 183 4405 9.
203 4349 285 4416 dracas
302 4352 438 4418 χαριοαῶς
454 4353 505 4402 coa
522 4355 576 4404 Vsa.
715 4355 775 4404 tttud
789 4352 878 4408 clusin
891 4357 1014 4406 detrudam
1030 4358 1108 4406 censat
1124 4368 1154 4403 ec
1170 4358 1272 4404 audom-

160 4422 201 4471 10.
218 4415 430 4504 imasgupquduas
447 4421 498 4470 cod.
515 4421 590 4470 Vertat.
716 4427 762 4471 tote
776 4425 826 4474 cod.
839 4425 893 4473 Vera.
921 4425 1032 4474 Petamus
1045 4425 1146 4472 mouent
1158 4418 1219 4474 alcis
1233 4437 1271 4473 re-

160 4490 201 4542 tt.
218 4485 384 4552 apocopum
400 4483 432 4540 τὰ
448 4486 492 4540 τοῦ
518 4489 569 4538 eod
586 4491 682 4553 Rtsdtp.
716 4493 815 4540 stoma.
850 4493 927 4554 Μαρια
942 4495 1066 4554 placuisset
1077 4483 1189 4542 Ἐννοια.

124 4551 295 4626 θησαύρισμα
310 4553 354 4608 τοῦ
370 4555 420 4604 cod
437 4559 491 4606 Vra.
751 4557 791 4610 tt.
809 4551 888 4624 ὄρεξιν
904 4561 956 4611 cod.
972 4561 1026 4610 Vra.
1061 4561 1133 4624 Vutpo
1149 4551 1236 4626 ὀρέξει

161 4625 202 4678 12.
216 4626 268 4684 τοῖς
279 4620 310 4680 ia
319 4623 363 4678 acri
375 4621 498 4690 mica<
512 4639 557 4678 om.
565 4627 616 4680 cod.
629 4627 682 4678 Vsa.
