3080 5002
387 321 522 375 rauaau
540 323 603 376 cra.
618 325 637 375 t.
653 323 734 376 nont.
748 323 793 375 ur.
810 323 909 376 nana.
923 325 1007 376 xcrr.
1109 331 1118 352 ·
1210 313 1271 378 aab

115 452 193 507 neat
209 442 335 527 legendo
351 443 517 530 discamus,
541 455 665 530 tuasque
682 465 731 508 res
747 445 936 530 intelligendo
953 445 1009 510 tria
1027 445 1076 509 illa
1091 457 1203 510 tenere
1220 446 1271 510 abs

118 556 150 608 te
179 545 345 630 excogitato
371 547 510 631 principia
538 547 679 633 principio
702 547 831 610 carentia
853 557 883 610 et
906 567 923 610 a
945 569 978 612 se
1003 548 1128 612 invicem
1156 549 1273 614 diversa

117 649 304 712 damnemus.
349 645 455 732 Longe
473 649 549 712 enim
569 650 626 714 alia
644 661 690 716 est
706 649 830 736 apostoli
848 649 980 714 doctrina
995 673 1029 713 ac
1047 651 1149 734 dogma
1168 652 1272 715 bruris·

115 751 242 830 sianum,
267 753 376 834 quoda
399 751 484 836 nugis
506 752 564 815 tuis
587 773 621 816 ac
648 751 752 816 sabulis
777 773 953 838 magnopere
976 751 1107 818 dissidet.
1152 751 1271 818 Etenim

116 853 275 939 perspicua
299 875 383 916 unum
405 859 544 916 domenum
564 855 663 918 delinit
682 875 766 935 esse,
791 876 873 918 unam
886 860 994 938 fidem,
1019 879 1103 942 unum
1123 857 1285 937 lopecino,-

117 978 206 1018 urnun
223 961 303 1019 munt
320 961 491 1038 suadentque
500 969 612 1040 patrem
628 963 748 1019 onrnr'rrm
756 1003 765 1032 ,
791 963 843 1039 qui
854 980 939 1039 suaper
953 963 1045 1022 omneis
1060 971 1091 1021 et
1104 965 1132 1022 r'n
1147 961 1273 1022 omnebus

115 1070 178 1132 est,
203 1069 259 1121 tam
276 1058 305 1122 in
325 1059 390 1143 lega
409 1079 493 1144 quarn
509 1059 539 1122 in
555 1059 702 1146 prophetis
721 1060 796 1123 etin
814 1060 954 1147 apostolis
970 1061 1115 1142 omnibus,
1140 1083 1175 1125 ac
1191 1061 1271 1126 dein·

118 1181 192 1247 ceps
214 1163 332 1226 ceteris.

202 1261 283 1328 llaec
300 1265 389 1349 igitur
407 1285 424 1328 e
442 1285 592 1330 sacrarum
614 1265 764 1330 literarum
780 1267 929 1352 reliquiis,
954 1287 1028 1352 quae
1051 1269 1126 1354 apud
1141 1265 1271 1332 Marcio·

115 1385 186 1431 nent
205 1367 298 1430 adbuc
316 1368 520 1453 reperiuntur,
545 1389 560 1430 a
579 1368 663 1432 nobis
680 1370 802 1433 collecta
818 1369 843 1432 si
864 1370 928 1455 quis
948 1371 1132 1450 consideret,
1156 1371 1272 1435 divinae

115 1469 322 1555 providentiae
344 1471 589 1555 magnificentiam
614 1471 811 1557 obstupescet.
859 1467 935 1537 Com
956 1473 1032 1536 enirn
1057 1473 1203 1558 quaelibet
1223 1493 1272 1538 res

116 1571 213 1637 tribus
232 1572 408 1637 testimoniis
428 1573 581 1659 approbari
599 1585 628 1636 et
646 1573 745 1638 baberi
763 1595 816 1659 pro
832 1587 982 1660 comperta
996 1577 1107 1655 soleat,
1132 1575 1272 1661 singulari

116 1685 166 1738 eat
183 1675 230 1738 dei
248 1674 389 1740 beneficio
405 1687 435 1739 et
453 1676 722 1757 administratione,
746 1677 786 1740 uti
804 1677 949 1757 diximus,
975 1680 1099 1756 lactum,
1123 1688 1155 1741 nt
1173 1679 1227 1741 boc
1243 1679 1273 1742 in

118 1778 241 1860 negotio
264 1789 330 1842 octo
354 1777 438 1843 nobis
457 1800 490 1842 ac
507 1779 690 1864 septuaginta
712 1778 879 1844 testimonia
904 1797 943 1844 ex
965 1781 1119 1866 evangelio
1138 1792 1273 1867 suppete-

116 1891 206 1956 rent,
231 1901 269 1942 cx
295 1882 428 1965 apostolo
455 1882 657 1966 qnadraginta.
704 1881 788 1966 Quae
812 1883 909 1946 omnia
927 1885 963 1946 ad
986 1884 1061 1946 banc
1083 1904 1175 1968 usquo
1197 1885 1272 1948 diem

116 1981 194 2068 apud
218 1982 297 2046 illum
320 1995 454 2062 serrata,
486 2004 540 2046 nec
567 1985 597 2046 in
624 1985 856 2048 controversiam
881 1985 1003 2050 adducta
1030 1998 1113 2067 suntq
1146 1989 1218 2052 adeo
1242 1999 1273 2051 ut

117 2095 236 2148 centum
260 2085 378 2155 omniuo
404 2099 491 2170 atque
517 2087 678 2152 octodecim
703 2097 818 2150 extent.
865 2085 950 2170 Quae
973 2089 1086 2172 quidem
1111 2087 1272 2154 Marcionis

115 2187 303 2273 opinionibus
328 2189 549 2269 contradicunt,
581 2189 623 2253 sic
650 2200 784 2274 tauquam
811 2210 851 2254 ex
877 2211 1003 2276 persona
1029 2192 1137 2256 domini
1161 2193 1271 2279 prolata

118 2291 191 2354 sint.
238 2289 347 2355 Sedet
371 2292 448 2355 aliud
467 2293 587 2377 insuper
611 2292 737 2356 additum
762 2303 807 2355 est
825 2303 943 2377 practer
965 2295 1111 2380 evangelii
1133 2297 1273 2382 apostoli·

118 2413 180 2478 que
197 2394 405 2458 testimonium.
450 2393 557 2479 Neque
575 2395 652 2458 anim
670 2395 777 2458 infelici
794 2391 940 2459 Marcioni
963 2398 1056 2461 visunt
1082 2410 1128 2462 est
1150 2420 1190 2462 ex
1212 2400 1288 2484 epi-⁸

119 2495 197 2560 stola
216 2497 250 2560 ad
267 2494 414 2582 Ephesios
431 2499 633 2562 auctoritatem
653 2497 730 2560 illam
747 2497 872 2578 afferre,
896 2501 947 2564 sed
966 2520 1006 2563 ex
1025 2521 1058 2564 aa
1074 2501 1109 2565 atl
1128 2499 1274 2566 Laodice·

118 2619 194 2677 nos,
220 2621 292 2683 qnae
310 2621 450 2684 nusquam
472 2603 546 2686 apud
566 2600 727 2685 apostolom
745 2600 886 2665 cernitur.
934 2601 1019 2686 Quae
1036 2625 1100 2667 cunr
1120 2625 1208 2689 pecus
1224 2603 1273 2668 illa

115 2721 173 2786 per
195 2721 336 2766 summanr
361 2703 549 2766 stoliditatem
575 2703 692 2766 minime
713 2703 833 2786 legerit,
865 2704 894 2767 in
917 2705 1064 2789 plerisque
1085 2707 1164 2793 lapsa
1187 2729 1271 2793 quarn

116 2805 274 2870 manifeste
298 2807 327 2869 in
352 2806 475 2891 singulis
502 2805 635 2868 convinci
663 2826 697 2868 ac
720 2805 855 2890 redargui
880 2819 980 2893 posset
1003 2829 1185 2894 naquaquam
1210 2813 1274 2874 ani·

117 2906 286 2972 madvertit.
332 2906 438 2992 Neque
468 2929 541 2972 vero
570 2907 692 2994 cuipiam
720 2907 824 2972 mirum
852 2909 920 2972 illud
949 2911 1040 2974 rideri
1071 2911 1166 2977 debet.
1214 2911 1273 2996 Qui

118 3010 198 3074 enirn
217 3010 362 3094 evangelii
380 3011 486 3095 aliquid
506 3023 535 3074 et
553 3012 677 3098 apostoli
696 3010 805 3075 babere
825 3032 858 3075 se
877 3013 1079 3098 profiteretur,
1104 3015 1205 3078 lierine
1222 3037 1272 3102 po·

118 3113 193 3191 tuit,
218 3123 324 3176 utnon
343 3133 432 3196 pauca
453 3113 556 3177 saltem
576 3114 737 3200 scripturae
755 3114 844 3178 verba
866 3115 1027 3180 retineret?
1071 3113 1185 3202 Quippe
1208 3138 1272 3180 cunr

117 3225 212 3279 toturn
235 3215 398 3300 scripturae
420 3215 518 3279 vivunt
543 3218 598 3296 sit,
624 3230 655 3282 nt
676 3219 716 3281 ita
732 3216 877 3296 dixerint,
900 3237 1023 3303 corpus,
1047 3219 1178 3303 potuitne
1195 3239 1274 3282 mor·

118 3330 201 3381 toum
222 3318 311 3382 ullum
329 3319 488 3382 membrum
508 3341 560 3405 pro
579 3320 667 3382 animi
688 3320 732 3382 sci
750 3316 869 3382 libidine
888 3321 1036 3405 reperire,
1061 3321 1136 3405 quud
1155 3322 1190 3385 ad
1212 3325 1287 3385 sta·⁴

117 3420 276 3484 bilicadum
304 3421 485 3486 mendacium
513 3433 614 3485 contra
645 3421 796 3485 veritatem
827 3423 995 3506 prolerrct?
1038 3421 1139 3508 Quare
1167 3443 1273 3510 corpus

116 3525 214 3610 ipsum
234 3524 368 3588 mutilare
387 3545 422 3588 ac
439 3525 575 3608 pleraque
595 3524 724 3588 membra
742 3544 879 3588 resecare
896 3525 1037 3604 instituit,
1062 3547 1183 3611 quornm
1199 3547 1273 3590 non-

118 3626 200 3690 nulla
214 3628 248 3688 ad
267 3649 349 3692 usum
371 3649 454 3691 suurn
474 3627 605 3691 retinuit.
652 3625 736 3710 Quae
756 3626 870 3712 quidem
887 3626 923 3690 ab
940 3628 990 3691 illo
1006 3640 1157 3693 reservata
1174 3639 1205 3694 et
1222 3629 1272 3694 ad·

118 3729 177 3794 buc
197 3728 338 3813 spirantia
361 3730 475 3814 penitus
494 3730 628 3814 extingui
644 3742 809 3814 nequeunt,
833 3731 884 3794 sed
900 3729 998 3794 vitulis
1015 3731 1063 3796 ille
1080 3731 1272 3796 declarandae

116 3869 168 3929 uit,
192 3867 261 3915 butus
280 3869 325 3916 loct
346 3870 494 3920 concendenda·
507 3883 535 3919 ne
549 3871 678 3932 cementum
745 3869 769 3920 3.
789 3865 885 3922 ὲκατῶι
909 3870 1017 3920 mendose
1035 3873 1148 3934 rutprun
1168 3876 1231 3921 ectct
1247 3873 1272 3921 tn

115 3935 214 4000 quldetn
233 3935 342 3996 [munt.
382 3939 460 3986 l'erte:
485 3953 547 4004 quea
562 3935 678 3988 testimo-
713 3939 787 3989 edilis.
984 3955 991 3965 ·

117 4003 161 4054 nia
172 4000 267 4050 nomini
284 4001 437 4120 respondent
454 4003 556 4066 domini,
575 4015 679 4074 propter
746 4019 772 4076 4„
789 4017 831 4075 ἀπ’
846 4015 926 4089 ἄλλης
943 4023 987 4090 (20,
1003 4020 1149 4092 ἐπιστολῆς)
1165 4026 1273 4088 rmrlpsi

117 4079 323 4150 numerumuoctc
343 4071 418 4134 euim,
445 4073 617 4124 etlelicieins
633 4073 679 4124 be·
711 4106 756 4155 p„
774 4083 812 4143 ἐπ’
829 4083 922 4158 ἄλλης,
948 4094 1011 4156 quod
1031 4095 1101 4156 „mm
1118 4097 1182 4144 am
1202 4095 1228 4142 in
1245 4095 1273 4142 “-

117 4137 271 4199 uedrcunnr,
297 4150 401 4206 propter
422 4157 550 4192 numerum
572 4151 678 4193 centum
714 4161 768 4210 pm

120 4209 192 4258 Videt
212 4209 297 4270 uptam
318 4212 419 4259 corninus
441 4211 551 4292 dominici
574 4213 616 4276 ἰὴ,
639 4215 680 4294 qql
747 4243 772 4294 5·
790 4244 868 4308 mm
894 4251 1004 4299 mma.
1041 4245 1145 4310 οσώω
1218 4247 1274 4298 cor·

116 4289 230 4328 numeros
243 4277 323 4327 xtttt
336 4283 376 4338 ert,
392 4281 414 4326 et
428 4291 506 4328 uocem
522 4275 592 4344 unuln
607 4282 680 4342 etqua-
713 4315 808 4364 ΜΝ
823 4319 847 4363 a,
863 4263 891 4365 'fe
905 4263 1135 4367 magmas
1146 4264 1198 4312 Μ’

117 4345 196 4410 peon.
231 4345 306 4396 llutcu
323 4349 384 4396 enirn
400 4348 463 4396 cocta
485 4348 564 4408 primu
581 4349 680 4400 tlteruo'r
848 4329 862 4378 ⁹
1136 4354 1142 4366 '

116 4425 243 4464 numnutn
257 4413 284 4476 l,
302 4417 375 4464 ultera
393 4415 413 4480 q]
427 4415 483 4476 XL,
500 4417 568 4464 lertio
582 4419 608 4482 ῆ-
619 4415 680 4484 ιᾙι,
747 4415 771 4468 6.
789 4411 843 4470 u’ll'
859 4413 896 4478 cir
911 4423 1000 4472 retlltrd
1011 4421 1153 4476 Curnonium
1168 4424 1189 4470 el
1204 4421 1274 4470 Petu-

117 4482 229 4546 quarlui
243 4483 263 4532 L
276 4483 419 4546 significent,
435 4485 526 4546 qulbus,
541 4483 679 4546 blasnnrptc
712 4489 777 4536 uiurn
802 4492 893 4538 secutus
915 4502 960 4551 pre
982 4483 1105 4556 ἀλλοίως,
1134 4489 1197 4552 quod
1221 4489 1275 4537 libri

117 4563 216 4602 onmem
237 4553 284 4602 stuc
306 4553 374 4602 tttnc
389 4553 420 4616 ᾱ,
452 4552 552 4615 elpcdur
571 4565 680 4606 numento
711 4555 829 4620 praebent.

118 4621 218 4670 centum.
