3100 4984
376 291 511 344 raanan
529 291 590 344 ms.
607 293 627 343 ι.
645 292 727 346 rom.
741 293 772 344 ιι.
789 293 888 344 maun.
902 293 1015 347 xxxa.
1210 283 1268 348 891

114 413 300 502 copulentur.
347 408 557 495 Quamobrem,
583 412 730 477 hominum
747 412 959 493 infelicissime,
984 435 1042 478 nou
1056 416 1171 480 aliunde
1187 437 1270 502 quam

115 541 157 583 ex
173 517 324 582 daemonis
340 515 479 580 instinctu
498 525 586 579 totam
605 515 681 580 illam
697 535 831 580 errorum
850 515 983 582 hausisse
1000 528 1174 584 structurum
1194 519 1272 585 omni
1390 575 1398 591 .

116 643 157 686 ex
179 631 262 705 parte
284 617 482 683 convinceris.

202 720 262 788 Sed
283 721 407 806 nequid
430 741 445 784 a
469 720 554 784 nohis
575 721 841 806 praetermittatur,
872 723 947 806 qnod
968 744 984 786 a
1002 723 1143 808 quoquam
1161 725 1273 791 dicatur
1292 742 1350 810 cap.
1366 743 1408 794 ιιι.

116 839 168 890 ant
189 827 256 903 liat,
290 846 355 888 cum
376 824 549 908 praesertim
568 823 666 908 plures
685 823 791 888 sintin
810 825 911 888 eadem
930 836 1010 889 secta
1028 826 1191 912 principes,
1223 829 1271 914 qui

116 927 243 992 dirersis
258 926 467 992 concinnandis
482 925 587 990 tabulis
603 925 759 1010 magistros
773 925 860 990 etiam
876 928 954 1013 ipsos
970 948 1110 1014 superare
1125 949 1191 992 sese
1208 929 1272 1016 glo·

116 1033 248 1110 riantur,
273 1030 341 1094 rolo
358 1029 387 1092 in
405 1029 442 1092 iis
458 1027 731 1106 commemorandis,
756 1029 850 1112 quiin
868 1030 968 1092 eadem
985 1029 1099 1095 haeresi
1115 1041 1195 1111 suast,
1219 1033 1270 1096 sed

115 1135 175 1200 alia
191 1132 332 1218 quaedam
347 1131 469 1216 insuper
483 1141 638 1210 asserunt,
662 1130 810 1216 paulisper
827 1131 987 1196 immorari.
1033 1131 1212 1219 Epiplrancm
1228 1147 1271 1200 at·

115 1258 173 1322 que
190 1233 334 1300 Isidorum
349 1233 499 1318 intelligo,
524 1234 571 1317 qni
588 1233 820 1298 cohortationum
838 1254 872 1298 ac
890 1245 1110 1321 praeceptorum
1126 1237 1223 1322 specie
1241 1237 1270 1301 in

115 1338 335 1426 profundiorem
353 1357 422 1399 sese
439 1335 619 1399 infelicitatis
635 1336 805 1420 voraginem
823 1337 976 1401 immersit.
1022 1335 1143 1402 Etcum
1161 1360 1178 1402 a
1195 1336 1270 1404 Car·

115 1451 237 1529 pocratc
257 1451 376 1526 parente
396 1459 450 1502 sno
471 1459 574 1502 revera
594 1438 657 1502 falsi
678 1438 820 1522 dogmatis
837 1439 949 1504 initium
969 1439 1130 1526 acceperit,
1160 1442 1195 1506 ad
1215 1437 1270 1506 Se·

115 1546 203 1610 enardi
227 1555 322 1608 tamea
346 1540 500 1628 opiniones
521 1541 670 1620 adhaesit,
704 1551 734 1605 ct
752 1543 787 1606 ad
809 1539 1011 1607 Secarndianos
1030 1543 1191 1628 adscriptus
1212 1554 1268 1608 est.

114 1646 254 1734 inprimis
269 1645 347 1710 enirn
363 1664 465 1728 magna
482 1656 528 1708 est
543 1643 740 1708 aberrantium
757 1645 879 1708 istorum
898 1644 1077 1710 hominumn
1094 1666 1126 1709 se
1143 1646 1268 1710 inuicem

116 1750 281 1826 dissensio,
314 1756 344 1810 ct
366 1746 555 1810 inanissimae
572 1746 754 1830 loquacitatis
770 1747 916 1811 incondita
940 1749 1081 1833 quaedam
1104 1769 1138 1811 ac
1157 1759 1269 1834 pertur-

115 1855 184 1917 hata
202 1850 343 1914 varietas.
388 1845 486 1927 Nam,
512 1860 542 1913 ut
558 1848 594 1912 ah
610 1847 761 1934 Epiphane
779 1850 892 1930 ordiar,
917 1846 1104 1937 Carpocratis
1119 1850 1176 1915 iste
1194 1851 1268 1916 lilius

116 1979 158 2020 cx
178 1952 362 2018 Alexandria
382 1962 492 2029 matre,
525 1951 579 2014 lanc
599 1952 675 2016 enim
695 1952 721 2014 ci
741 1954 931 2033 nomeuluit,
964 1954 1101 2032 adillos,
1134 1955 1174 2017 nti
1193 1953 1267 2017 dini·

116 2081 201 2136 raus,
226 2065 415 2141 aggregatur,
439 2055 486 2139 qui
503 2075 541 2118 ex
558 2049 745 2138 Cephallenia
764 2065 884 2140 paterno
901 2077 1010 2141 genere
1026 2055 1177 2136 oriundus,
1202 2076 1267 2120 eum

116 2165 153 2228 ad
169 2157 274 2224 XVll.
293 2157 398 2222 aetatis
414 2178 521 2222 annum
535 2157 730 2240 pervenisset,
749 2158 900 2228 immatura
915 2171 1008 2222 morte
1024 2168 1192 2245 praereptus
1208 2170 1264 2222 est.

115 2263 265 2328 Nimirum
284 2260 446 2324 sceleratos
463 2260 595 2324 homines
611 2260 682 2323 deus
697 2260 740 2324 sic
755 2271 890 2346 tanquam
906 2263 1004 2347 spinas
1020 2261 1142 2340 evulsit,
1167 2258 1266 2324 huma·

116 2387 214 2452 noque
233 2365 334 2450 generi
354 2361 458 2427 melius
477 2362 584 2448 aliquid
604 2362 740 2449 providit.
785 2361 858 2427 Post
875 2363 951 2428 illius
969 2363 1079 2427 obituro
1101 2362 1137 2425 iis
1159 2363 1206 2446 qui
1229 2363 1266 2426 ab

116 2493 154 2536 eo
170 2468 284 2554 decepti
299 2467 414 2531 lucrant
428 2468 512 2552 plaga
527 2466 576 2530 illa
592 2466 705 2530 lethalis
720 2467 862 2532 adhaesit.
896 2463 934 2531 Et
948 2466 977 2529 in
993 2466 1069 2530 hanc
1084 2486 1175 2549 usquc
1191 2464 1265 2529 diem

114 2575 146 2637 in
165 2571 264 2636 insula
278 2567 370 2635 Samo
385 2569 491 2634 divinis
506 2569 664 2632 honoribus
679 2569 813 2633 afficitur.
857 2567 934 2633 Nam
952 2569 1066 2632 incolae
1084 2566 1220 2653 templum
1238 2568 1265 2631 ci

115 2674 322 2752 condiderunt,
343 2683 372 2736 ct
388 2673 506 2736 ineunte
522 2683 621 2736 mense
637 2692 721 2736 sacra
737 2671 876 2755 quaedam
894 2694 927 2736 ac
942 2673 1123 2736 ceremonias
1139 2671 1263 2752 obcuntp

117 2799 173 2843 nec
188 2797 247 2840 unu
265 2786 345 2839 artes
359 2785 390 2838 et
402 2771 538 2838 Muscam
553 2773 589 2836 ad
606 2773 767 2837 detestandi
782 2774 857 2838 illius
872 2775 997 2838 nnmiuis
1011 2774 1180 2838 memoriam
1197 2796 1266 2838 con·

115 2889 289 2957 seorarnnta
322 2875 481 2962 Epiphanio
503 2876 606 2962 qnippe
627 2873 763 2940 Muscam
786 2878 942 2963 appellant.
988 2874 1188 2962 Cephallenii,
1221 2877 1266 2940 in-

116 3003 222 3068 quam,
254 3001 291 3043 eo
308 2977 464 3043 vecordiae
479 2978 627 3063 progressi
645 2987 728 3056 sunt,
760 2991 790 3043 nt
809 2991 839 3043 ct
856 2981 882 3044 ei
899 2981 1042 3046 sacrificia
1059 3001 1094 3044 ae
1109 2979 1264 3043 libationes

116 3087 260 3163 offerant,
292 3093 322 3146 et
338 3083 366 3144 in
387 3083 452 3145 lano
469 3079 547 3144 illins
564 3080 678 3165 epulum
695 3082 869 3166 praebeant,
901 3095 931 3146 et
945 3085 1068 3169 hymnos
1086 3083 1114 3145 iu
1132 3083 1196 3145 eius
1213 3082 1265 3144 ho·

117 3207 220 3252 uorem
237 3183 403 3248 concinant.
450 3181 558 3248 Habuit
573 3203 644 3246 vero
658 3183 691 3245 ad
706 3183 839 3248 inielices
853 3186 918 3249 illos
933 3187 1131 3270 decipiendos,
1155 3205 1189 3247 ac
1206 3203 1263 3246 non

116 3291 203 3355 modo
222 3288 258 3351 ad
276 3307 340 3351 cam
356 3296 485 3366 sermm,
516 3285 566 3350 scd
584 3295 615 3347 et
631 3285 664 3346 ad
682 3285 757 3349 aliud
775 3309 867 3372 genus
883 3289 1010 3366 erroris,
1042 3287 1097 3350 hoc
1114 3297 1159 3350 est
1174 3285 1263 3349 simu·

115 3394 262 3457 locrorum
287 3388 523 3474 superstitionem
547 3387 740 3452 traducendos
769 3409 901 3472 magnam
930 3389 1096 3453 illecebram
1118 3387 1263 3472 exquisita

116 3495 258 3580 quaedam
275 3491 400 3554 hominis
418 3489 561 3569 eruditio,
585 3499 695 3554 etcum
712 3491 740 3553 in
759 3490 836 3554 omni
854 3492 1038 3556 humanitatis
1054 3512 1179 3576 genere,
1204 3500 1263 3554 tum

116 3599 146 3662 in
168 3593 331 3660 Platonicis
354 3592 535 3677 dogmatibus
558 3593 687 3679 apprime
710 3604 838 3658 versata.
884 3594 942 3678 Qui
962 3593 1075 3678 quidem
1097 3591 1264 3679 Epiphanes
1312 3583 1316 3591 ¹

115 3701 151 3762 ad
170 3695 338 3762 Secundum
356 3715 389 3760 sc
405 3705 491 3779 atque
507 3695 571 3758 cius
587 3696 717 3758 lautores
731 3696 902 3781 applicavit,
926 3696 1059 3780 illiusque
1074 3696 1104 3759 iu
1120 3715 1153 3760 se
1168 3697 1262 3777 virus,

115 3803 172 3866 boc
195 3811 242 3864 cst
263 3799 400 3862 imbutam
423 3808 568 3860 venenata
591 3797 711 3882 quadam
735 3809 815 3884 peste
838 3798 1038 3884 loquacitatem
1062 3801 1218 3885 expressit.

200 3898 345 3966 Isidorum
361 3921 433 3964 vero
447 3911 569 3964 narrant
582 3899 751 3984 quibusdam
767 3895 1007 3965 Cohortationum
1021 3901 1103 3965 libris
1116 3903 1262 3988 nequitiae
1280 3918 1340 3988 esp.
1354 3921 1394 3971 tv.

115 4026 188 4070 suae
206 4005 391 4068 lundamcota
405 4003 523 4066 iecisse.
570 3999 629 4067 Sed
644 4011 739 4065 utrum
757 4004 856 4066 eadem
872 4005 897 4067 is
912 4015 1043 4068 exsecta
1059 4015 1145 4090 atque
1159 4005 1260 4067 iisdem

115 4107 303 4193 opinionibus
320 4105 471 4184 extiterit,
493 4126 531 4168 an
549 4125 589 4169 cx
607 4103 842 4190 philosophorum
861 4106 1012 4192 disciplina
1029 4108 1260 4172 cohortationum

114 4211 224 4274 artilex
239 4229 308 4272 esse
323 4208 471 4286 didicerit,
496 4206 569 4271 certi
586 4207 657 4271 nihil
672 4205 827 4292 explorare
846 4210 1005 4274 docuimus.
1050 4207 1211 4294 Utcumque
1228 4226 1260 4272 se

113 4401 155 4462 nt,
168 4397 194 4450 2.
211 4413 267 4461 pop.
280 4397 338 4448 bil.
355 4399 432 4460 rau„
453 4401 475 4448 et
490 4399 633 4449 dheodoreto.
741 4395 766 4450 6.
785 4415 814 4451 τε
831 4404 924 4464 reposui
937 4415 980 4464 pro
995 4397 1032 4463 bl,
1049 4413 1108 4464 quoe
1120 4400 1218 4462 culpato
1230 4405 1264 4450 ert

111 4469 178 4586 ng,
190 4463 335 4586 {³123an
349 4463 526 4534 Κεφαλληνίας
542 4469 609 4518 behet
625 4470 674 4518 Gle-
706 4469 829 4531 semmuro.
