3080 5002
359 302 494 354 eunoun
512 305 574 355 nnn.
589 304 608 354 t.
625 303 707 354 non.
720 301 763 354 m.
780 299 879 352 naun.
891 299 972 352 xnu.
1182 291 1243 354 653

178 419 281 486 Scbol.
299 420 373 486 VIII
389 433 419 486 el
434 421 523 488 XVI.
558 427 703 505 Numquid
722 428 756 485 de
777 424 863 484 Iobus
884 443 954 484 curu
975 432 1021 482 cat
1038 425 1111 484 deo?
1258 439 1275 480 1.
1285 436 1335 480 cor.
1345 439 1365 492 a,
1376 438 1395 481 a.

174 523 277 588 liciat.
296 521 369 588 VIII
386 535 417 588 et
433 523 520 590 XVI.
557 525 681 590 Abunde
695 536 836 590 tractatus
854 523 899 586 bic
918 524 998 586 locus
1016 535 1078 602 est,
1103 526 1177 588 etin
1196 547 1245 590 su-

82 626 198 712 periori
214 627 310 712 capite
326 648 342 690 a
360 627 444 692 uobis
461 630 625 715 expositus.
663 627 789 713 Ideoque
805 645 1054 712 supervacaneum
1071 626 1126 690 rati
1142 631 1243 693 eadem

81 730 185 793 denuo
207 740 342 814 repetere
364 730 402 794 ila
424 753 498 816 quae
522 731 597 795 dicta
620 743 689 795 sunt
711 729 840 796 contenti
863 749 930 792 osse
950 727 1100 793 debemus.

174 829 275 898 Sobel.
295 829 341 896 IX
357 845 388 896 et
404 830 509 898 XVII.
543 837 617 897 Nolo
635 839 706 898 onim
726 857 774 896 ooo
790 839 940 914 morare,
957 834 1087 914 scotres,
1113 839 1242 914 quonium
1257 847 1311 904 cop.
1324 849 1356 902 uo,

76 947 184 1015 putres
201 941 296 998 nostri
313 937 366 998 aab
383 939 457 998 niobe
463 940 604 1020 fumaret,
636 950 665 999 ct
677 960 771 1000 omnes
788 958 866 998 more
883 940 1073 1010 manascunt,
1107 947 1135 997 ct
1151 957 1243 998 omncs
1270 903 1344 955 ΗΝ

80 1042 201 1100 modom
223 1061 314 1102 cacum
336 1043 491 1121 aperitolem
515 1045 761 1104 manducaverunt.
806 1041 945 1102 Br'bebont
963 1043 1035 1101 enim
1063 1042 1097 1100 de
1119 1043 1247 1120 npt‘ritoli

83 1154 276 1223 consequente
290 1164 337 1204 coa
349 1155 444 1224 petro,
465 1155 549 1223 petro
564 1155 656 1208 outom
672 1155 736 1206 erut
749 1147 888 1206 Cllriatua.
936 1145 995 1204 Sed
1004 1163 1059 1203 non
1073 1146 1102 1204 a'o
1111 1143 1245 1222 pluribus

81 1265 183 1308 eorum
205 1245 405 1326 beneplacitum
427 1257 471 1307 cat
490 1249 550 1308 deo.
596 1251 674 1308 Haec
690 1258 782 1308 auton
800 1251 828 1308 in
837 1248 944 1325 figura
951 1248 1038 1328 suctu
1054 1255 1121 1306 aunt
1138 1251 1240 1319 nontm',

82 1359 119 1408 ut
139 1369 196 1409 non
211 1352 299 1410 mbram
312 1353 538 1429 concupiscentes
554 1352 706 1422 mulorum,
738 1355 814 1411 nabot
828 1350 876 1409 illi
886 1350 1021 1428 sumunt,
1054 1369 1141 1429 neque
1155 1352 1244 1410 adalo-

82 1473 149 1512 rum
165 1453 289 1512 cultores
302 1453 475 1534 efficiamini,
499 1457 575 1513 siout
589 1456 700 1532 qua'dum
712 1473 749 1514 ce
762 1456 841 1532 opaea,
867 1455 1093 1532 quemadmodum
1106 1457 1242 1533 scriptum

81 1564 141 1614 eat:
164 1556 247 1615 Sedit
255 1557 377 1634 populna
394 1558 563 1617 manducare
576 1567 605 1616 et
619 1556 726 1629 bibero,
752 1566 782 1615 ct
793 1565 984 1616 surreccrunt
995 1558 1100 1618 duwe.
1145 1558 1243 1635 Neque

28 1663 34 1674 “
83 1667 223 1718 tentemur
240 1659 397 1730 comtum,
430 1678 521 1742 usque
538 1658 572 1721 ad
587 1656 635 1720 illu
652 1657 758 1722 verba:
790 1661 867 1718 Haec
881 1668 974 1718 nutem
991 1662 1083 1720 omnnio
1099 1661 1128 1719 in
1137 1659 1243 1738 figura

82 1760 289 1838 contingebant
308 1761 383 1834 t'llab,
407 1766 515 1842 emptu
536 1769 713 1824 cantantem
735 1761 815 1822 roobia
837 1769 890 1821 etc.

171 1963 273 2029 Ileiut.
291 1963 337 2028 IX
351 1977 382 2030 et
393 1963 498 2030 XVII.
531 1962 727 2030 Oioauditam
743 1965 916 2030 amentiam!
946 1965 1021 2050 Quis
1035 1965 1149 2030 oriente
1164 1966 1240 2044 sole,

81 2065 109 2130 si
128 2067 216 2130 modo
232 2069 334 2132 oculos
351 2067 465 2147 babeat,
489 2067 589 2134 aluce
605 2067 698 2154 possit
713 2069 873 2134 aberrare?
915 2067 993 2132 Nam
1010 2067 1035 2132 si
1053 2078 1153 2154 patres
1171 2089 1242 2132 suos

81 2179 206 2234 veteres
222 2169 287 2235 illos
305 2171 453 2258 apostolus
469 2171 616 2251 nominat,
647 2183 678 2236 et
692 2171 745 2236 sub
764 2172 840 2237 nube
857 2171 966 2253 inisse,
998 2193 1032 2236 ao
1049 2191 1129 2236 mare
1147 2182 1242 2234 trana-

81 2271 157 2336 iisse
175 2273 340 2358 praedicat,
365 2274 390 2338 si
408 2273 566 2360 spiritalem
585 2294 683 2338 escam
703 2285 733 2337 et
749 2285 846 2360 potum
866 2285 1092 2353 commemorat,
1115 2274 1242 2358 itemque

82 2375 280 2440 manducasse
301 2397 337 2440 ac
352 2375 461 2440 bibisse
484 2377 520 2440 de
536 2375 658 2461 spiritali
678 2389 877 2462 consequente
900 2376 967 2441 illos
989 2387 1088 2462 patra,
1120 2397 1241 2460 eamque

81 2487 197 2563 petram
217 2473 367 2542 Christum
390 2497 458 2543 esse
479 2478 599 2558 scribit,
633 2478 697 2564 quis
720 2477 882 2544 Marcionis
903 2478 1035 2544 insaniae
1054 2477 1138 2542 Iidem
1161 2478 1242 2542 adbi-

83 2579 173 2658 beat‚
198 2581 246 2665 qui
265 2601 347 2646 suam
365 2602 399 2644 ao
418 2591 595 2645 sectatorum
614 2601 733 2645 suorum
750 2593 876 2646 mentem
896 2583 984 2646 tantis
1003 2581 1132 2646 tenebris
1148 2580 1242 2666 impli-

85 2695 153 2762 cat‚
185 2693 216 2746 ut
233 2679 384 2748 Christum
406 2684 442 2748 ab
464 2684 500 2748 iis
523 2684 570 2768 qui
593 2685 622 2748 iu
640 2684 705 2769 lege
724 2685 832 2749 versuti
850 2696 918 2750 sunt
934 2685 1101 2748 abalienare
1120 2694 1242 2748 conteu-

85 2785 151 2865 dat,
185 2807 257 2870 quos
279 2787 393 2870 quidem
417 2785 565 2872 apostolus
588 2808 712 2867 revera,
746 2809 803 2852 nou
822 2787 887 2852 bota
909 2789 1030 2872 quadam
1049 2786 1147 2874 specie
1163 2807 1242 2850 com-

83 2889 257 2952 mendavit?
301 2887 386 2973 Quod
405 2901 500 2953 antem
521 2895 550 2952 in
562 2894 707 2971 plcrrbquc
722 2874 825 2955 scribit
841 2890 917 2954 idem
933 2913 989 2953 non
997 2893 1093 2974 surbac
1105 2894 1242 2972 placitum

84 2994 210 3065 Cbm'sto,
236 2991 322 3076 plane
339 2992 374 3054 ad
391 2991 505 3056 illorum
520 2993 632 3056 scelera
649 2993 797 3078 pertinere
814 2994 970 3079 potandum
987 3003 1043 3057 est.
1091 2991 1150 3056 Iam
1169 3012 1239 3056 vero
1253 3006 1309 3051 uuna.
1323 3010 1344 3054 o.

83 3092 110 3158 si
127 3091 158 3156 in
174 3091 227 3171 iis,
252 3093 299 3178 qui
317 3091 347 3157 in
365 3094 430 3179 Iege
446 3095 590 3160 scelerate
605 3117 637 3160 sc
653 3106 826 3180 gesserunt,
851 3117 1031 3180 nequaquam
1047 3093 1088 3158 illi
1105 3093 1241 3178 placitum

84 3205 151 3273 est,
180 3194 248 3260 ideo
264 3197 321 3261 illis
338 3198 540 3262 succensuerit
557 3209 688 3282 oportet,
721 3199 795 3282 quod
815 3198 907 3281 legem
925 3198 988 3282 ipse
1007 3195 1123 3273 tulerit,
1155 3217 1240 3280 quam

83 3297 206 3360 omuino
228 3319 310 3362 suam
332 3320 399 3364 esse
420 3301 590 3378 conliruuot,
623 3321 696 3384 quae
714 3321 767 3384 pro
784 3300 923 3383 temporis
941 3299 1155 3384 opportunitate
1171 3319 1240 3360 con·

84 3420 172 3463 cessa
188 3401 296 3464 tamdiu
313 3401 489 3466 functionem
504 3424 586 3467 sunam
604 3414 650 3466 est
663 3399 1001 3486 administrationemquc
1016 3401 1131 3479 sortita,
1148 3401 1241 3463 donec

82 3502 135 3566 illc
159 3523 246 3566 carue
269 3505 416 3589 praeditus
439 3504 567 3568 advenit.
613 3504 691 3569 Nam
710 3514 740 3568 ct
758 3502 964 3588 paterfamilias
981 3503 1076 3566 servis
1092 3503 1154 3566 suis
1171 3523 1241 3566 oon-

83 3616 228 3670 sentence
246 3605 350 3692 cuique
369 3609 491 3692 tempori
506 3607 593 3671 debet
609 3607 742 3671 mandata
758 3606 972 3692 praescribere.
1020 3602 1151 3668 Subinde
1170 3625 1241 3668 vero

83 3707 144 3772 ista
160 3707 328 3774 subtexuit:
353 3714 430 3772 Hoec
445 3722 536 3772 autem
550 3716 579 3773 io
589 3714 690 3792 figure
706 3715 800 3772 nostri
812 3713 1001 3788 contigerunt,
1026 3731 1061 3769 ne
1074 3713 1161 3770 subrue
1175 3729 1241 3769 con-

84 3816 260 3893 cupiscentes
277 3815 428 3887 mulorum,
460 3817 537 3875 sicut
554 3817 601 3875 illi
614 3819 831 3894 concupierunt,
861 3830 949 3893 nequo
964 3813 1101 3872 uictorum
1118 3814 1241 3872 cultores

84 3917 265 3997 efficiamini,
302 3919 378 3977 asbret
394 3920 505 3997 quoidam
526 3939 564 3978 co
580 3921 658 3997 apso.
705 3915 738 3980 In
758 3937 815 4000 quo
835 3935 892 3979 uon
909 3933 1011 3977 omnes
1027 3913 1170 3977 sententia
1188 3934 1241 3976 sun

84 4017 303 4082 condemnauit.
352 4014 569 4082 Sedundenam
587 4019 815 4096 obsecrabam,
846 4016 994 4102 apostole,
1019 4015 1116 4080 nosti?
1159 4020 1243 4078 Sicut

82 4125 221 4201 scriptum
240 4131 298 4195 eat,
323 4118 431 4204 Inquit,
457 4125 539 4184 Sedit
548 4125 671 4203 populata
687 4126 856 4183 munducare
877 4131 905 4182 ot
924 4121 1032 4194 babere,
1064 4130 1094 4181 et
1106 4139 1240 4180 sarrece-

84 4235 157 4286 rnnt
182 4227 287 4286 ludere.
336 4221 415 4287 Vera
440 4233 484 4286 est
509 4225 606 4310 itaque
630 4222 792 4309 scriptura,
826 4224 862 4286 de
888 4245 944 4308 qun
965 4223 999 4286 ad
1022 4220 1240 4285 convincendos

83 4325 236 4410 improbos
250 4323 360 4391 Paulus
375 4337 544 4411 argumenta
559 4325 680 4412 colligit.
722 4324 838 4390 Deinde
853 4345 975 4390 rursus:
994 4329 1092 4406 Neque
1107 4334 1240 4386 tentemus

81 4483 153 4532 tttom
170 4455 326 4545 abmrpsorot.
359 4485 409 4534 tlon
423 4486 484 4534 onim
498 4485 647 4546 reperitura'n
714 4479 1051 4541 etsemetipsum,
1077 4480 1139 4542 quod
1158 4481 1241 4530 odium

83 4553 160 4602 ttorts.
681 4565 723 4614 ope
739 4551 790 4602 cod.
807 4551 879 4601 lotio.
895 4550 989 4600 sustulit
1005 4549 1123 4600 Petamus.
