3110 4984
382 363 519 418 seusun
536 365 797 418 aureatenses
813 365 877 419 uu
893 369 913 420 l.
929 367 1009 420 Tou.
1028 369 1059 420 ll.
1231 357 1288 420 ibi

131 507 183 546 see
199 489 327 566 serpsit.
374 481 435 550 Sed
449 495 481 548 et
493 484 550 549 elia
568 485 777 570 quamplurima
792 495 861 550 sunt
878 507 953 571 quae
969 487 1111 552 adversos
1129 489 1291 552 contrarias

134 585 382 673 praestigiatoris
401 587 477 650 illins
498 588 628 652 rationes
646 608 793 673 opponere
812 605 978 674 possumus.
1023 590 1068 654 Ae
1088 590 1145 654 uisi
1161 589 1201 654 illi
1224 591 1291 656 dae·

136 709 265 752 monum
283 709 390 753 sensus
406 697 503 770 esset,
526 691 669 773 quomodo
691 689 774 754 loede
795 688 844 753 iila
861 690 1012 776 turpiaque
1032 689 1186 756 conciliare
1202 693 1290 756 vitam

135 801 285 874 possent,
310 809 373 853 cum
389 791 418 853 in
436 791 589 876 evaugelio
606 790 740 856 dominos
756 791 819 876 ipse
840 789 879 854 iis
893 791 940 878 qui
956 791 1109 872 dixerant,
1141 798 1177 856 Si
1188 799 1228 856 tta
1248 807 1294 857 est
1327 809 1411 906 queque

136 897 323 954 meare·
342 913 405 954 eune
421 915 527 966 eron,
557 915 614 956 non
631 895 878 974 ezpedttnebere,
910 893 954 958 his
976 893 1075 958 verbis
1096 897 1287 980 respondeat:
1340 863 1405 918 Η

133 997 210 1058 Nu
227 1017 320 1058 omnes
336 999 455 1075 mpbut
469 999 562 1057 bled.-
592 1007 661 1058 sunt
674 1000 746 1057 maia
765 998 888 1057 mauriti
900 1001 951 1078 qui
972 1001 1078 1076 serpens
1095 1009 1293 1060 rennuerent

131 1109 261 1178 popter
275 1117 393 1178 regnem
410 1101 574 1160 coelorum?
594 1094 709 1180 Quibus
719 1097 819 1162 verbis
830 1098 957 1161 ostendit
971 1120 990 1161 a
1005 1099 1213 1163 consuetudine
1228 1121 1294 1162 mn-

135 1199 227 1262 lieris
240 1199 389 1263 abstinere
404 1219 509 1263 munus
522 1217 589 1264 esse
604 1219 621 1262 a
636 1199 757 1264 coelesti
771 1219 864 1284 reguo
879 1199 1053 1264 derivatum.
1085 1198 1201 1264 Rursus
1215 1203 1289 1265 idem

135 1300 204 1364 alio
220 1300 248 1364 iu
267 1301 334 1366 ioco
352 1302 392 1365 its
412 1303 448 1366 de
468 1301 599 1366 honestis
616 1299 722 1386 nuptiis
736 1300 875 1386 loquitur,
899 1321 970 1386 quas
987 1301 1090 1386 impius
1108 1297 1211 1367 Simon
1228 1305 1291 1368 vio·

135 1403 209 1468 lans
233 1403 357 1488 turpiter
380 1401 491 1468 libidini
510 1423 584 1468 suae
606 1401 683 1468 viam
705 1423 741 1468 ec
762 1404 905 1467 rationem
923 1413 1091 1489 praeparate
1126 1409 1201 1482 (tum
1221 1410 1289 1467 deus
1324 1419 1406 1516 pqnpu

134 1509 293 1568 mrenaer't
312 1509 393 1568 horno
412 1528 468 1568 noa
489 1517 610 1586 separet.
1351 1505 1358 1526 ⁹

227 1603 476 1689 Quemadmodum
497 1623 570 1671 vero
593 1627 735 1691 nugarum
757 1627 874 1672 suerum
894 1605 1001 1671 oblitus
1022 1606 1179 1693 impostor,
1209 1609 1290 1671 velut
1308 1627 1366 1696 esp.
1382 1629 1423 1680 vr,

132 1731 244 1774 eorum
274 1729 348 1793 quae
376 1717 463 1773 autea
488 1707 606 1772 dixerat
628 1709 765 1792 ignarus,
801 1709 928 1794 seipsum
952 1709 1074 1774 refellit!
1123 1707 1289 1774 Nemeum

133 1811 269 1875 dixisset
285 1809 419 1895 Angelos
436 1831 452 1874 n
471 1829 505 1875 se
522 1831 576 1896 per
591 1809 812 1895 intelligentium
828 1831 910 1874 snam
928 1823 1097 1895 procreatos
1112 1829 1197 1892 esse,
1221 1797 1290 1876 sub·

131 1913 211 1977 iecit
229 1921 347 1996 postea,
377 1921 411 1976 ut
426 1912 545 1977 eosdem
564 1911 630 1976 illos
647 1911 739 1975 intere
754 1913 957 1976 descendendo
973 1922 1091 1996 posset,
1122 1913 1240 1996 liguram
1258 1913 1289 1978 iu

131 2033 316 2098 unoquoque
338 2013 422 2080 coelo
444 2023 587 2079 mutasse.
631 2009 726 2098 igitur
743 2013 853 2078 latebat
867 2011 934 2077 ideo
953 2014 1028 2098 quod
1047 2013 1113 2079 illos
1130 2023 1286 2080 metueret.

130 2113 234 2201 Atqui
250 2116 317 2200 quid
333 2135 386 2180 eos
402 2137 476 2200 qnos
492 2115 554 2202 ipse
569 2115 739 2181 condiderat
756 2115 889 2200 Angelos
905 2114 1047 2200 impostor
1060 2115 1109 2179 iile
1124 2118 1289 2182 metuebat?

130 2216 251 2284 Nouae
272 2217 359 2282 etiarn
381 2219 518 2282 commotu
540 2217 633 2282 facilis
655 2217 788 2302 prudenti
810 2215 929 2280 cuilibet
945 2215 1059 2282 occulte
1076 2220 1289 2302 proseminatus

130 2339 228 2384 mor
253 2319 304 2382 ille
324 2318 430 2399 fcerit,
462 2341 526 2384 cnm
550 2319 695 2405 scriptura
717 2329 811 2384 teste:
846 2323 880 2381 ln
898 2324 1040 2400 prouerbio
1062 2325 1201 2382 munera
1220 2326 1358 2390 demean
1372 2347 1391 2391 t.

127 2425 246 2484 adun
263 2431 292 2481 et
306 2427 433 2483 errem?
475 2419 590 2504 Quibus
605 2429 834 2484 cousentaneum
850 2420 986 2504 estquod
1003 2421 1135 2485 dominus
1150 2421 1180 2486 in
1198 2443 1287 2488 crau·

127 2523 217 2610 gello
241 2522 326 2586 deum
347 2533 460 2606 patrem
483 2523 635 2607 alloquens
656 2521 740 2586 dicit:
770 2525 872 2596 Pater,
903 2526 1012 2584 domm
1032 2525 1105 2584 coeti
1123 2545 1158 2584 nc
1179 2535 1282 2586 terrae
1299 2547 1437 2608 noctque

128 2622 226 2708 Quod
249 2621 276 2688 si
297 2623 372 2687 eceli
393 2634 549 2708 terraeque
570 2622 705 2688 conditor
725 2633 771 2686 est
792 2624 963 2709 dempster
983 2623 1200 2690 dominiuoctri
1220 2623 1288 2691 lesu

128 2723 269 2804 Christi,
295 2727 403 2790 trustra
417 2727 514 2790 omnia
528 2747 547 2789 e
562 2725 740 2812 sycophanta
755 2721 876 2789 Simone
894 2725 1055 2806 iactantur,
1078 2729 1216 2792 mundum
1230 2729 1288 2793 sei·

125 2829 206 2894 lieet
233 2827 270 2890 eb
293 2825 418 2910 Angelis
446 2849 512 2892 eom
536 2825 651 2892 deiectu
673 2827 861 2906 lubricatum,
893 2837 1066 2912 caeteraque
1090 2830 1188 2894 omnia
1213 2851 1287 2915 quae

125 2929 284 2996 {anticus
304 2939 455 2993 veterator
480 2928 672 2993 fraudulentis
696 2928 881 2993 sermonibus
902 2929 933 2993 in
957 2927 1058 2994 orbem
1079 2931 1194 2996 invexit
1214 2927 1288 2996 uon-

124 3033 293 3114 mrellosque
314 3051 330 3094 n
352 3051 385 3096 sc
406 3032 543 3116 deceptos
564 3031 667 3096 iisdem
690 3030 850 3096 mendaciis
870 3029 1075 3098 circumvenit.

216 3133 321 3217 Atque
342 3132 415 3198 baec
436 3133 642 3219 compendiose
662 3151 681 3196 e
703 3131 787 3196 nobis
809 3131 951 3197 adversus
972 3133 1049 3198 illius
1071 3134 1207 3199 beeresin
1228 3135 1286 3200 dis·
1305 3151 1427 3221 eapvtt.

123 3247 234 3324 pstcte
256 3232 360 3298 lectori
381 3234 541 3312 sufficient,
572 3233 676 3318 quibus
698 3231 808 3298 veritas
827 3215 943 3319 ipeabe
966 3235 1033 3298 meli
1053 3237 1182 3300 remedia
1204 3256 1285 3300 mon·

121 3349 284 3415 stratur,
314 3335 586 3421 redarguunturque
604 3334 625 3400 ii
648 3335 696 3420 qui
717 3335 835 3399 immani
857 3335 904 3400 ille
922 3337 1086 3422 corruptela
1105 3336 1215 3420 ignaris
1234 3338 1285 3400 bo·

121 3440 264 3506 nisibus
281 3438 411 3502 iraudem
426 3440 526 3502 lacere
544 3447 699 3502 conentur.
743 3435 832 3502 Nune
848 3437 906 3502 elio
923 3438 1127 3503 transferenda
1143 3445 1175 3502 ct
1189 3438 1224 3500 ad
1243 3440 1286 3502 at-

121 3555 227 3608 teram
256 3539 391 3604 haeresin
413 3539 643 3604 convincendam
663 3537 841 3604 rellectenda
860 3550 909 3604 est
930 3540 1036 3604 oratio.
1082 3535 1138 3602 Est
1159 3559 1233 3604 vero
1255 3541 1285 3606 ic

121 3641 284 3708 heretico
308 3640 358 3705 illo
380 3640 492 3706 varium
517 3641 652 3726 quiddam
676 3651 763 3726 atque
784 3641 909 3727 duplex,
941 3641 988 3725 qni
1007 3639 1125 3704 tametsi
1142 3641 1286 3728 impostor

120 3745 232 3823 hesit,
260 3739 371 3807 Christi
385 3742 441 3806 sibi
458 3763 565 3806 nomeu
583 3741 682 3828 specie
699 3753 784 3808 tenus
799 3742 946 3828 imposuit,
969 3741 1208 3826 quemadmodum
1225 3745 1285 3809 nri·

121 3847 175 3911 sis
199 3867 246 3910 ex
272 3844 402 3930 aspidum
428 3865 464 3908 ac
485 3843 652 3930 viperarum
678 3845 743 3910 oris
765 3843 891 3910 obortivi
915 3842 1093 3928 serpentium
1117 3845 1193 3910 lctus
1218 3867 1284 3912 eor·

121 3949 268 4034 ruptique
288 3948 467 4026 tormentum
496 3944 525 4010 id
543 3946 618 4030 quod
637 3945 673 4010 iis
693 3945 793 4010 verbis
812 3965 831 4009 u
848 3943 989 4030 propbeta
1007 3943 1112 4009 dictum
1132 3957 1194 4012 este
1226 3953 1284 4010 One
1296 3965 1432 4024 eneces

124 4054 260 4131 manre
268 4049 435 4131 stege-unt,
459 4047 554 4130 etqui
568 4069 619 4110 ooo
635 4050 686 4111 itte
700 4052 841 4110 comedere
856 4047 954 4122 uellet,
978 4053 1074 4111 maneb
1090 4053 1205 4130 reperet,
1229 4051 1283 4110 e'be'·

125 4155 246 4234 denque
265 4153 405 4229 regumn.
451 4146 563 4212 Verum
586 4161 773 4236 posteaquam
796 4145 924 4228 Christi,
947 4150 989 4214 uti
1011 4150 1156 4229 diximus,
1180 4159 1282 4235 poten·

127 4253 168 4318 tis
191 4249 330 4318 rer-itatis
350 4251 432 4316 illum
454 4250 638 4317 sermonibus
659 4251 834 4338 impetiimns
852 4248 973 4338 eiusque
990 4253 1149 4339 pernicie·
1165 4269 1282 4316 omnem

127 4353 342 4434 reduximus,
366 4353 487 4440 padum
509 4353 546 4418 ad
568 4353 694 4438 mbqpas
716 4353 858 4420 haereses
876 4355 1026 4422 faciemus.

1020 4661 1069 4725 9*
