3080 5002
294 310 355 374 ‘108
621 318 627 327 ·
720 321 842 376 ιιαστι
858 323 1028 393 ορινιιιαιι

294 438 439 525 ούρανῶν.
483 441 544 506 Καὶ
563 439 666 524 ἐπειδη
686 437 707 523 ἦ
728 437 868 524 ἀλήθεια,
899 440 952 517 τάς
968 442 1076 524 έαντῆς
1091 437 1214 518 ἀκτῖνας
1230 440 1442 523 ἀποστλλροεπσ

294 545 337 618 εἰς
358 540 389 607 τό
410 544 546 620 παντελές
565 542 642 609 κατά
659 540 827 629 πρόγνωσιν
847 549 923 608 θεοῦ
943 549 1003 608 τῶν
1018 545 1240 630 ἐπιφερομένων
1261 547 1374 620 κακῶν,
1405 543 1441 618 εἰς

172 673 224 719 m.
238 659 282 704 Μ.
296 647 410 730 ἔλεγχον
422 643 594 730 προετύποο
609 644 681 722 τούς
694 641 787 728 αύτῆς
800 643 917 730 λόγους,
939 653 1092 730 πανταχοῦ
1105 648 1304 734 προεθέσπισε
1315 644 1349 710 τό
1362 653 1443 712 θεῖον
1517 701 1518 704 ¹

294 745 415 833 γράμμα
429 745 484 831 τὴν
502 745 649 832 ἀναίρεσιν
664 754 723 814 τῶν
740 746 902 830 μελλόντων
918 747 994 814 κατά
1011 756 1064 832 τῆς
1081 747 1223 831 ἀληθελας
1239 750 1441 834 ἐπεγείρεσθαι

293 847 345 926 Ὡς
359 849 522 935 διαρρήδην
539 847 631 926 αύτύς
648 875 707 917 πον
724 847 743 916 ό
758 849 863 935 κύριος
878 853 919 926 εἰς
934 853 1048 936 έλεγγον
1063 859 1119 918 τοθ
1134 854 1259 918 έλεεινοῦ
1274 853 1325 916 καλ
1340 857 1442 914 πεπλα·

295 953 426 1035 νημένου
441 952 580 1040 Σεοήρου
596 951 704 1034 φάσκει
718 951 808 1029 ούτός
822 951 928 1020 ἑαυτόν
944 953 998 1036 τη“ν
1011 952 1155 1036 ἀμπελον,
1176 955 1280 1038 λέγων,
1300 949 1376 1038 Ἐρῶ
1389 953 1440 1033 ελμι

295 1051 315 1138 ἡ
332 1053 461 1138 ἄμπελος
477 1053 498 1138 ἦ
514 1053 650 1138 ἀληθινή.
696 1059 739 1120 Et
753 1057 786 1120 δέ
800 1055 878 1130 όλως
893 1054 1006 1136 ψεκτῶν
1022 1049 1110 1140 ἦν-τό
1128 1062 1182 1138 τῆς
1196 1053 1329 1138 ἀμπέλου
1344 1052 1440 1136 ὄνομα,
1518 1065 1519 1104 ³

296 1155 353 1224 ούκ
368 1155 406 1222 ἀν
422 1165 476 1224 τοῦ
492 1154 638 1240 ὀνόματος
652 1159 693 1234 ελς
708 1156 815 1224 ἑαυτόν
832 1159 960 1224 ἐποιεῖτο
976 1156 1032 1240 τήν
1044 1155 1211 1240 δμοιύτητιι.
1253 1154 1338 1222 'Am
1352 1160 1403 1222 καλ
1417 1159 1442 1221 ολ

297 1258 456 1328 ἀπόστολοέ
471 1283 562 1340 φασιν
580 1262 610 1326 ἐν
625 1267 660 1349 τῇ
683 1258 836 1338 ΙΔιατάξει
853 1267 888 1349 τῇ
905 1261 1072 1349 καλουμένη
1090 1260 1152 1343 δτι,
1177 1266 1289 1328 omia
1307 1267 1384 1328 θεοῦ
1397 1260 1442 1325 καλ

297 1361 434 1446 ἀμπελῶν
449 1360 470 1445 ἡ
483 1361 630 1446 καθολικη
648 1365 791 1446 ἐκκλησλοι.
834 1359 918 1428 Ἀλλύ
931 1363 984 1428 καὶ
998 1361 1088 1440 αάτδς
1105 1362 1124 1430 ό
1138 1365 1246 1453 λύριος,
1254 1362 1345 1430 πόλιν
1362 1365 1441 1447 ἐντῶ

297 1464 452 1554 εύαγγελέρι
474 1463 651 1549 ποιούμενος
672 1463 726 1548 τὴν
747 1472 800 1530 τοῦ
822 1463 995 1548 ἀμπελῶνος
1013 1467 1186 1552 παραβολὴν
1207 1466 1268 1546 ότι,
1296 1464 1386 1550 Ἀνήρ
1404 1489 1442 1538 εις

297 1565 509 1651 οἰκοδεσπότης
521 1565 593 1651 εἶχεν
607 1566 775 1651 ἀμπελῶνα,
796 1571 848 1634 καλ
863 1570 977 1646 ἐξέδοτο
990 1565 1083 1634 αύτύν
1093 1580 1249 1656 γεωργοῖς,
1270 1571 1323 1634 καὶ
1337 1571 1443 1650 έπεμψε
1519 1633 1520 1654 ρ

242 1693 252 1712 ·
298 1679 393 1754 ζητῶν
408 1669 535 1756 καρπόν,
556 1673 607 1738 καὶ
623 1668 678 1738 ούκ
693 1672 822 1736 ἔδωκαν·
845 1668 916 1736 ἀλλά
931 1672 980 1736 καλ
997 1668 1095 1751 πόλιν,
1115 1670 1204 1756 Ἀνὴρ
1219 1699 1264 1748 τις
1278 1667 1441 1737 vindmi-
1519 1657 1520 1670 λ

297 1800 351 1858 της
366 1776 440 1857 έγων
457 1771 631 1856 ἀμπελῶνα,
654 1775 760 1856 ἐξῆλθε
772 1780 866 1857 ζητῶν
880 1772 1003 1861 ἐργάτας
1017 1777 1060 1850 ελς
1074 1773 1126 1840 τόν
1141 1773 1315 1856 ἀμπελῶνα,
1337 1776 1388 1838 ιιαλ
1399 1773 1442 1838 έκλ

297 1883 398 1964 τρλτην
419 1875 514 1962 ῶραν,
536 1878 587 1941 καλ
609 1878 709 1959 ἕκτην,
732 1879 783 1941 καλ
803 1875 941 1959 ἐνναέτην,
963 1879 1014 1942 κοιλ
1031 1875 1200 1960 ένδεκότην·
1232 1874 1274 1953 ῶς
1291 1875 1443 1954 ἐξάπιπτος

298 1979 332 2048 τό
346 1987 400 2063 τῆς
414 1980 629 2062 ἐπιτηδεύσεως
638 1977 816 2064 σκενιόρημα
830 1981 883 2046 καλ
894 1977 1002 2046 τούτου
1014 1985 1068 2046 τοῦ
1082 1978 1252 2055 ἀπατεῶνας
1265 1977 1443 2062 πανταχόθεν

300 2086 374 2168 ἔχειν
389 2084 423 2148 τό
438 2081 649 2167 τιτρώσκεσθαι
664 2080 741 2170 λόγῳ
757 2089 811 2165 της
825 2079 974 2164 ἀληθείας.
1019 2079 1086 2147 Κάν
1102 2107 1132 2148 τε
1147 2081 1203 2168 γάρ
1218 2085 1401 2164 έκιωολκεεαι
1412 2077 1442 2144 τό

299 2184 407 2262 σκότος
424 2183 524 2266 ιγωτός
541 2184 582 2267 μή
597 2184 760 2268 παρόντος,
783 2182 820 2249 δι’
837 2182 937 2271 όλέγου
954 2192 1122 2270 σπινθῆρος
1138 2183 1159 2268 ἡ
1174 2183 1268 2252 αὐτοῦ
1284 2183 1444 2265 ἀφόντωσις
1520 2197 1521 2202 ’

298 2296 352 2372 τῆς
370 2286 539 2374 ἀνατροπῆς
554 2285 709 2372 γενήσεται.
754 2285 917 2370 Σνντόμως
938 2290 971 2354 δέ
987 2289 1128 2374 κέχρημαι
1145 2295 1182 2378 τῇ
1198 2289 1321 2374 αἱρέσει,
1350 2286 1399 2354 διά
1412 2283 1443 2350 τό

300 2391 359 2476 ἤδη
376 2393 499 2469 ἐξειπεῖν
513 2388 560 2456 ὅτι
574 2387 718 2466 εύάλωκος
732 2388 906 2476 ύπάργουσα
921 2389 958 2456 ού
974 2397 1083 2474 πολλῆς
1098 2395 1191 2456 δεῖται
1205 2393 1355 2476 ἐργασίας,
1376 2385 1446 2473 πρός

300 2496 441 2562 σύστασιν
457 2501 510 2576 τῆς
524 2490 586 2559 κατ’
602 2490 694 2577 αὐτῆς
711 2491 865 2576 ἀληθελας·
888 2491 1011 2576 μάλιστο
1027 2494 1070 2573 δέ,
1092 2493 1138 2559 ότι
1151 2492 1224 2576 τάγα
1238 2491 1323 2574 οἶμαι
1334 2493 1384 2558 καλ
1396 2515 1444 2572 μη

300 2598 363 2664 κέτι
383 2599 416 2662 ἐκ
433 2594 540 2679 ταύτης
556 2592 699 2681 ύπάργειν
719 2595 817 2676 τινάς,
841 2592 897 2661 ἀλλ’
920 2599 948 2662 ελ
967 2594 1025 2682 ἀρα
1042 2600 1174 2673 σπανίως
1193 2598 1226 2662 ἐν
1243 2592 1381 2662 ἀνωτύτω
1401 2593 1444 2674 μέ-

302 2720 387 2786 ρεσιν.

385 2902 458 2970 ’Λπδ
474 2902 584 2987 ταύτης
604 2905 637 2970 δέ
654 2905 868 2991 παρελθόντες,
899 2903 995 2991 ῶςπερ
1011 2909 1157 2990 σκορπλον
1176 2904 1274 2971 δεινόν
1290 2898 1447 2981 mum}

303 3029 419 3087 σαντες,
441 3005 566 3092 ἀθρόως
579 3005 632 3083 τάς
646 3009 712 3092 έξῆς
729 3006 977 3090 διασκοπήσομεν,
999 3015 1076 3074 θεοῦ
1090 3006 1145 3092 την
1158 3005 1286 3088 δύναμιν
1302 2999 1445 3072 ἐπικαλεύ-

304 3137 386 3196 μενοι
407 3113 449 3188 εἰς
468 3109 630 3194 βοήθειαν,
659 3118 712 3176 τοῦ
733 3137 763 3176 τε
783 3109 817 3176 τδ
836 3108 946 3194 ἀληθές
960 3113 1069 3188 εἰπεῖν,
1099 3112 1151 3175 καὶ
1168 3117 1222 3176 τού
1238 3107 1332 3176 αύτόν
1348 3108 1395 3190 έμλ
1409 3101 1447 3188 μό

304 3218 503 3300 βλάπτεσθαι,
525 3213 650 3297 μάλιστα
664 3215 730 3300 περὶ
747 3221 801 3298 τῆς
815 3211 953 3296 τοιαύτης
965 3216 1066 3296 δεινῆς
1082 3214 1135 3278 καλ
1150 3210 1303 3298 ἀλειηρλοο
1318 3218 1376 3277 τῶν
1387 3212 1445 3291 Bor

306 3317 408 3403 μότων
428 3319 567 3401 μέλλοντα
588 3313 765 3398 ύποιμαλνειν
785 3320 993 3401 κακοτροπίας.

576 3565 755 3636 ΚΑΤΑ
809 3563 1190 3650 ΤΑΤΙΑΝΩΝ,

485 3679 618 3778 εἰκοσι-ἠ
646 3685 744 3775 ἕκτη,
781 3679 805 3775 ἡ
830 3683 889 3754 καὶ
914 3677 1165 3779 τεσσαρακοστή
1193 3681 1284 3776 ἕκτη.

171 3843 239 3909 Κεφ.
257 3839 290 3896 π’.
397 3829 540 3907 Τατιανύς
553 3855 598 3908 τις
611 3828 715 3913 ἀνέστη
730 3829 855 3906 τούτους
871 3828 1087 3912 διαδεξόμενος,
1108 3827 1176 3911 ἤτοι
1189 3825 1265 3894 καεά
1277 3825 1349 3903 τούς
1361 3821 1449 3888 ούτῶι

185 3972 237 4017 ηις.
250 3959 296 4006 πε,
308 3933 435 4022 χρόνους
457 3931 515 4013 ῶν,
548 3931 570 4015 ἢ
585 3931 643 4016 μετ’
661 3932 786 4012 αύτούς,
816 3932 905 3998 πόλιν
920 3931 973 4016 τὴν
990 3933 1099 3998 ἑαυτοῦ
1115 3937 1169 4013 τῆς
1181 3935 1363 4012 κενοφωνλας
1377 3929 1450 3991 διδα-

308 4042 428 4106 σκαλλαν
441 4035 688 4122 προστησάμενος.
727 4040 789 4101 Καὶ
803 4036 840 4102 τά
854 4037 906 4118 μὲν
918 4043 1031 4121 πρῶτα,
1047 4031 1096 4100 ολα
1110 4033 1149 4116 δὴ
1161 4031 1223 4098 ἀπό
1236 4029 1378 4116 Ἑλλήνων
1390 4053 1451 4092 παι-

308 4146 390 4216 δελας
407 4137 561 4225 ύπάργων,
590 4139 767 4224 σννακμάζει
780 4137 928 4228 Ἰοοστένρι
949 4145 990 4227 τῷ
1008 4135 1181 4225 φιλοσόφῳ,
1212 4132 1386 4220 ἀνδρλάγλιμ
1406 4129 1450 4194 καλ

311 4249 386 4333 ιγέληι
404 4251 497 4323 θεοῦ,
530 4250 594 4332 ιτηῖ
612 4239 672 4308 ἀπό
692 4249 885 4328 Σαμαρειτῶν
902 4245 944 4319 εές
964 4238 1093 4326 Χριστόν
1108 4236 1319 4304 πεπισεειπιότι.
1364 4225 1451 4306 Οδτθλ

347 4433 513 4485 Cu.1V.-
533 4434 553 4485 Ι.
575 4437 670 4486 σοπειὶι.
686 4437 786 4496 apostol.
800 4436 839 4484 lib.
849 4437 867 4485 λ.
901 4432 1009 4500 κλητέα,
1035 4431 1079 4486 καλ
1102 4426 1220 4498 ἀμπελόεν
1244 4424 1321 4483 ον’τοιλ
1342 4419 1450 4480 ἐκλεκτός

310 4515 412 4565 prooem.
424 4504 491 4566 (tom.
502 4505 531 4564 1.‚
543 4518 569 4564 ρ.
581 4501 636 4553 199.
654 4503 753 4554 Petrum
768 4503 868 4564 λμοιλολ.
901 4509 950 4554 cm.
1439 4558 1449 4571 ,

312 4571 349 4622 ιδ.
365 4569 453 4634 Ολπ.).·
470 4569 537 4622 Θεοῦ
551 4563 811 4636 φυτελατῖκαῖιολικη
826 4567 867 4622 ἐκ·
937 4569 1027 4620 cml.
1045 4595 1078 4608 -
1097 4567 1120 4618 1.
1136 4569 1164 4619 λιι
1177 4567 1232 4617 edit»
1244 4570 1320 4630 μιτκο
1336 4567 1399 4615 πτολ
1412 4576 1449 4612 τοι
