3100 4984
349 336 484 390 ransart
501 335 564 388 le.
579 337 598 388 l.
615 335 695 389 ΤΟΜ.
707 337 749 387 lll.
767 335 867 388 noun.
879 334 1005 388 xxxm'.
1189 325 1252 386 445

103 467 168 520 tuor
186 467 302 522 vostras
321 457 423 522 literas
443 458 517 521 scito
533 456 732 522 derivationes
748 477 816 522 esse
835 455 973 540 quosdam
992 477 1026 519 ac
1045 456 1130 520 trium
1150 455 1254 540 imagi·
1315 461 1320 469 “

103 579 154 623 ιιεε
171 557 336 639 Virtutum,
361 581 436 645 qnae
455 571 546 624 totum
563 559 745 644 superiorum
764 561 974 623 elementorum
992 581 1143 623 numerum
1162 559 1255 623 eonti-

102 673 181 726 nent.
226 659 325 727 Mutae
345 663 420 726 enim
440 664 540 726 literas
559 683 665 726 novem
683 665 718 726 ad
737 660 855 726 Patrem
873 683 907 725 ac
925 660 1087 726 Veritatem
1108 661 1254 747 pertinere

102 785 139 828 ex
160 785 196 828 eo
214 775 315 850 potare
333 766 422 829 debes
442 766 517 850 qnod
534 779 632 828 mutae
648 777 733 844 saint,
765 765 820 828 boc
837 777 882 828 εει
901 765 998 828 ell’erri
1016 765 1254 850 pronuntiarique

101 877 257 952 nequeant.
305 865 507 932 semivocales
527 879 594 932 octo
618 866 718 931 Verbo
743 865 886 952 Vitaeque
908 869 1076 930 tribuendae
1098 877 1183 945 sunt,
1218 887 1254 929 eo

101 970 175 1054 quod
195 971 282 1034 medii
302 970 450 1034 cuiusdam
469 971 587 1055 generis
604 981 672 1034 sunt
691 980 785 1034 motos
805 971 882 1034 inter
900 991 935 1033 ac
953 970 1089 1048 uocales,
1122 980 1209 1052 atque
1225 979 1255 1032 ει

100 1072 283 1157 superiorum
299 1073 502 1161 prollueptiam
519 1084 549 1136 et
562 1074 732 1136 interiorum
751 1071 947 1136 habitudinem
963 1073 998 1134 ad
1013 1093 1080 1136 sese
1097 1071 1252 1156 recipiunt.

101 1173 230 1239 Vocales
248 1176 351 1240 deinde
367 1189 479 1260 septem
497 1173 593 1238 llomo
610 1187 696 1260 atque
709 1171 846 1240 Ecclesia
860 1175 915 1238 sibi
930 1175 1092 1252 vindicant,
1116 1173 1252 1258 quoniam

99 1301 161 1341 nox
181 1279 217 1342 ab
235 1275 361 1342 llomine
379 1277 517 1364 prodiens
534 1278 671 1342 universa
687 1277 783 1341 linxit.
829 1275 922 1341 Vocis
939 1279 1015 1342 enim
1035 1297 1126 1342 sonus
1145 1287 1253 1340 certam

100 1381 143 1444 eis
164 1383 286 1444 formam
303 1381 446 1444 attribuit.
492 1379 587 1465 lgitnr
603 1392 670 1445 octo
689 1379 790 1444 Verbo
808 1401 842 1444 ac
857 1379 946 1445 Vitae
964 1379 1160 1458 conveniunt,
1192 1375 1253 1442 llo·

101 1483 172 1546 mini
189 1494 277 1567 atque
292 1481 449 1548 Ecclesiae
464 1496 588 1570 septem,
613 1481 694 1548 Patri
710 1505 744 1546 ac
758 1480 885 1546 Vanitati
903 1503 1020 1546 novem.
1056 1479 1141 1564 erod
1157 1491 1253 1545 autem

97 1587 176 1650 ratio
193 1607 250 1650 non
266 1587 339 1650 satis
354 1597 516 1666 coarctaret,
540 1587 566 1650 is
583 1587 630 1671 qui
648 1586 678 1650 iu
694 1583 784 1650 Patre
801 1585 946 1650 stabilitus
962 1597 1025 1649 erat
1041 1587 1177 1671 delapsus
1194 1594 1251 1662 est,

99 1691 133 1750 ad
158 1709 283 1772 eumque
304 1711 322 1752 a
345 1711 402 1774 quo
424 1689 575 1754 seiunctus
598 1692 691 1752 luerat
713 1709 814 1752 eorum
836 1709 911 1773 quae
933 1690 1011 1752 lacta
1030 1699 1131 1752 essent
1145 1687 1255 1751 consti-

99 1793 273 1855 tuendorum
293 1793 388 1876 gratia
408 1792 564 1871 dimissus,
596 1804 628 1857 ut
646 1789 843 1856 Pleromatum
864 1791 961 1854 turritas
980 1791 1184 1875 aequalitatem
1204 1790 1255 1853 ba·

99 1894 173 1958 bens
188 1914 275 1958 unam
291 1893 320 1957 io
335 1895 469 1959 omnibus
483 1895 621 1960 virtutem
636 1905 722 1978 atque
738 1915 777 1958 ex
792 1893 926 1958 omnibus
941 1895 1020 1958 uelut
1036 1897 1158 1958 lructum
1172 1893 1255 1956 emit-

99 2009 193 2077 teret,
219 2007 277 2060 tum
295 1997 410 2061 demum
430 1999 477 2082 qui
495 2008 632 2082 septenas
651 1995 774 2060 babebat
791 2007 962 2061 octonarum
979 1998 1037 2062 vim
1056 1997 1197 2074 obtinuit,
1221 2015 1255 2057 ac

99 2100 164 2164 loca
183 2101 247 2185 ipsa
263 2099 319 2163 tria
335 2121 522 2164 numerorum
539 2112 606 2164 sunt
625 2103 701 2164 lacta
716 2099 833 2178 similia,
858 2100 912 2163 boc
928 2110 975 2164 est
989 2096 1158 2184 ogdoades,
1182 2117 1255 2182 quae

98 2201 216 2288 quidem
240 2202 304 2266 loca
328 2223 392 2266 cum
414 2201 442 2266 io
463 2221 530 2266 sese
549 2203 606 2266 tria
624 2201 859 2282 concurrissent,
891 2223 1042 2266 numerum
1062 2199 1166 2286 viginti
1186 2221 1256 2284 qua·

99 2317 167 2369 tuor
191 2303 362 2368 ell'ccerunt.
408 2302 469 2368 Sed
491 2305 635 2369 elementa
656 2306 711 2370 tria
730 2309 819 2390 (quae
839 2305 958 2367 totidem
976 2305 1133 2368 virtutibus
1153 2303 1254 2367 coniu-

97 2419 167 2492 gata
183 2407 352 2485 essedicit,
377 2427 450 2491 quae
467 2418 535 2470 sunt
551 2429 672 2471 numero
688 2429 754 2485 sex,
779 2429 795 2470 a
812 2407 917 2492 quibus
932 2407 1036 2491 viginti
1053 2417 1178 2490 quatuor
1195 2406 1255 2467 elc-

96 2520 197 2573 menta
213 2507 431 2594 profluxerunt)
446 2510 651 2593 quadrifariam
666 2509 878 2595 inexplicabilis
897 2509 1037 2574 Tetradis
1052 2509 1167 2572 ratione
1182 2508 1255 2570 mul·

97 2612 250 2698 tiplicata,
281 2613 462 2696 eundemque
485 2633 550 2676 cum
572 2613 644 2697 ipsis
662 2633 814 2677 numerum
831 2611 975 2692 officiunt,
1007 2633 1081 2697 quae
1100 2611 1164 2674 eius
1179 2611 1254 2694 qnod

97 2714 245 2779 nominari
261 2715 360 2800 nequit
378 2713 495 2800 propria
512 2735 580 2779 esse
596 2715 681 2778 dixit.
728 2713 772 2779 Ea
788 2735 876 2802 porro
894 2737 911 2778 a
930 2715 1022 2780 tribus
1037 2714 1148 2801 portari
1163 2714 1255 2777 virtu·

96 2818 194 2896 tibus,
225 2817 261 2881 ad
284 2817 501 2902 inaspectabilis
524 2819 693 2903 exemplar3
728 2839 849 2903 quorum
873 2819 1083 2882 elomentorum
1113 2818 1254 2901 imagines

97 2921 231 3007 duplices
249 2939 315 2984 csse
331 2921 433 2986 literas
450 2931 584 3000 nostras,
610 2941 685 3006 quae
703 2931 827 3006 quatuor
842 2932 872 2986 et
886 2921 989 3006 viginti
1004 2921 1097 2986 literis
1115 2941 1255 2988 aurumne-

96 3034 183 3088 ratae
208 3045 274 3086 eum
298 3045 449 3088 numerum
473 3023 616 3102 conflant,
640 3025 689 3108 qui
712 3025 831 3109 triginta
854 3024 1042 3111 proportione
1063 3025 1233 3109 respondet.

185 3121 279 3190 Cuius
299 3127 421 3191 rationis
440 3128 757 3211 administrationisque
779 3129 901 3192 lructum
922 3127 1110 3192 similitudine
1131 3127 1253 3210 quadam
1272 3136 1396 3204 capvtt.

96 3229 238 3293 extitisse
256 3241 357 3293 censet
373 3230 454 3292 illum
474 3233 522 3313 qni
544 3240 608 3314 post
627 3231 689 3296 dies
707 3251 764 3294 sex
780 3230 811 3294 in
830 3241 956 3294 montem
974 3241 1094 3314 quartus
1110 3228 1407 3305 ascenditurnnnar.

97 3343 125 3394 ει
144 3342 253 3396 sextus
275 3334 450 3410 satiamus,
483 3333 530 3416 qui
549 3335 715 3412 descendit,
748 3345 777 3396 et
799 3333 828 3396 in
847 3332 1026 3396 hebdomade
1042 3333 1177 3394 detentus
1195 3339 1252 3408 εει,

96 3435 144 3517 qui
168 3435 247 3497 idem
270 3433 391 3498 illustris
412 3436 580 3499 octonarius
602 3446 664 3514 cst,
701 3446 731 3498 et
752 3453 866 3498 omnem
888 3435 918 3498 in
938 3453 1006 3498 sese
1025 3453 1175 3497 numerum
1195 3433 1255 3496 ele-

96 3548 264 3600 mentorum
281 3537 499 3623 complectitur,
530 3557 634 3622 qoem,
668 3557 732 3600 cnm
750 3535 884 3621 baptismi
901 3557 1006 3600 caussa
1024 3535 1173 3614 venisset,
1205 3556 1255 3597 co·

95 3638 216 3704 lumbae
235 3640 363 3726 allapsus
386 3639 531 3718 ostendit,
564 3659 637 3723 qnae
660 3651 706 3703 est
727 3641 758 3699 st
780 3650 811 3703 et
827 3648 865 3700 A.
909 3635 1059 3702 Numerus
1079 3637 1155 3702 enim
1175 3637 1407 3706 illiusbtcttt-ttt

96 3752 143 3804 est
162 3736 305 3806 DCCCl.
351 3740 436 3826 Quae
454 3762 557 3806 caussa
579 3743 633 3820 sit,
666 3761 719 3805 cur
736 3739 860 3828 Moyses
879 3752 967 3806 sexto
990 3742 1036 3805 die
1054 3752 1184 3806 creatum
1203 3741 1255 3804 bo·

96 3899 117 3944 st
132 3899 231 3960 quidem
247 3905 287 3946 ter
304 3901 379 3948 uertit
695 3911 770 3960 penes.

131 3967 172 4015 19.
192 3967 228 4015 lto
252 3967 416 4028 corripendum
436 3972 486 4017 not
508 3981 537 4016 ca
557 3965 662 4016 Pseudo·
729 3965 753 4016 ¹2.
767 3963 904 4032 πεφηνέναι
912 3967 980 4014 codd.
989 3967 1170 4026 Venetl’ora'a,
1183 3965 1256 4014 Psen-

97 4033 199 4096 Orr'peae
213 4037 235 4080 ιι
251 4036 297 4082 t'at.
310 4035 447 4096 lnterprrtc,
463 4037 503 4098 qut
516 4037 585 4086 uertit
600 4049 663 4100 quaa
694 4035 849 4097 ato-ortpcaes
861 4039 883 4084 at
897 4035 943 4084 Vct.
953 4037 1042 4086 trennea'
1055 4035 1177 4096 latrrpres.
1202 4033 1256 4082 t'ul·

96 4097 167 4150 dicit.
203 4102 269 4180 libri
286 4102 370 4150 babeat
386 4096 498 4166 ἀφίησιν.
601 4173 606 4182 .
694 4118 725 4166 qo
741 4101 886 4186 aequalina.

128 4167 172 4218 20.
191 4165 303 4228 ιικοιωι,
317 4171 380 4230 qnod
393 4185 446 4219 cuna
459 4171 662 4232 Pseudo-Onpcnt
728 4171 754 4222 3.
769 4169 870 4236 oppipare
884 4167 914 4232 ’ἐξ
930 4171 982 4220 eoo.
999 4172 1053 4220 Van.

96 4241 117 4284 et
131 4237 180 4286 Vct
186 4238 312 4299 lnterprete
324 4251 401 4288 omnes
412 4241 465 4287 libri
479 4244 578 4300 tueatur,
592 4241 662 4288 Peto·
728 4236 752 4288 4.
770 4235 915 4308 καταβάντα
929 4237 973 4290 και
985 4235 1144 4303 sonantiora
1154 4237 1256 4287 Pseudo-

96 4305 150 4354 rinc
159 4307 254 4354 uncinis
265 4307 362 4355 ιιιιαυιι.
384 4307 516 4358 thdlcontt
524 4309 662 4358 ιιαεειιιιιιι.
698 4309 808 4370 ornem
824 4313 845 4356 ct
864 4309 910 4356 Vct.
923 4309 1044 4369 lnterpres.

128 4374 173 4424 21.
190 4367 220 4434 ἳξ
237 4373 313 4428 διπλᾶ
329 4375 396 4423 nnbat
410 4377 645 4438 Prendo-Origenes.
729 4375 754 4425 b.
772 4367 799 4428 iio
816 4376 893 4424 adtecl
907 4388 937 4425 ea
952 4376 998 4426 Vct.
1012 4375 1136 4436 latarprete
1149 4379 1171 4424 et
1183 4375 1257 4424 Pren-

128 4441 173 4491 ‘22
192 4441 225 4508 τῇ
249 4444 343 4504 amand
363 4456 392 4492 ea
409 4445 625 4505 Pseudo-Ortqrne
641 4448 663 4494 et
697 4443 860 4505 do-Ortpaae.

98 4511 291 4572 Vatlraterprete.
314 4511 442 4572 Epipbnntt
452 4514 505 4562 libri
513 4513 597 4561 babent
605 4511 663 4564 caia.
729 4508 754 4562 6.
778 4506 811 4564 δι’
836 4505 945 4576 ἀριθμοῦ
971 4509 1124 4576 balconium
1151 4505 1255 4564 ὀκτακο-

130 4577 195 4628 ὓιε.
206 4579 261 4632 vu.
272 4604 306 4618 -
320 4581 343 4631 ι.
355 4573 490 4646 ἀναλογίας
502 4581 663 4632 Pseudo-Ort·
697 4577 760 4633 atus
776 4575 832 4639 ὶιός
848 4579 940 4631 Pande
948 4603 959 4618 ·
967 4579 1083 4642 Onoraea
