3078 5012
322 351 457 406 raanan
474 351 536 404 mn.
550 353 569 402 1.
586 351 666 404 rou.
679 353 723 402 nr.
739 351 838 401 nasa.
852 349 931 401 xnn.
1040 367 1044 374 2
1138 338 1199 402 609

56 467 185 533 Possum
207 479 237 534 ot
255 469 406 535 innumera
428 471 483 536 alia
500 441 691 558 percensere,
725 491 789 534 eum
808 468 980 556 praesertim
995 488 1016 534 a
1031 467 1146 534 domino
1162 469 1200 534 sit

61 573 187 652 dietum,
210 576 247 636 Si
258 579 354 654 Moysi
366 579 532 650 crederetis,
556 577 706 636 crederetis
712 575 840 656 forsitan
853 584 883 634 et
894 574 971 634 nott.
1017 573 1058 632 He
1072 594 1115 632 me
1129 577 1200 634 enon
1211 590 1349 648 teneasne

56 677 110 735 ilie
131 679 255 756 scripsit.

144 773 246 842 Scbol.
263 775 415 843 XXVIII.
447 775 575 860 Deerat,
598 784 749 860 Propterea
765 789 794 839 et
808 781 943 858 sapientia
959 781 1007 838 dei
1020 781 1107 850 dinei,
1131 779 1200 838 Mit-
1212 789 1309 846 tauers,
1319 791 1350 834 aa.

57 891 114 941 torn
131 883 169 942 ad
185 883 250 942 o'ttoe
259 885 427 962 propbetas,
461 892 490 945 et
508 883 543 945 de
559 883 700 966 sarrguiue
718 879 881 944 Zachariae
898 890 928 944 et
941 878 1017 944 Abel
1035 890 1063 943 et
1079 879 1201 964 propbe-

58 993 173 1062 tarum,
198 986 332 1060 (iroonaitm
353 988 514 1065 requiretur
534 1005 551 1046 a
571 990 752 1066 generatione
771 987 834 1045 boo.

142 1083 244 1148 Reiut.
262 1082 412 1150 XXVIII.
446 1085 606 1150 Enimvero
627 1107 766 1150 summam
790 1085 835 1150 bie
855 1084 924 1165 tibi,
954 1081 1087 1163 Marcio,
1118 1084 1199 1148 loeus

54 1186 246 1270 ignominiam
261 1187 367 1267 inurit,
392 1210 456 1252 eum
476 1177 608 1253 veritatis
625 1189 717 1253 adbuo
732 1190 846 1272 integra
862 1189 953 1251 iurrnu
970 1187 1072 1250 relicta
1088 1187 1143 1267 sit,
1167 1209 1201 1250 ae

56 1290 156 1354 turtim
178 1310 195 1354 a
218 1301 246 1354 te
263 1289 376 1354 subbata
393 1291 579 1376 mutilataque
598 1292 662 1355 losa
680 1291 762 1355 iaoiIe
780 1291 978 1376 reperiantur,
1009 1310 1042 1353 ae
1061 1310 1134 1373 quae
1152 1289 1201 1352 de-

56 1401 143 1471 suut,
166 1393 196 1456 in
212 1389 365 1476 Evangelii
381 1394 538 1457 seeundum
554 1391 664 1458 Lunam
681 1393 894 1479 exemplaribus
908 1393 1040 1477 legantur
1055 1391 1199 1471 omnibus,

56 1506 90 1558 nt
111 1515 187 1578 quae
208 1495 259 1559 abs
282 1506 311 1558 te
332 1505 401 1560 suut
421 1495 587 1561 interversa
608 1497 776 1581 prodantur.

144 1593 244 1661 Sobol.
262 1595 386 1661 XXIX.
420 1603 489 1660 Dico
510 1611 600 1660 autern
622 1604 719 1661 arnior's
739 1604 821 1672 meib,
852 1599 948 1660 Nolite
969 1602 1131 1662 onerosos
1153 1603 1337 1680 an‘cspnne

55 1703 191 1761 merdant
204 1723 322 1781 corpses:
355 1705 447 1762 tristete
463 1723 527 1763 uero
545 1724 623 1777 earn,
653 1707 704 1784 qui
714 1713 860 1783 postquam
879 1704 1014 1762 accederit
1027 1703 1111 1763 babet
1122 1713 1200 1781 pote·

54 1815 156 1864 etatem
170 1807 299 1864 mittendi
309 1808 338 1864 in
355 1807 501 1865 Geennum.
532 1801 598 1868 Nee
614 1803 737 1867 habebnt
751 1803 837 1868 iIIud:
857 1805 957 1865 Nonne
972 1807 1092 1885 quinque
1103 1825 1200 1884 passe·

55 1927 103 1967 res
118 1917 238 1968 veneant
252 1910 407 1988 dupondio,
431 1919 459 1970 et
474 1929 546 1968 unns
565 1931 602 1968 ee
619 1909 677 1969 iilis
693 1929 748 1970 non
768 1919 812 1968 est
828 1911 857 1968 in
873 1907 1008 1968 obliuione
1025 1927 1119 1968 eoram
1134 1909 1201 1967 dei?

141 2109 244 2174 uetur.
259 2107 383 2175 XXIX.
414 2109 499 2210 ¹Haeo
518 2111 580 2196 ipsa
597 2111 703 2175 verba:
735 2116 805 2173 Dira
820 2134 872 2192 ego
888 2116 984 2174 anubis
1000 2116 1082 2185 ineis,
1107 2114 1202 2172 Nolite

57 2220 158 2276 ttinere
172 2236 218 2274 eos
235 2219 285 2294 qui
296 2218 426 2277 occidant
439 2237 556 2296 eorpus.-
589 2219 676 2278 trinita
691 2237 755 2276 nero
770 2236 830 2275 euna
846 2219 897 2295 poi
906 2226 1052 2295 postquam
1068 2217 1203 2276 occiderit

56 2338 162 2397 eorpus
179 2317 262 2378 babet
272 2327 437 2397 potestaten
452 2321 581 2380 nrr'ttendi
591 2323 709 2380 aninam
725 2322 754 2378 in
770 2321 921 2390 Geennam,
945 2315 1098 2401 parabolae
1115 2316 1200 2379 etiam

54 2419 170 2504 reliqua
187 2417 270 2482 interi
288 2428 317 2482 te
331 2429 449 2504 cogunt.
496 2417 613 2483 Etenim
626 2420 689 2482 sine
705 2418 750 2482 dei
765 2429 836 2482 nutu
852 2418 921 2482 nihil
936 2418 1054 2481 orunino
1069 2419 1200 2503 geritur3

53 2521 190 2607 quamvis
208 2519 283 2606 quod
301 2522 336 2584 de
354 2520 520 2606 passeribus
533 2521 671 2606 seriptum
687 2531 733 2584 est
748 2522 876 2586 auferas.
921 2515 1012 2604 Igitur
1026 2520 1062 2584 de
1075 2520 1111 2584 iis
1129 2542 1202 2606 quae

52 2626 84 2688 in
103 2623 159 2686 bae
174 2622 319 2686 sententia
333 2623 468 2688 dieantur
484 2623 629 2688 reddenda
644 2622 695 2686 tibi
711 2623 784 2686 ratio
799 2633 859 2702 est,
885 2646 901 2688 o
917 2622 1042 2690 Mareia.
1087 2624 1134 2688 Ae
1151 2645 1202 2688 ve·

52 2726 106 2789 lim
125 2723 196 2788 mibi
213 2725 390 2810 respondeas
412 2726 479 2811 quid
504 2727 539 2790 de
559 2747 594 2790 eo
611 2746 733 2790 censeas
752 2725 800 2810 qui
818 2737 989 2812 potestatem
1008 2727 1115 2792 babere
1133 2727 1203 2792 dioi-

53 2840 117 2893 tur.
162 2823 196 2892 Si
214 2827 290 2891 enim
310 2838 420 2914 patrem
438 2829 519 2893 ilium
537 2825 647 2894 Christi
670 2848 736 2892 esse
756 2829 884 2909 dixeris,
915 2831 1094 2916 eundemque
1117 2851 1202 2915 quem

53 2943 83 2996 tu
104 2931 214 2994 bouum
233 2951 300 2994 esse
317 2931 401 2995 deum
417 2932 583 3016 praedicas,
607 2931 663 2996 etsi
679 2931 753 2996 maie
770 2942 800 2996 tu
816 2933 928 3018 quidem
944 2953 1080 3019 separas,
1106 2945 1200 2998 tomen

53 3032 194 3118 quoniam
212 3041 354 3117 potestate
370 3035 517 3118 praeditus
531 3045 587 3114 est,
611 3035 734 3100 iudieem
750 3056 816 3100 esse
830 3035 989 3115 eonbteris,
1013 3035 1060 3120 qui
1076 3056 1129 3120 pro
1143 3056 1202 3098 me-

52 3135 122 3200 ritis
135 3132 199 3198 suis
213 3136 433 3220 unumquodque
448 3149 627 3223 compenset.
662 3138 722 3202 Aut
733 3137 757 3202 si
771 3138 858 3201 alium
875 3159 939 3200 esse
954 3139 1115 3221 quempiam
1130 3139 1203 3201 iudi-

51 3259 126 3315 eas,
158 3237 336 3302 conditorem
355 3239 484 3317 seilicet,
515 3263 598 3324 quem
616 3251 646 3303 tu
664 3239 778 3325 proprie
793 3239 915 3302 iudieem
933 3240 1102 3319 constituis,
1129 3242 1200 3304 aedo

52 3343 121 3425 quis
146 3339 174 3402 ei
194 3349 365 3424 potestatem
387 3341 575 3406 oommiserit.
621 3339 704 3406 Hane
726 3341 801 3403 enirn
825 3342 850 3405 si
870 3341 955 3405 babet
973 3341 1035 3426 ipse
1053 3361 1106 3426 per
1120 3363 1198 3420 sese,

52 3462 182 3526 magnus
198 3442 296 3526 utique
310 3455 372 3522 ert,
398 3465 431 3508 ae
449 3453 591 3528 potestate
607 3442 765 3528 praeditus.
812 3439 895 3526 Quod
914 3445 938 3506 si
954 3443 1097 3507 iudicandi
1112 3463 1200 3528 penes

52 3567 121 3608 eum
142 3544 265 3620 facultas
284 3557 346 3625 est,
379 3546 435 3610 erit
456 3556 486 3610 et
505 3545 653 3610 servandi.
699 3540 758 3627 Qui
777 3545 853 3609 euim
869 3544 1096 3609 iurisdietionem
1114 3565 1201 3612 exer·

52 3637 123 3712 sere
140 3656 254 3732 potest,
278 3657 374 3732 potest
390 3657 419 3711 et
433 3647 599 3712 absolvere.
644 3644 814 3725 Praetereo,
838 3647 862 3710 si
878 3668 941 3710 euru
955 3648 1042 3710 iudex
1057 3647 1086 3710 in
1102 3643 1200 3712 Geen-

52 3748 313 3835 nam'praeoipites
330 3749 457 3813 immittit
472 3750 601 3830 animas,
625 3748 718 3812 bonus
735 3748 782 3813 ille
797 3751 879 3827 deus,
904 3748 951 3834 qui
967 3761 1074 3814 tantam
1092 3751 1200 3814 anima·

51 3873 118 3914 rum
135 3871 235 3914 curam
250 3851 338 3934 gerit,
359 3872 417 3916 non
434 3873 484 3917 eas
499 3851 614 3932 liberat,
634 3851 734 3916 baberi
749 3851 840 3916 bonus
854 3851 902 3936 qui
918 3852 1041 3936 poterit?
1061 3865 1111 3917 aut
1124 3853 1200 3918 enim

50 3953 101 4018 ille
117 3952 226 4016 tortior
241 3963 301 4032 est,
326 3975 380 4018 neo
395 3975 435 4018 ex
451 3955 516 4019 eius
533 3953 664 4018 manibus
680 3964 856 4039 extorquere
871 3962 976 4038 potest,
1002 3966 1050 4019 aut
1066 3967 1097 4020 ut
1113 3957 1200 4020 taoul·

50 4065 96 4119 tas
113 4064 263 4140 suppetet,
287 4057 371 4120 deest
387 4067 484 4122 tamen
501 4055 641 4120 liberandi
657 4057 801 4122 voluntas.
846 4053 968 4121 Ubinam
984 4057 1073 4142 igitur
1086 4058 1135 4122 illa
1149 4059 1200 4122 bo·

51 4157 132 4221 nitas
157 4158 222 4221 est?
265 4155 318 4223 Sin
338 4159 471 4243 quoniam
492 4159 567 4222 aiter
584 4158 633 4222 ille
650 4159 791 4239 condidit,
825 4159 889 4223 ideo
910 4171 939 4223 et
957 4160 1101 4226 iudicandi
1119 4172 1200 4245 pote-

49 4270 114 4324 stas
133 4259 164 4323 ei
180 4258 327 4340 tribuitur,
351 4259 494 4346 quomodo
515 4281 667 4346 supremus
683 4262 746 4342 iIIe,
771 4282 854 4346 quem
871 4262 966 4346 bogis,
990 4263 1061 4327 deos
1078 4264 1200 4327 nonnul·

48 4361 94 4426 los
115 4383 159 4426 ex
182 4361 275 4446 aliqua
295 4374 376 4448 parte
394 4364 521 4430 Iiberare
539 4364 663 4427 dieitur?
706 4361 778 4428 Sive
797 4364 873 4428 enim
888 4365 982 4428 aliena
998 4366 1113 4448 rapiens
1130 4387 1200 4430 eon·

49 4473 174 4543 seruat,
199 4463 332 4529 iniuriam
351 4467 503 4553 eupiditate
525 4487 577 4530 sua
595 4465 662 4529 taeit
678 4465 778 4545 alteri,
802 4465 865 4536 sive
881 4477 1031 4551 propterea
1049 4488 1138 4552 negas
1154 4467 1199 4532 in-

47 4567 160 4632 iuriam
179 4587 261 4646 esse,
285 4569 359 4651 quod
377 4569 412 4633 ad
425 4569 533 4635 boumn
549 4569 668 4633 alieuius
684 4589 717 4633 ao
732 4569 853 4634 salntem
868 4570 985 4647 referat,
1009 4589 1198 4656 personarum

101 4667 198 4724 corpus
212 4664 346 4713 ffleraaeot.
360 4666 387 4712 tt.
957 4675 997 4739 39
