3078 5012
335 273 471 327 aaaron
491 240 552 324 ure.
570 273 587 323 1.
605 269 686 323 rou.
703 271 746 321 m.
763 269 862 320 mnes.
878 271 960 321 xuir.
1166 255 1227 320 577

153 389 255 456 XLII.
287 392 334 456 Ad
357 393 429 456 liaeo
450 392 594 474 integram
613 391 736 455 absoidit
757 391 880 454 duorum
901 389 1023 452 liliorum
1044 389 1224 473 parabolam,
1239 403 1295 503 alapa.
1308 404 1342 459 rs,

68 496 134 559 eius
157 495 293 559 videlieet
316 494 362 579 qui
386 494 527 560 bonorum
552 504 662 579 partem
685 494 863 572 abstulerat,
888 503 917 555 et
940 493 1072 557 alterius.
1323 485 1329 498 '

155 594 273 661 XLIII.
307 601 369 659 Len
389 609 419 659 et
435 601 590 679 prophetae
611 619 698 679 oeque
718 601 758 658 ad
773 601 919 670 Ioannem,
952 607 982 656 et
1002 600 1091 656 omnis
1108 601 1137 658 in
1155 599 1228 658 illud
1240 608 1337 668 cipro,
1348 610 1379 657 re

68 707 124 764 uim
140 704 228 784 feeit.

155 800 272 866 XLIV.
305 799 351 866 [ie
373 800 463 864 divite
485 813 516 865 et
532 799 651 866 Lazaro
669 802 819 881 mendico,
853 802 1091 886 quemadmodum
1114 801 1344 866 delatorum.

69 917 117 970 est
140 904 176 969 ab
201 903 315 988 augelis
337 903 367 967 in
390 905 484 968 sinum
510 904 662 968 Abraami.

157 1004 259 1072 XLV.
292 1012 377 1070 Nune
399 1031 464 1069 vero
486 1011 532 1069 lie
553 1011 717 1070 consolatur
737 1013 880 1070 Lazarus.
1242 1019 1300 1068 ltro
1313 1024 1345 1068 aa.

157 1107 273 1174 XLVI.
306 1115 390 1172 Dricit
401 1113 540 1186 Adrum,
566 1113 678 1172 Habent
689 1115 813 1191 Moysen
828 1123 858 1172 et
864 1114 1028 1192 prophetae,
1054 1116 1129 1192 ipsos
1144 1115 1226 1174 andi·
1240 1125 1298 1168 totu.
1312 1126 1346 1169 aa.

69 1227 138 1276 ant.-
161 1217 382 1295 quandoquidem
404 1235 493 1295 neque
512 1219 542 1276 εἰ
560 1219 624 1295 quio
644 1235 662 1274 a
683 1218 802 1274 mortuis
822 1219 1016 1276 resurreaerr't
1035 1219 1161 1276 audient.
1225 1213 1230 1224 ’

159 1312 291 1379 XLVII.
325 1313 451 1380 Sustulit
479 1316 553 1379 ista:
586 1320 694 1390 uetito,
727 1321 855 1397 quomam
881 1321 959 1378 serui
978 1319 1091 1378 irretitas
1114 1339 1227 1393 sumum
1247 1330 1385 1388 euplum.

69 1423 150 1502 qood
168 1421 314 1481 debuimus
332 1422 446 1502 faeere,
462 1422 597 1502 ferimus.

158 1519 305 1586 XLVIII.
339 1518 464 1603 Quando
482 1531 675 1584 ooourreruut
691 1521 811 1606 leprosi,
857 1518 925 1603 Quo
945 1521 974 1584 iu
994 1523 1059 1586 looo
1077 1523 1166 1586 multa
1184 1543 1231 1586 re·
1244 1537 1301 1582 rote.
1315 1540 1346 1582 ra.

70 1627 187 1704 secuit,
210 1635 297 1708 atque
315 1625 355 1687 ita
371 1625 504 1709 scripsit:
535 1627 575 1686 Et
590 1629 851 1698 mulierositatem,
878 1628 1020 1687 Ostendire
1038 1645 1085 1687 uos
1100 1629 1232 1688 aaaerdo-

71 1732 167 1791 trdus.-
199 1750 233 1790 ao
251 1749 303 1811 pro
320 1727 385 1790 aliis
403 1727 459 1790 ulia
475 1725 617 1806 subiecit,
649 1727 690 1790 ita
708 1727 896 1812 oonoIpIeus:
928 1732 1114 1790 Muranum
1131 1733 1238 1809 leprosi

71 1839 101 1894 in
120 1833 218 1894 diebus
237 1833 348 1892 Elusaei
359 1833 529 1912 prophetae,
554 1842 584 1891 et
602 1853 681 1892 nemo
697 1842 815 1892 eurotas
835 1843 879 1891 est
896 1836 955 1893 nelei
972 1835 1109 1894 Naamam
1128 1835 1230 1911 Syrus.

159 2033 281 2099 XLIX.
308 2040 427 2098 Venient
439 2040 514 2111 drea,
540 2040 650 2117 qrmndo
665 2039 859 2098 desiderabitis
876 2039 970 2098 uellere
984 2059 1068 2099 unum
1082 2061 1120 2100 en
1135 2040 1232 2100 diebus
1245 2050 1301 2095 loru.
1316 2053 1350 2096 n.

61 2143 136 2222 fiat
154 2143 285 2202 domitii.

162 2238 201 2304 L.
234 2245 316 2302 Drioit
329 2245 496 2322 etquidem,
522 2245 664 2322 Mogriter
676 2239 761 2315 done,
786 2246 855 2322 quid
865 2244 976 2324 lauaem
991 2247 1075 2304 uitam
1091 2253 1234 2304 aeternam
1248 2255 1304 2312 cup.
1313 2258 1345 2312 ro,
1359 2259 1389 2300 ra.

68 2345 247 2426 possidebo?
289 2345 386 2406 Nolite
402 2366 445 2404 me
460 2348 553 2406 aiem
570 2347 687 2406 doniam:
715 2348 791 2406 tinus
809 2356 853 2404 est
866 2345 965 2405 donus.
1013 2343 1132 2407 Adiecit
1150 2365 1234 2422 vero,

72 2451 173 2510 Pater.
221 2442 281 2509 Sed
298 2455 328 2509 et
342 2466 394 2530 pro
410 2466 447 2509 eo
464 2447 540 2530 quod
557 2457 618 2524 est,
649 2450 894 2520 Mondotonoati,
929 2445 1048 2530 scripsit
1063 2446 1129 2527 ille,
1153 2451 1238 2510 Mon·

73 2556 146 2612 dota
168 2553 242 2610 noui.

165 2647 220 2714 LI.
249 2655 365 2712 Furtum
387 2663 479 2713 annm
501 2663 545 2712 est
564 2674 626 2712 eum
644 2657 884 2734 appropinquaret
899 2654 1025 2726 Ieri'odo,
1060 2674 1159 2716 oaeous
1177 2656 1236 2715 ela·
1250 2667 1307 2712 tuta.
1320 2669 1353 2714 aa.

73 2756 190 2828 modat,
221 2758 286 2816 lesu
298 2757 365 2834 filii
382 2757 490 2829 David,
523 2759 655 2816 nirierere
676 2759 746 2816 mei!
789 2759 831 2816 Et
847 2776 909 2815 erim
928 2767 1046 2816 eurania
1064 2768 1152 2832 esset,
1184 2761 1236 2832 ait,

73 2861 165 2919 Filios
187 2868 235 2918 tua
258 2869 285 2918 te
305 2860 413 2918 salvum
428 2859 514 2939 serit.

166 2956 237 3021 LII.
267 2955 418 3022 Mutilavit
437 2959 512 3023 ista:
545 2966 706 3042 Assumptus
724 2963 867 3022 domarim
885 2966 942 3035 ait,
975 2965 1050 3022 ane
1065 2965 1353 3023 macedonianorum.

76 3063 314 3141 Hierosolymam,
338 3072 368 3122 et
380 3065 645 3124 consummabuntur
660 3069 752 3125 omnin
767 3086 839 3143 quae
854 3068 961 3145 scriptu
977 3075 1046 3126 siant
1052 3086 1107 3144 por
1118 3066 1240 3144 prople-

76 3179 124 3228 tas
141 3170 178 3226 de
185 3167 255 3244 filio
271 3166 407 3226 lomina:
432 3169 571 3240 audetur,
591 3170 744 3240 oomiiolnr,
770 3179 799 3227 et
813 3171 896 3226 tertia
911 3170 957 3226 dra
972 3179 1113 3246 resurget.
1158 3164 1240 3229 Haeo

76 3267 181 3331 omnia
204 3265 332 3328 sustulit.
433 3291 440 3296 ¹·

167 3365 252 3432 LIII.
283 3365 441 3452 Expunxit
458 3381 488 3433 et
505 3380 592 3454 eaput
608 3369 674 3433 illud
693 3371 729 3434 de
746 3370 848 3448 asino,
883 3367 1052 3456 Bethphage
1070 3381 1100 3434 et
1117 3369 1187 3434 urbe
1205 3386 1393 3444 aucupiam.

78 3471 209 3556 ternplo:
235 3473 370 3548 Quoniam
384 3477 520 3553 seriptum
533 3484 592 3546 est,
617 3478 722 3534 Domus
739 3495 799 3535 mea
814 3479 912 3536 domas
930 3478 1068 3534 oraminis
1083 3476 1237 3549 uocabitur,
1254 3489 1312 3536 retu.
1323 3492 1355 3536 tt.

75 3587 108 3636 et
120 3575 227 3658 sueini
248 3593 308 3633 eum
329 3576 489 3653 speluncam
511 3579 662 3637 latronum.

170 3671 257 3738 LIV.
289 3679 329 3738 Iit
350 3681 530 3758 quaesierunt
551 3683 667 3740 iniicere
687 3700 786 3742 manus
807 3685 836 3742 in
858 3683 954 3753 a'llum,
979 3692 1007 3740 et
1029 3683 1191 3742 tr'muerunt.
1259 3696 1394 3754 caprena.

170 3879 241 3946 LV.
273 3878 346 3946 Item
364 3882 443 3946 illum
461 3883 577 3946 induxit
593 3883 687 3948 looum
710 3907 766 3968 qoo
789 3884 824 3947 de
844 3883 904 3948 vite
924 3885 972 3948 illa
990 3885 1086 3968 agitur
1102 3885 1240 3970 agricolis
1254 3900 1310 3945 rua
1324 3904 1344 3946 o.

77 3988 193 4051 locata.
239 3985 338 4069 Atque
357 3983 411 4048 hoe
427 3985 564 4070 iusuper:
590 3991 664 4065 Quid
676 3998 719 4048 est
733 3992 839 4066 igituir,
866 3991 997 4066 Lapidem
1014 4011 1094 4069 quem
1108 3990 1242 4069 reproba·
1255 4003 1311 4048 rote.
1324 4007 1355 4052 ιτ.

77 4100 190 4154 uerunt
207 4089 411 4167 aedificantes?

172 4187 258 4254 LVI.
290 4187 409 4254 Delevit
425 4189 512 4254 illud:
539 4193 611 4268 timii
626 4213 691 4253 vero
708 4196 816 4252 mortui
827 4207 998 4274 resurgunt,
1023 4197 1137 4274 Moyses
1151 4206 1242 4256 osten·
1256 4177 1312 4262 reid.
1324 4217 1357 4260 aa.

89 4414 97 4432 ‚
116 4343 159 4398 24.
177 4347 286 4428 {mallem
302 4341 446 4412 παραβολήν
463 4360 516 4396 eum
535 4347 657 4396 Goraorio.
689 4345 801 4397 Pitonius
818 4347 992 4400 enodandum
1011 4352 1133 4412 proposuit
1152 4344 1185 4402 rol
1201 4347 1246 4402 τοῦ

78 4417 376 4552 “mildioplidllaorereol
390 4493 418 4539 ΙΙ.
1002 4506 1041 4568 37
