3078 5012
338 256 473 310 rsusnrr
488 257 552 323 qne.
562 257 582 310 ι.
599 256 679 311 uonr.
692 257 734 308 ιιι.
752 255 850 308 utun.
862 255 940 307 xnrr.
1149 243 1210 306 615

66 379 165 444 edicte
182 377 208 441 si
225 376 274 462 qai
291 397 476 462 eorrumpere
491 397 525 442 ao
541 376 700 472 depropere
718 386 876 456 conentur,
900 376 1010 461 prolata
1026 395 1066 438 ex
1083 372 1210 438 archivis

66 479 237 546 fidelissima
255 479 433 563 exemplaria
452 477 571 544 iusauos
592 478 658 542 iiius
677 479 870 562 redarguunt,
903 477 946 540 sie
965 496 981 539 e
1000 475 1123 561 palatio,
1154 475 1210 538 boo

67 594 117 646 est
133 582 258 646 ecclesia
273 593 393 660 saecu,
423 581 620 666 depromptum
637 579 819 663 evangelium
838 578 1038 664 egregiarum,
1061 589 1094 644 ut
1110 578 1151 640 ita
1167 576 1210 640 di·

68 705 152 765 cam,
175 685 299 748 vestium
323 703 475 748 arrosores
497 703 594 746 mures
617 683 700 748 facite
722 682 842 765 detegit.

156 783 258 850 schot.
274 784 432 850 XXXIX.
465 789 545 847 Hono
573 796 663 847 uatem
685 788 781 866 fidiam
804 786 920 846 Atrans
927 828 937 857 ,
968 803 1050 864 quum
1080 784 1359 862 ulb'guor'tnno.1s,1n.

69 893 203 952 Samos.
263 917 264 922 ¹

153 989 256 1054 neno.
273 988 429 1054 XXXIX.
465 984 540 1054 Cum
558 988 681 1054 rericus
703 988 835 1054 dominus
852 987 992 1054 Abraami
1016 988 1092 1052 dliae
1113 1005 1211 1050 curam

69 1091 226 1178 obsepiat,
257 1113 315 1156 nou
335 1092 391 1158 erit
410 1091 447 1154 ab
464 1111 501 1155 co
519 1091 631 1158 alienus
648 1091 824 1157 Abraamus.
870 1088 966 1175 Quem
989 1091 1042 1154 boc
1064 1089 1128 1173 ipso
1151 1087 1212 1173 pia·

69 1196 168 1260 coisse
188 1194 245 1258 sibi
267 1193 412 1272 heberet,
436 1194 513 1278 quod
533 1193 596 1260 eius
618 1193 692 1258 tibine
715 1193 915 1262 misericordia
936 1202 1099 1256 moveatur.

154 1293 255 1362 Sebol.
272 1295 342 1362 XL.
374 1293 448 1360 btem
468 1295 538 1362 iilud
559 1295 681 1362 adonin
714 1300 790 1358 Tuae
811 1297 937 1360 uidebitis
954 1296 1096 1368 Adranon,
1128 1299 1323 1356 laurentem.

70 1412 98 1460 et
112 1401 213 1474 Iacob,
237 1410 267 1462 et
279 1421 372 1462 omnes
383 1401 533 1480 propbetas
550 1403 580 1459 in
595 1420 684 1479 regno
698 1401 753 1462 dei.
799 1396 857 1462 Pro
877 1419 933 1483 qun
950 1395 1119 1482 rescripsit,
1144 1399 1211 1457 Corn

71 1524 164 1563 omnes
181 1507 269 1564 r'rrstos
284 1505 409 1563 videritis
427 1505 559 1580 ebregiso
575 1504 635 1574 dci,
668 1513 821 1563 vosautem
838 1504 977 1562 cariosos.
1024 1497 1210 1582 Adiecitque,

71 1609 203 1668 mene..
220 1607 311 1685 ero,
336 1614 384 1683 o,
407 1605 471 1672 ure
492 1614 536 1667 er
546 1607 637 1685 June
658 1614 689 1666 or
705 1607 965 1667 onerarunt...

158 1807 258 1872 Reiut.
275 1807 345 1872 XL.
378 1803 530 1890 Quomodo
546 1808 678 1872 veritatis
692 1807 816 1892 vestigia
833 1807 1006 1893 produntur!
1036 1803 1122 1872 Viam
1137 1804 1213 1870 euim

72 1911 220 1976 occultare
236 1932 320 1974 nemo
336 1918 442 1996 potest.
488 1909 534 1972 Ac
552 1909 619 1972 lieet
633 1909 764 1973 bumines
780 1910 815 1973 ab
833 1930 869 1973 eo
885 1929 1026 1972 rovocare
1042 1919 1072 1972 ct
1086 1908 1115 1972 in
1132 1929 1213 1971 erro-

72 2035 133 2078 rem
153 2014 245 2098 pessit
263 2012 424 2090 abducere,
449 2021 498 2077 aut
514 2011 626 2096 ignaris
644 2010 843 2091 dissimulem,
867 2013 942 2079 idem
963 2021 1058 2077 tamen
1077 2011 1212 2074 itinerum

72 2116 176 2202 peritis
193 2115 255 2180 deri
273 2115 387 2198 nequit,
411 2114 477 2198 quia
494 2123 589 2194 terra,
613 2114 643 2178 in
660 2136 716 2198 qua
731 2115 769 2178 sit
784 2115 925 2201 impressa
944 2115 1009 2192 ria,
1039 2113 1102 2180 tota·
1121 2113 1213 2176 tonti-

72 2229 119 2284 tus
138 2217 271 2283 emedio
289 2239 347 2283 nou
366 2226 474 2300 potest.
518 2214 558 2278 Et
573 2217 704 2302 quamvis
722 2217 793 2282 ittet
809 2216 945 2282 obscuret
960 2216 1116 2302 quispiam,
1148 2235 1213 2279 cunr

70 2321 149 2386 idern
170 2330 266 2384 tauma
287 2319 371 2385 buius
391 2319 472 2384 lucus
496 2330 662 2396 remaneat,
695 2319 744 2402 qui
766 2339 827 2382 eam
848 2318 1052 2404 depravaverit
1073 2339 1088 2381 a
1112 2317 1214 2402 peritis

72 2423 147 2488 baud
165 2421 296 2500 difficile,
319 2421 497 2506 coarguitur.
543 2417 740 2503 Quamobrem
756 2421 897 2486 cretionis
913 2421 1003 2506 ipsius
1018 2419 1159 2504 vestigia,
1184 2429 1215 2482 ct

72 2524 281 2609 consequentia
308 2524 433 2608 respice.
479 2521 563 2586 litum
593 2523 672 2589 euim
697 2525 791 2609 ipsum
818 2543 984 2593 sermotiem
1004 2523 1040 2586 ad
1061 2541 1213 2606 quemnam

73 2628 159 2691 adium
180 2637 380 2712 praeterquam
397 2626 432 2689 ad
453 2623 577 2689 ludaeos
597 2624 713 2688 babuit?
756 2622 885 2709 Quodsi
907 2623 1031 2688 ludaeos
1049 2624 1214 2708 alloqueba-

74 2741 138 2809 tur,
162 2729 222 2797 ion
236 2749 290 2796 ees
306 2729 382 2794 intus
401 2729 492 2795 fuisse
511 2728 743 2807 demonstrabat,
767 2737 796 2790 et
812 2726 985 2794 aiustorum
1003 2727 1150 2791 consortio
1167 2747 1215 2790 se-

71 2842 222 2916 gregatos.
266 2831 307 2896 At
323 2830 563 2915 veroquinarnii
579 2841 665 2910 suut,
696 2829 914 2909 uisidbraam,
944 2826 1046 2909 baso,
1077 2826 1215 2892 decubet

72 2933 252 3020 prophetae?
292 2931 362 2998 Nou
382 2933 458 3003 eu'uu
477 2931 534 2994 ait:
560 2934 693 2994 Vrdedr'ttb
710 2938 798 2996 a'ustos
811 2938 965 3007 armantes,
989 2954 1037 2994 vos
1053 2943 1144 2994 uuum
1159 2954 1213 2994 non

72 3043 227 3110 morata,
260 3035 330 3114 sed,
362 3037 495 3098 Wdeba'tr's
518 3039 605 3096 drutus
627 3039 656 3098 rio
676 3058 781 3117 regno,
815 3058 862 3098 uos
884 3048 976 3098 mrtem
994 3034 1104 3098 euersos.
1155 3031 1213 3098 Ubi

72 3138 150 3224 quod
166 3137 277 3203 eiectus
293 3139 378 3218 dicit,
407 3137 488 3222 quasi
503 3138 626 3202 futurum
643 3137 810 3218 denuntia-t,
838 3139 932 3202 iustos
947 3159 1018 3202 vero
1034 3137 1090 3204 iarn
1109 3136 1211 3203 ibidem

72 3241 187 3306 versari
210 3240 371 3326 siguificat„
403 3240 450 3324 qni
473 3259 568 3323 neque
590 3259 677 3306 carne
700 3261 793 3325 neque
816 3241 967 3304 vocatione
988 3239 1025 3304 ab
1046 3237 1104 3302 ibis
1127 3237 1214 3303 alicui

72 3355 161 3424 sunt,
190 3345 244 3416 sed
260 3342 452 3409 communiter
467 3342 562 3406 vocati
580 3352 647 3406 aute
663 3327 776 3406 Christi
791 3343 945 3407 salomonis
960 3341 1113 3408 adveutum
1131 3339 1214 3404 iusti·

73 3448 143 3520 tiam
168 3447 265 3530 adepti
283 3456 363 3512 sunt.
407 3441 468 3509 Sed
488 3443 529 3509 itti
551 3443 622 3508 ioris
640 3454 757 3510 nascor
773 3443 901 3523 soibcet,
932 3443 998 3506 dum
1016 3444 1094 3508 irtus
1113 3463 1215 3508 curum

74 3561 173 3633 patres
192 3547 331 3612 resident.
377 3544 461 3628 Quod
483 3545 538 3609 nisi
557 3546 652 3609 futura
670 3567 824 3631 corporum
842 3558 887 3610 est
902 3545 1096 3624 resurreetio,
1125 3546 1215 3612 uude-

74 3673 141 3716 nam
160 3649 287 3714 deudum
308 3650 357 3724 ibe
374 3649 483 3714 stridor
498 3646 533 3730 in
553 3647 657 3712 iudicio
679 3669 745 3714 esse
766 3659 879 3734 potest,
903 3648 988 3712 bomo
1009 3647 1212 3714 stolidissime!

160 3751 262 3818 Sobel.
280 3751 365 3820 XLb·
396 3749 468 3819 tttud
484 3749 553 3814 item
567 3750 700 3815 sustulit:
726 3757 841 3816 temtus
852 3753 888 3814 eb
902 3756 1008 3814 oriente
1020 3763 1048 3814 et
1061 3757 1211 3828 ceromate,
1227 3771 1283 3817 ιιιι.
1294 3773 1326 3818 ιι.

74 3871 103 3919 et
116 3859 279 3920 recumbent
293 3861 321 3918 r'n
336 3875 439 3934 regno,
473 3862 534 3916 turn
549 3851 635 3920 illud:
657 3857 754 3922 Erwst
766 3859 909 3916 modoini
920 3859 1022 3934 primi,
1047 3853 1132 3918 item:
1155 3861 1215 3918 Ac-

74 3972 222 4024 cermunt
240 3961 389 4022 Pdnrrioer'
408 3960 545 4030 utem,
579 3959 641 4019 eor·
658 3968 686 4018 et
707 3960 783 4031 aula,
815 3962 943 4037 proruere
964 3961 1088 4022 Herodes
1109 3961 1170 4022 nott
1190 3969 1215 4018 te

74 4065 245 4146 inteficere.
290 4058 357 4126 Nec
374 4079 432 4122 non
452 4067 481 4124 et
496 4058 591 4122 istnds
619 4061 763 4126 Abeuntes
778 4063 861 4122 datus
876 4063 1048 4142 salpitano,
1073 4061 1214 4144 usquead

107 4216 131 4270 b.
149 4217 195 4271 socri
209 4211 277 4282 ὑμᾶς
292 4213 327 4282 μὴ
342 4211 524 4281 εἰςιρχομένους
540 4213 629 4264 dende
695 4215 719 4268 8.
737 4215 760 4267 οἱ
777 4211 909 4278 Φαρισαῖοι
926 4220 988 4265 estut
1004 4229 1084 4278 supro.

74 4293 142 4340 rutrtr
157 4289 186 4338 in
202 4287 258 4336 edit·
269 4285 344 4346 princ.
378 4284 415 4336 ec
433 4283 483 4334 cod.
497 4283 569 4332 Vetto.
585 4283 629 4333 od·
695 4281 720 4334 9.
738 4284 819 4345 Supra
833 4279 877 4344 τὸ,
895 4277 976 4346 Eine,
993 4280 1163 4349 Πορευθέντες
1180 4282 1214 4341 et-

75 4358 126 4405 eeu
143 4369 173 4404 eo
189 4355 259 4404 unte
271 4353 389 4402 Petouius.
663 4367 726 4404 rure
741 4356 791 4402 cett.

107 4421 132 4474 7.
151 4423 279 4473 Commius
299 4423 379 4471 uertit:
407 4417 484 4471 tutori
507 4417 630 4484 significe-
699 4420 737 4472 10.
756 4411 813 4472 ὅτου
829 4433 903 4482 cupre
918 4421 1008 4480 unum.

76 4489 144 4540 tione
162 4487 341 4558 pronuntiarit.
