3110 4984
332 275 470 330 ΡΔΝΑΒΠ
487 277 565 328 ΑΜ.
582 275 752 330 mmm
769 275 831 328 tte.
844 276 865 326 l.
882 273 963 327 ἸὉΜ.
977 275 1009 326 tt.
1189 261 1248 325 119

95 398 161 462 aliis
181 405 401 483 praeposterum
426 393 575 462 libidinem
602 413 748 460 uerrere
774 413 847 460 suos
871 391 980 458 dosuit.
1026 387 1087 460 Sed
1113 403 1143 458 et
1167 388 1246 458 Ceu·

93 499 193 564 lausei
211 508 243 564 el
255 495 434 577 Pruuieum,
456 507 489 562 et
505 496 562 563 sliu
579 495 728 562 numinum
745 505 893 582 portento,
917 494 1040 580 turpiter
1059 495 1089 558 in
1108 495 1244 562 muudum

94 611 233 768 mih.
256 699 368 768 Horum
380 655 515 766 Censtini
530 721 721 766 sumeseores
730 699 885 764 haeresum
898 697 986 782 lonpe
999 717 1103 766 omues
1120 700 1243 785 turpitu-

92 803 170 870 dinis
181 815 270 890 atque
283 803 470 868 exserendae
484 802 634 868 ineditstis
643 801 765 866 vesouia
777 810 965 886 superarunt.
996 797 1143 866 Militares
1152 823 1242 886 puros

91 907 274 992 iudepppto
288 904 436 984 diouutur,
460 915 490 970 et
503 901 701 983 Phihiouitue,
725 903 755 968 iu
770 902 922 988 superiore
937 912 1031 966 trsotu
1047 899 1240 985 Seouudisui,

90 1007 159 1072 otili
179 1005 366 1085 Socratitue,
390 1006 427 1072 sl
448 1005 514 1070 aliis
535 1003 676 1070 Zoohsei.
722 1001 800 1070 Sunt
822 1003 942 1088 quinos
959 999 1128 1069 Coddiaoos
1147 1006 1241 1070 uomi-

92 1119 181 1186 nent,
204 1109 320 1193 quidem
341 1109 540 1190 Bopdopteec,
562 1108 627 1172 sire
647 1107 818 1172 lutulentos.
862 1105 912 1172 Au
926 1106 991 1172 istis
1007 1103 1154 1188 Barhelu,
1176 1107 1241 1172 sire

88 1207 243 1287 Barhem
267 1207 370 1274 neseio
390 1231 467 1293 quse
487 1209 650 1297 praedieori
672 1209 760 1274 soleh

173 1308 248 1378 vlt.
273 1307 495 1394 Carpuerotioui
513 1333 530 1376 a
550 1307 731 1396 Carpoerste
745 1310 869 1396 quodam
883 1309 1018 1375 Asiatico
1036 1309 1117 1390 dieti,
1139 1313 1187 1396 psi
1201 1311 1238 1376 ad

88 1433 177 1478 omne
193 1412 403 1498 turpitudinum
415 1433 450 1478 ae
462 1413 636 1498 flagitiorum
652 1434 746 1498 genus
759 1413 917 1498 disoipolos
931 1411 1120 1478 informahnt.
1153 1410 1239 1495 Quod

88 1515 201 1599 siquis,
218 1514 330 1594 dehet,
348 1537 407 1580 noo
419 1515 517 1580 omnia
528 1514 719 1601 pereurrerit,
736 1535 832 1598 neque
843 1515 1015 1578 daemonum
1026 1515 1239 1598 etonpelomm

88 1617 217 1680 eandum
241 1617 384 1682 voluntati
403 1616 600 1695 satisieeerit,
632 1637 800 1703 supremum
822 1616 853 1680 in
877 1616 990 1680 mem
1012 1616 1098 1680 evehi
1120 1616 1239 1684 minim

90 1729 202 1802 potest,
233 1737 330 1802 aeque
357 1718 535 1805 priuniputua
566 1729 785 1804 pmertamsque
811 1720 1031 1783 tmmeentere.
1073 1717 1240 1798 merhout

89 1819 164 1882 idem
180 1817 281 1884 lesam
296 1831 394 1885 mente
412 1821 569 1904 praeditam
586 1821 711 1886 animam
729 1819 908 1905 sumpsisse,
932 1830 962 1883 et
979 1820 1149 1904 eopuitiuoe
1170 1841 1239 1885 eoe-

89 1921 203 1986 lestium
219 1922 360 1986 imbutum
375 1921 540 1988 homiuibus
554 1944 590 1988 eo
607 1923 780 2001 nunciasse,
803 1943 839 1985 ao
854 1922 880 1986 si
897 1922 962 2005 quis
979 1924 1081 1986 eodem
1099 1945 1174 2008 quae
1191 1921 1239 1988 le·

90 2043 139 2086 sus
153 2023 223 2086 olim
241 2035 401 2109 perpetret,
425 2023 499 2088 haud
517 2046 553 2088 oo
569 2024 738 2088 inferiorem
756 2025 897 2088 laturum.
928 2021 1053 2088 [tenum
1068 2026 1163 2108 legem
1180 2048 1238 2091 uus

90 2145 151 2187 unm
170 2136 353 2188 mortuorum
379 2126 596 2190 resurreetione
621 2127 790 2206 damnabat,
822 2125 1061 2210 quemadmodum
1088 2136 1118 2190 et
1139 2124 1237 2192 Simu·

90 2223 165 2288 niani
184 2226 353 2312 caeterique
371 2247 473 2292 omnes
492 2249 564 2312 quus
582 2227 730 2313 hueusque
752 2227 919 2314 percensui.
964 2225 1015 2290 Ex
1038 2227 1124 2292 huius
1144 2249 1236 2315 grege

89 2323 262 2392 Murredius
278 2329 327 2392 illa
342 2328 455 2393 Romae
472 2330 537 2393 luit.
582 2331 680 2414 Atque
693 2329 769 2393 idem
786 2326 853 2393 lesu
870 2327 1028 2413 Pouiique,
1053 2349 1109 2393 neo
1124 2351 1183 2394 non
1206 2339 1236 2395 et

89 2425 209 2494 Homeri
223 2451 259 2494 oe
273 2426 477 2516 Pythagorae,
502 2432 663 2495 elaneulum
679 2431 822 2516 imagines
839 2431 952 2516 lingens
967 2430 1109 2495 suffitibus
1131 2452 1183 2495 eas
1206 2443 1236 2496 et

88 2533 257 2596 adoratione
279 2543 451 2618 prosecutus
472 2544 551 2597 esu·
1169 2581 1174 2592 .

167 2631 259 2700 Vlll.
284 2631 480 2713 Cerinthiaui,
497 2635 561 2698 sive
575 2632 780 2713 Merinthiaui,
804 2629 989 2714 aCetiutho,
1008 2633 1055 2698 vel
1068 2632 1232 2716 Merintho,

88 2729 197 2798 ludaiei
208 2735 328 2820 generis
338 2737 512 2817 extiterunt,
532 2737 580 2822 qui
590 2737 842 2800 circumsisionem
853 2757 923 2821 prae
934 2756 967 2800 se
978 2735 1122 2800 ferebant.
1144 2734 1234 2802 Mun·

88 2835 150 2900 ium
172 2837 210 2900 ah
228 2838 341 2923 angelis
359 2838 547 2918 lubricatum,
571 2836 668 2902 lesum
688 2838 724 2902 ad
741 2835 853 2903 Christi
876 2825 1044 2922 dignitatem
1067 2859 1120 2925 per
1140 2838 1233 2904 virtu·

88 2947 141 3002 tum
163 2939 348 3004 incrementa
370 2941 541 3026 peruenisse
563 2940 713 3004 dixerunt.

166 3037 230 3104 tx.
261 3039 412 3106 stsreni
435 3041 475 3105 ita
491 3039 588 3106 lesum
610 3061 677 3106 esse
694 3037 841 3106 Christum
864 3040 969 3126 deique
991 3041 1079 3107 filium
1096 3061 1233 3108 asserue-

85 3153 167 3221 runt,
193 3153 227 3206 ut
248 3139 346 3207 Musis
367 3142 460 3226 legem
483 3143 601 3208 omniuo
623 3143 702 3206 vitae
723 3143 759 3206 ad
780 3143 943 3207 institutum
967 3144 1156 3208 adsciverint.

162 3242 212 3309 X.
246 3241 446 3308 Cerinthieuis
459 3267 494 3308 oo
509 3243 679 3310 Nuzoronia
694 3245 832 3310 simillimi
846 3257 915 3310 sunt
928 3243 1102 3325 Chionitas,
1127 3244 1230 3328 quihus

84 3365 144 3410 emu
162 3343 338 3432 Sampsaeis
353 3357 384 3410 et
397 3344 548 3412 Eleesaeis
564 3348 659 3432 aliqua
677 3367 717 3410 ax
734 3359 815 3432 purte
831 3350 980 3412 convenit.
1026 3345 1066 3410 Hi
1081 3345 1231 3410 Christum

83 3446 215 3512 iueoelo
234 3458 384 3529 ereetum,
407 3449 526 3533 eiusque
544 3461 675 3513 sanetum
691 3450 824 3535 spiritum
840 3451 994 3512 affirmant.
1037 3444 1120 3511 llluun
1136 3447 1230 3532 ipsum

82 3549 112 3612 iu
123 3551 272 3615 ddsmum
288 3571 357 3614 sese
369 3550 511 3614 infudisse
526 3551 619 3633 primu
632 3573 665 3615 ao
681 3552 786 3616 deinde
800 3551 921 3614 exuisse
935 3560 1068 3628 nument,
1087 3560 1147 3612 tum
1162 3548 1231 3612 suh-

83 3651 151 3716 iisse
167 3654 280 3731 denuo,
304 3652 389 3737 idque
405 3654 585 3716 commodum
601 3654 707 3718 lenisse
726 3675 790 3718 oum
808 3652 838 3715 io
857 3663 951 3714 terrus
969 3671 1092 3735 eorpore
1108 3649 1230 3714 ciream·

85 3754 162 3817 lusus
186 3753 319 3818 advenit.
363 3755 410 3818 Ao
427 3755 497 3818 lioet
513 3751 612 3819 ludaei
634 3755 709 3834 sint,
733 3753 916 3838 evangelium
941 3751 1127 3816 nihilominus
1149 3753 1231 3817 adhi-

85 3853 161 3918 lent.
210 3852 351 3920 Carnium
382 3877 463 3920 esum
493 3858 687 3922 detestantur.
732 3855 847 3940 Aquom
877 3875 928 3938 pro
955 3854 1010 3916 deo
1036 3865 1228 3919 venerantur.

85 3951 235 4021 Christum
252 3955 282 4018 iu
299 3977 354 4020 suo
367 3957 431 4037 illo,
451 3959 492 4021 uti
508 3958 648 4037 diximus,
671 3959 797 4030 adventu
812 3956 956 4021 hominem
973 3955 1103 4021 induisse
1117 3957 1228 4021 dieunt.

83 4053 217 4144 [leuique
238 4059 323 4142 aquis
345 4079 378 4123 se
400 4060 556 4125 identidem
580 4071 638 4124 tam
656 4060 752 4124 hieme
773 4080 857 4142 quam
878 4069 991 4122 aestate
1006 4059 1121 4138 lavant,
1147 4059 1231 4122 nimi·

83 4179 145 4224 rem
163 4160 302 4248 puritatis
321 4161 522 4226 ouueiliandae
543 4163 598 4226 sihi
618 4163 730 4246 gratia,
754 4161 992 4245 quemadmodum
1011 4157 1188 4224 Samaritae.

114 4297 151 4348 lt.
176 4299 281 4361 nepem
306 4314 344 4357 τις
375 4313 404 4348 es
435 4301 639 4363 Anueeplutueor't
708 4294 747 4348 14.
765 4295 888 4362 σαμψέων
912 4304 963 4348 erut
982 4313 998 4347 u
1018 4311 1049 4348 nu
1068 4313 1107 4360 pr.
1130 4300 1155 4346 tn
1178 4297 1230 4346 eod.

84 4367 153 4429 Hos
168 4383 202 4418 τι.
672 4368 769 4428 lthedlu.

9 4485 10 4494 ἒ
114 4436 153 4484 tz
168 4433 307 4486 numicius
321 4434 456 4484 eodlolie.
469 4437 639 4500 ettnuoephuh
708 4433 745 4484 15.
764 4431 788 4485 οἳ
805 4435 946 4497 Amoephnl.
981 4434 1056 4496 Vulpo
1070 4435 1133 4482 emat
1150 4430 1180 4483 ul.

9 4505 10 4522 ¹
113 4499 382 4564 taeteouttheutp.
418 4503 539 4566 Vuluool
