3100 4984
287 281 349 347 146
711 296 831 350 ειυοτι
848 295 1018 350 τειευιτιιι

288 413 339 475 καί
354 407 408 492 τήν
423 412 599 492 οἰκονομίαν
616 411 648 480 δὲ
666 413 722 478 7έν
736 421 772 502 τῇ
787 415 856 503 ἕκτη
872 419 931 482 τῶν
946 410 1078 498 ήμερῦν,
1101 411 1164 496 ἥτις
1179 414 1239 479 έστλ
1254 413 1440 499 παρασκευή,

288 509 340 578 τόν
354 515 472 594 έσχατον
487 511 650 598 όνθραιπον
664 515 705 590 εἰς
720 513 912 600 ιίναγέννησιν
924 523 978 582 τοῦ
993 515 1114 601 πρότου
1129 513 1295 602 οἰνθροόπου
1313 520 1441 600 πεφηνέ-

288 641 350 680 ναι·
382 609 419 696 ἧς
437 618 608 698 οἰκονομίας
624 614 716 700 οἰρχήν
733 619 785 684 καλ
802 620 884 693 τέλος
899 621 951 683 καλ
968 617 1022 701 τήν
1038 621 1124 700 έκτην
1142 617 1238 703 όίραν,
1269 611 1335 708 ένή
1353 645 1441 702 προς-

286 715 391 800 ηλοίθη
408 725 448 806 τῷ
462 717 546 808 ξύλῳ.
596 717 655 784 Τόν
671 717 726 804 γιίρ
745 723 852 786 τέλειον
870 727 956 786 Νοῦν
971 720 1166 802 έπιστόμενον
1182 719 1234 786 τόν
1247 728 1308 786 τῶν
1326 725 1361 798 ἓξ
1377 719 1442 806 ἰρι-

287 819 367 902 θμόν
389 819 532 903 δύναμιν,
562 820 707 905 ποιήσεως
729 825 780 888 καί
798 820 1017 908 όναγεννήσειος
1033 826 1152 906 έχοντα,
1185 829 1357 906 φανερῦσαι
1378 833 1441 900 τοῖς

286 926 362 999 υίοῖς
382 929 436 988 τοῦ
457 922 558 1003 φωτός
574 923 628 1006 τήν
653 923 727 990 Βδιοί
747 933 801 990 τοῦ
817 927 961 1005 φανέντος
975 925 1122 1010 ἐπισήμου
1142 929 1183 1002 εἰς
1197 923 1289 992 αἰτόν
1310 923 1373 990 9δι’
1388 923 1441 992 αἰ·

286 1033 337 1091 τοῦ
355 1027 513 1111 γενομένην
531 1023 732 1112 όναγέννησιν.
767 1026 878 1094 Ἔνθεν
899 1030 949 1094 καί
969 1027 1005 1097 τό
1024 1031 1112 1094 διπλᾶ
1130 1026 1285 1114 γράμματα
1306 1026 1360 1094 τόν
1378 1025 1440 1112 εἰρι-

284 1128 366 1210 θμόν
383 1131 527 1211 ἐπίσημον
544 1131 618 1212 έχειν
635 1135 734 1212 φησίν.
777 1127 811 1194 ‘0
824 1129 880 1216 γαίρ
899 1132 1044 1214 ἐπίσημος
1060 1129 1192 1216 ἀριθμός
1214 1132 1440 1215 10συγιιριιθείς

285 1240 347 1307 ταῖς
363 1233 590 1317 εἰκοσιτέσσαρσι
605 1237 756 1314 στοιχείοις
773 1232 804 1298 τό
822 1233 1152 1319 τριακονταγραίμματον
1169 1231 1264 1316 όνομα
1280 1230 1439 1301 όπετέλεοε.

287 1336 432 1418 Κέχρηται
458 1334 491 1398 δέ
515 1333 645 1426 διακόνῳ
669 1342 709 1423 τῷ
735 1342 792 1402 τῶν
815 1333 888 1400 έπτιί
913 1333 1053 1420 όριθμῦν
1075 1337 1208 1421 μεγέθει,
1240 1333 1282 1410 όίς
1306 1357 1401 1417 φησιν
1422 1330 1441 1416 ή

287 1436 419 1522 Μάρκου
441 1433 535 1521 Σιγή,
565 1440 615 1502 ίνα
638 1444 690 1520 τῆς
713 1436 934 1520 αότυβουλήτου
957 1443 1068 1522 βουλῆς
1088 1444 1254 1527 φανερωθῇ
1276 1435 1294 1503 ό
1317 1435 1440 1522 καρπός.

292 1539 351 1604 Τόν
369 1542 423 1622 μέν
439 1566 483 1605 τοι
501 1541 646 1623 ἐπίσημον
664 1547 769 1606 τοῦτον
786 1537 919 1625 όριθμδν
934 1542 983 1606 έπί
1000 1548 1055 1606 τοῦ
1073 1538 1235 1624 παρόντος,
1264 1542 1356 1623 φησί,
1390 1537 1441 1606 τόν

165 1677 216 1724 ρος.
229 1665 274 1708 τοι.
293 1645 385 1708 11έπί
402 1649 457 1708 τοῦ
472 1639 618 1724 ἐπισήμου
631 1645 838 1729 μορφωθέντα,
862 1641 980 1725 νόησον,
1002 1640 1055 1710 τόν
1068 1641 1165 1728 ιόςπερ
1179 1643 1357 1727 μερισθέντα
1380 1639 1440 1723 Ηή

286 1747 535 1827 διχοτομηθέντα,
565 1746 617 1810 καί
634 1747 689 1822 ἔξω
706 1751 859 1827 μείναντα,
887 1743 922 1820 ίίς
937 1752 972 1834 τή
989 1746 1094 1810 ἑαυτοῦ
1110 1743 1235 1826 δυνάμει
1248 1769 1280 1808 τε
1297 1747 1349 1810 καί
1369 1769 1441 1829 φρο

286 1846 369 1927 νήσει
388 1845 437 1912 διό
456 1855 508 1930 τῆς
527 1844 577 1912 ἀπ’
594 1843 687 1912 αἰτοῦ
704 1851 855 1933 προβολῆς
873 1855 979 1914 τοῦτον
1006 1844 1100 1913 Ιίτόν
1118 1853 1178 1913 τῶν
1195 1845 1269 1912 έπτιί
1286 1845 1441 1928 δννοίμεων

291 1948 408 2014 Ιέκατιί
428 1953 549 2032 μίμησιν
566 1956 618 2031 τῆς
636 1947 820 2033 Ἑβδομόδος
836 1949 992 2032 δυνάμεως
1007 1948 1143 2032 έψόχωσε
1157 1948 1284 2032 κόσμον,
1314 1950 1366 2014 καί
1383 1966 1440 2028 ψυ·

287 2051 341 2136 χήν
363 2055 448 2120 ίθετο
469 2049 544 2117 εἰναι
566 2059 620 2119 τοῦ
641 2050 793 2138 ὁρωμένου
810 2050 927 2129 παντός.
972 2053 1117 2136 Κέχρηται
1139 2053 1189 2134 μίν
1209 2044 1263 2118 οῦν
1282 2053 1334 2118 καί
1351 2048 1442 2126 αότός

288 2147 376 2230 οὗτος
397 2158 471 2243 τῷδε
492 2161 533 2242 τῷ
551 2156 643 2242 ίργφ,
673 2153 714 2231 οἰς
733 2153 919 2240 αὐθαιρέτως
934 2151 984 2218 ιίπ’
1002 2151 1095 2220 αὐτοῦ
1115 2155 1323 2242 ιύγενομένην,
1353 2151 1391 2218 τιί
1410 2153 1441 2218 δὲ

287 2261 419 2324 διακονεῖ
424 2306 432 2337 ,
455 2254 608 2340 μιμήματα
622 2255 692 2324 όντα
706 2264 766 2323 τῶν
781 2255 952 2340 ιίμιμήτων,
973 2255 1028 2339 τήν
1040 2253 1222 2338 Ἐνθόμησιν
1238 2263 1291 2338 τῆς
1302 2254 1440 2340 Μητρός.

289 2361 349 2424 Καί
367 2357 385 2424 ό
402 2359 453 2442 μέν
468 2367 585 2443 πρῶτος
600 2357 727 2444 οὐρανός
744 2362 906 2444 φθέγγεται
920 2357 955 2426 τό
973 2368 1008 2437 ἃ,
1030 2354 1049 2423 ό
1065 2358 1098 2422 δὲ
1112 2357 1184 2440 μετιί
1200 2365 1305 2424 τοῦτον
1319 2355 1354 2424 τό
1372 2368 1404 2439 ἔ,
1423 2353 1441 2423 ό

288 2463 320 2528 δέ
334 2467 431 2546 τρίτος
446 2471 466 2543 ἦ
475 2513 483 2540 ,
505 2463 641 2546 τέταρτος
656 2463 688 2527 δέ
702 2463 753 2526 καί
769 2463 856 2543 μέσος
871 2469 931 2528 τοίν
947 2458 1020 2526 ἓπτό
1035 2458 1090 2542 τήν
1105 2467 1184 2525 τοῦῐ
1199 2462 1327 2543 δύναμιν
1344 2462 1441 2542 έιιφω

286 2573 340 2643 νεῖ,
357 2560 375 2628 ό
390 2564 422 2628 δέ
435 2565 566 2644 πέμπτος
581 2563 614 2629 τό
628 2573 656 2639 ὀ,
678 2565 762 2640 ἕκτος
776 2565 808 2629 δὲ
821 2562 854 2630 τό
869 2572 900 2642 ῦ,
922 2565 1051 2646 ἕβδομος
1072 2569 1105 2609 ¹⁶
1115 2562 1147 2628 δέ
1163 2564 1214 2628 καί
1227 2565 1364 2647 τέταρτος
1382 2561 1441 2630 ιίπό

293 2666 427 2746 Πμέσον
440 2663 474 2731 τό
491 2675 516 2730 ὦ
533 2674 676 2748 στοιχεῖον
692 2668 798 2754 έκβοηί,
820 2665 926 2742 καθείς
941 2662 962 2749 ή
979 2664 1111 2750 Μάρκον
1128 2662 1221 2750 Σιγή,
1243 2661 1374 2747 ήπυλλό
1391 2665 1443 2748 μίν

286 2774 476 2848 φλυαροῦσα,
505 2769 596 2848 μηδὲν
612 2768 644 2834 δέ
660 2765 769 2850 ἀληθές
783 2769 923 2854 λέγουσα,
953 2771 1189 2850 διαβεβαιοῦται·
1212 2769 1246 2831 αἰ
1258 2793 1334 2844 τινες
1352 2765 1441 2834 δυνό·

288 2896 352 2951 μεις
364 2866 458 2951 όμοῦ,
481 2872 570 2950 φησί,
592 2878 685 2936 πᾶσαι
699 2875 740 2947 εἰς
754 2869 877 2955 ιίλλήλας
892 2878 1104 2953 συμπλακεῖσαι
1118 2867 1223 2952 ήχοῦσι
1236 2871 1287 2936 καί
1303 2869 1440 2948 δοξιίζον-

288 2994 335 3038 σιν
343 2975 463 3038 ’ἐκεῖνον
477 2970 529 3054 όφ’
544 2965 583 3038 αὖ
598 2972 837 3058 προεβλήθησαν,
858 2970 880 3056 ή
897 2975 928 3038 δέ
942 2973 1014 3051 δόξα
1029 2980 1081 3056 τῆς
1097 2970 1170 3056 ήχής
1184 2969 1388 3053 όναπέμπεται
1403 2975 1443 3048 εἰς

287 3072 341 3140 τόν
356 3075 549 3162 Προπότορα.
599 3075 713 3158 Ταύτης
730 3080 783 3159 μέν
798 3103 844 3142 τοι
858 3083 911 3159 τῆς
925 3079 1095 3161 δοξολογίας
1109 3074 1159 3140 τόν
1174 3069 1246 3158 ήχον
1261 3077 1304 3152 εἰς
1317 3074 1374 3158 τήν
1388 3082 1441 3162 γῆν

288 3176 454 3263 φερόμενόν
469 3199 544 3260 φησι
558 3177 688 3260 πλόστην
703 3182 841 3264 γενέσθαι
855 3181 906 3244 καί
920 3177 1079 3264 γεννήτορα
1092 3183 1152 3242 τῶν
1166 3179 1216 3243 έπί
1229 3183 1282 3260 τῆς
1296 3185 1367 3262 γῆς·
1390 3175 1443 3259 τήν

288 3281 319 3344 δὲ
336 3277 484 3357 ιίπόδειξιν
502 3282 587 3366 φέρει
605 3279 664 3347 οίπδ
682 3289 741 3346 τῶν
761 3281 826 3368 όίρτι
842 3283 1030 3366 γεννωμένων
1046 3284 1182 3362 βρεφῶν,
1212 3272 1252 3344 τόν
1274 3277 1341 3361 18ή
1359 3277 1442 3362 ψυχή

288 3381 350 3465 όίμα
365 3393 406 3470 τῷ
426 3387 458 3450 έκ
476 3384 587 3468 μήτρας
606 3393 764 3468 προελθεῖν
781 3387 886 3472 έπιβοᾷ
905 3382 970 3459 ἑνός
989 3383 1114 3448 έκόστου
1131 3391 1191 3448 τῶν
1208 3386 1360 3464 στοιχείων
1376 3379 1441 3448 τοῦ·

286 3511 345 3552 των
359 3486 409 3552 τόν
422 3480 501 3570 ήχον.
537 3484 650 3561 Καθυίς
667 3479 722 3552 οὖν
736 3490 769 3552 αἰ
783 3484 865 3564 έπτοί,
886 3488 971 3568 φησί,
990 3483 1130 3566 δυνόμεις
1143 3485 1297 3562 δοξάζουσι
1310 3484 1364 3550 τόν
1378 3483 1439 3550 Λό-

286 3615 354 3674 γον,
385 3588 478 3664 οῦτιος
493 3591 542 3654 καί
564 3587 583 3670 ἡ
599 3586 681 3670 ψυχή
700 3591 730 3654 έν
745 3599 807 3664 τοῖς
821 3590 944 3674 βρέφεσι
957 3591 1098 3654 κλαίουσα
1114 3588 1164 3652 καί
1179 3593 1335 3670 θρηνοῦσα
1350 3585 1441 3672 Μόρ-

286 3716 342 3756 κον
357 3690 471 3768 δοξόζει
485 3688 582 3756 αἰτόν.
618 3689 678 3756 Αιιί
692 3699 778 3756 τοῦτο
795 3692 827 3756 δέ
841 3694 889 3758 καί
909 3689 961 3756 τόν
977 3692 1073 3772 Δαβίδ
1086 3689 1247 3774 εἰρηκέναι,
1267 3686 1317 3755 Ἐκ
1334 3687 1442 3771 στόμα-

286 3817 337 3866 τος
354 3797 469 3873 νηπίων
483 3795 534 3856 καί
551 3791 741 3874 θηλαζόντων
759 3799 921 3878 κατηρτίσω
941 3789 1040 3858 αἶνον·
1061 3794 1112 3856 καί
1130 3787 1233 3870 πόλιν,
1259 3793 1299 3856 Οί
1316 3787 1441 3874 οόρανολ

293 3900 394 3957 10τῶν
415 3891 549 3978 οιίρανιῦν
566 3897 735 3979 διηγοῦνται
754 3893 842 3978 δόξαν
860 3903 946 3962 θεοῦ.
991 3896 1050 3958 Καὶ
1068 3893 1116 3960 διό
1132 3899 1217 3958 τοῦτο
1238 3894 1270 3958 έν
1286 3917 1317 3957 τε
1336 3893 1443 3969 πόνοις

288 3997 339 4062 καί
352 4002 561 4080 ταλαιπωρίαις
574 3995 656 4080 φυχη
673 3999 869 4082 γενομένης
827 3999 869 4074 εἰς
881 3995 1033 4079 διυλισμόν
1047 3993 1140 4078 αότῆς
1153 3999 1299 4076 ἐπιφανεῖ
1309 3994 1431 4060 ²⁰16
1406 4021 1441 4074 ω,

320 4135 406 4189 7.του
394 4131 519 4194 ’πόθους
537 4138 605 4185 addit
620 4139 723 4187 Ριιαιίο-
713 4140 844 4200 -Οτίρεειεπ
878 4153 933 4188 τοτα
954 4134 1139 4215 generationem
1161 4151 1240 4215 quae
1244 4135 1312 4186 suctu
1333 4145 1373 4186 τοι
1394 4151 1442 4204 per

320 4157 345 4256 8
363 4200 406 4258 διὰ
421 4206 466 4255 τοῦ
483 4208 566 4264 scripsi
580 4205 609 4253 δι
623 4209 758 4286 αυριυπλυίι
772 4208 844 4256 Pseu
879 4221 933 4254 eum
946 4202 1173 4271 ηιιίτττυίίαιιτιιιτ
1184 4201 1371 4269 υιείυιίροίιία
1384 4221 1441 4254 eun

287 4275 335 4324 do
326 4273 458 4334 Οτίριιιίτ.
494 4273 567 4353 Vulgo
584 4265 617 4323 δι’
635 4265 721 4324 αἰτοῦ
878 4289 1014 4324 ιιυτιιιυαπι.

321 4339 345 4390 9.
363 4332 567 4404 α’ριθμίνγτοδί
579 4333 656 4390 αἰτοῦ
671 4341 845 4391 λίαιιαείυττι-
913 4343 951 4393 10.
970 4339 1156 4426 συχαεραοθτὶς
1169 4341 1279 4390 Ρτεαδα-
1269 4343 1408 4404 -Οτίρευετ,

286 4410 363 4470 posuit
377 4421 406 4456 ιτ
422 4409 472 4456 συθ.
487 4409 564 4456 Paris.
598 4405 635 4464 είς
651 4403 697 4471 τήν
718 4401 750 4460 δι’
768 4403 844 4460 αἰτοῦ
914 4410 952 4459 11
969 4425 1019 4461 απτ
1037 4414 1185 4459 mmmm
1201 4411 1321 4472 Petamus,
1339 4413 1441 4460 Grnbms

288 4467 386 4538 ἔπεχ’
371 4491 399 4524 αι
388 4473 529 4546 ιαγίινησιν
542 4475 609 4523 hahet
623 4475 724 4524 Ριιαιίο-
717 4477 845 4537 onmes.
878 4477 979 4539 οίίίςιιε,
998 4478 1044 4527 Vnt.
1060 4479 1206 4538 ίαίιιφτιίιιπ
1223 4481 1304 4528 uenti.

290 4542 337 4591 λ’τί.
351 4541 476 4602 latemus:
493 4539 664 4592 ωτοὶίειιιιιι
676 4539 731 4592 filiu
745 4541 845 4594 ίυωίιιίι
