3106 4990
348 289 483 344 nanantt
500 291 562 344 Lib.
577 293 596 342 l.
612 289 694 344 TOM.
708 291 753 342 dli.
769 290 869 342 HAER.
880 289 1005 342 XXXVI.
1192 281 1252 344 487

93 408 148 474 itta
165 419 212 474 ιιι
228 408 293 496 ipae
309 431 395 495 qoem
415 411 515 478 diuino
534 411 625 476 verbo
643 411 822 496 coelestique
842 409 987 495 pracsidio
1004 409 1096 474 fretus
1115 411 1252 496 detegere

94 511 214 590 nodci,
246 533 281 578 ιο
300 511 444 599 pbalaogii
460 513 555 578 instar
571 513 726 590 obterere,
759 513 834 597 quod
852 511 1104 596 Tetragnatbum,
1136 514 1190 578 boc
1208 525 1254 578 cst

95 623 225 699 quatuor
245 615 331 682 naalia
352 617 513 701 praeditum
535 628 660 694 vocant,
693 627 743 680 aut
765 616 847 679 volut
867 614 1104 701 Amphisboenae
1126 615 1251 701 bicipitis

95 716 218 802 viperae
232 718 378 784 deiectam
394 729 481 804 caput
494 719 691 802 confringere.
735 714 796 784 Sed
812 717 867 782 boc
883 717 994 782 omisso
1008 716 1135 801 reliquas
1151 739 1250 802 perse·

95 841 232 904 nmmos.
278 817 365 904 Quod
381 821 448 886 dnm
464 821 637 906 aggredior,
661 821 786 907 supplex
803 841 820 884 a
836 819 891 882 deu
909 818 1042 905 postulo,
1074 829 1106 882 ut
1123 840 1197 903 quac
1214 821 1250 884 ad

94 921 163 986 ilias
185 922 332 1007 pertinent
352 923 393 988 ita
415 943 455 988 ex
476 924 519 988 rei
537 923 662 988 seruate
680 924 844 1008 proferam,
877 921 955 986 nulia
976 932 1008 985 ut
1028 922 1058 986 in
1077 943 1249 1008 quemqnam

94 1034 185 1108 atque
207 1025 281 1088 adeo
303 1026 446 1112 meipsum
468 1045 507 1090 ea
529 1045 566 1088 co
589 1025 670 1090 trans
692 1045 726 1090 ac
748 1023 895 1110 pernicies
918 1025 1072 1088 redundet.

216 1263 492 1342 nonunt
540 1263 1133 1357 nnntccnontnttS‚

318 1408 402 1481 quae
429 1391 481 1460 cst
505 1385 653 1462 haeresis
672 1385 766 1462 XVI.
793 1385 848 1460 vel
867 1383 1027 1460 xxxvl.

182 1532 350 1602 Cuiorbaso
372 1536 506 1602 sucendit
529 1536 713 1616 Heracleon,
747 1558 764 1600 a
788 1559 846 1622 qno
870 1535 1144 1600 Heraclennitarum
1168 1539 1250 1602 secta
1268 1545 1327 1614 cap.
1346 1547 1365 1595 t.

93 1638 280 1720 nominator,
312 1639 402 1704 ctttto
420 1641 516 1706 minna
532 1661 617 1725 qnam
635 1641 726 1704 ceteri
744 1638 830 1724 ungis
845 1660 880 1704 an
899 1638 1057 1704 mendaciis
1074 1639 1247 1706 instructus.

92 1738 241 1825 Quicquid
260 1741 390 1806 animab
409 1741 467 1808 iddio
485 1731 644 1821 asseritur,
675 1741 722 1808 hic
741 1751 838 1806 tuetur
857 1762 892 1805 ac
910 1741 1040 1806 defendit
1057 1743 1172 1820 omnia,
1204 1753 1250 1807 οι-

92 1853 164 1927 puta
177 1843 226 1928 qui
240 1844 277 1908 ab
291 1845 349 1910 illis
364 1855 459 1910 ortum
474 1845 629 1931 pariterue
644 1855 819 1910 venenatam
834 1843 910 1908 inem
926 1845 1061 1908 traxerit.
1100 1841 1159 1910 Sed
1176 1865 1249 1908 non-

91 1945 175 2010 nuta
193 1957 288 2012 ιιιοιο
309 1969 325 2012 ι
344 1967 379 2012 sc
395 1947 564 2032 excogitata
581 1959 613 2012 et
627 1948 751 2014 condicta
769 1948 805 2012 ad
822 1967 925 2012 eurum
941 1946 1093 2033 opiniones
1108 1947 1248 2012 adiiciena

92 2067 238 2134 superare
257 2049 324 2114 illos
344 2070 379 2114 ac
401 2050 546 2135 propriam
569 2051 624 2114 sibi
646 2049 774 2118 scbniam
797 2050 945 2116 uindicare
965 2049 1084 2114 studuit.
1131 2047 1248 2113 Etenim

92 2170 201 2216 omncs
219 2152 268 2216 isti
284 2151 434 2238 centiceps
455 2173 488 2218 se
509 2154 539 2218 in
558 2173 665 2239 corpus
682 2173 717 2218 ιο
734 2152 929 2218 centimanum
948 2154 1190 2216 transformantes
1206 2151 1249 2235 gi-

91 2263 214 2337 gantem
229 2254 309 2320 ilium
324 2254 427 2322 nescio
443 2277 529 2340 quem
545 2276 562 2320 e
578 2253 760 2322 Graecorum
773 2255 879 2320 fabulis
896 2253 1062 2340 exprimere
1078 2254 1246 2333 voluerunt,

93 2353 216 2422 conum
232 2356 352 2442 opinor,
377 2368 425 2422 aut
443 2355 615 2438 Briareum,
638 2379 724 2444 quem
740 2369 770 2422 ct
785 2358 926 2442 Aegeoua
941 2355 1095 2433 dixerunt,
1120 2367 1171 2420 ant
1185 2353 1248 2441 Gy-

91 2479 171 2544 gen,
202 2469 252 2524 aut
269 2459 384 2543 Argum
400 2459 521 2526 infinitis
538 2461 630 2526 oculis
647 2461 824 2546 praeditum
855 2458 1015 2524 cuiusmodi
1033 2467 1165 2544 portenta
1185 2459 1247 2523 suis

92 2563 136 2626 itii
153 2561 332 2628 carminibus
346 2563 445 2627 soient
459 2562 643 2642 describere,
668 2573 700 2627 nt
714 2573 830 2628 centnm
847 2561 931 2626 alteri
945 2581 1060 2640 manus,
1084 2583 1147 2624 cum
1164 2561 1248 2647 qnin-

91 2663 249 2750 quaginta,
281 2665 329 2730 vel
350 2665 438 2730 etiam
461 2667 612 2744 centenis,
645 2665 805 2751 capitibus,
834 2674 950 2730 centnm
973 2665 1073 2730 oculos
1092 2664 1177 2728 adteri
1195 2666 1247 2733 tri-

91 2769 197 2832 buant.
244 2763 340 2848 Quam
363 2767 400 2832 nb
417 2787 552 2832 caussam
570 2765 751 2833 Mercurium
768 2769 866 2832 ferunt
883 2767 1095 2853 Argipboutem
1118 2786 1186 2831 esse
1205 2768 1247 2832 di-

90 2879 194 2946 ctnm,
224 2870 299 2954 quud
323 2868 421 2934 multis
436 2869 592 2936 luminibus
610 2871 769 2956 praeditum
787 2871 900 2955 Argum
917 2870 1069 2934 occiderit.
1114 2868 1166 2934 Sic
1183 2871 1246 2936 itto-

90 2993 158 3036 rum
174 2971 297 3056 quilibet
311 2972 501 3058 principatum
516 2973 657 3038 affectans
672 2972 798 3058 seipsum
815 2981 901 3057 capnt
915 2973 1060 3058 appellat,
1084 2983 1145 3036 eta
1161 2995 1246 3058 prae-

91 3085 244 3159 ceptorum
263 3073 375 3140 insanis
397 3095 432 3138 ac
450 3075 568 3141 furiosis
587 3075 768 3161 dogmatibus
787 3075 903 3140 diversa
923 3076 1063 3159 quaedam
1082 3077 1242 3160 excogitat.

90 3174 207 3242 Verona
229 3197 266 3242 ue
287 3177 316 3240 in
340 3178 497 3262 praedando
518 3178 572 3244 sim
597 3178 727 3264 longior,
752 3178 786 3242 ad
811 3198 872 3242 rem
895 3178 985 3264 ipsum
1008 3177 1173 3262 aggrediar.

180 3482 345 3550 iderardcon
360 3485 450 3570 igitur
463 3507 528 3550 cnm
542 3485 616 3565 suis,
640 3497 672 3549 nt
686 3485 827 3562 diximus,
850 3484 952 3551 eadem
968 3503 1031 3548 cum
1047 3482 1151 3548 Marco
1165 3484 1245 3548 abiis·
1264 3488 1323 3556 cap.
1343 3491 1373 3538 ¹¹·

89 3605 167 3670 qne,
193 3587 240 3670 qni
256 3584 391 3652 Marcum
406 3598 640 3666 antecesserunt,
663 3589 699 3652 de
715 3584 917 3671 Ogdoadibus,
940 3586 1092 3671 superiore
1109 3585 1244 3652 nimirum

90 3699 121 3752 et
144 3689 305 3768 interiore,
340 3691 440 3756 scutit.
488 3689 600 3756 Deinde
625 3689 744 3774 triginta
765 3691 900 3754 Aeonum
924 3689 1004 3773 paria
1023 3688 1097 3752 baud
1119 3689 1245 3754 absimili

89 3790 209 3856 ratione
229 3792 392 3858 constitnit.
443 3791 597 3858 Hominem
619 3813 734 3877 quoqne
753 3813 919 3878 supremum
940 3789 1067 3854 omniurn
1087 3789 1244 3858 Parentum

91 3894 275 3979 pronuntiat,
298 3915 383 3979 quern
399 3906 430 3960 et
442 3892 569 3981 Bythnm
584 3895 725 3960 nominat.
763 3893 896 3960 Eundem
914 3915 969 3959 nec
983 3914 1091 3958 marem
1109 3915 1176 3960 esse
1190 3916 1244 3960 nec

90 3995 231 4062 seminam
248 4007 344 4081 putat3
367 4019 384 4062 a
402 4020 460 4084 qno
476 3999 680 4064 universorum
697 3995 796 4062 Mater
811 3997 936 4076 existat,
960 4017 1045 4082 quam
1061 4007 1091 4061 et
1107 3995 1198 4084 Sigen
1215 4011 1246 4064 et

91 4097 257 4164 Veritatem
279 4100 414 4185 appellat.
460 4100 507 4166 ab
529 4101 583 4166 bac
602 4101 760 4166 secundam
777 4098 923 4178 Matrem,
955 4120 1028 4184 quae
1049 4099 1078 4164 in
1098 4099 1244 4165 oblivione

89 4200 187 4284 posita
204 4211 267 4280 est,
298 4204 440 4288 originem
457 4203 603 4282 traxisse,
635 4224 721 4287 quam
738 4202 903 4268 Achamoth
920 4202 1039 4288 perinde
1058 4203 1153 4267 otalii
1169 4224 1244 4268 rrun-

89 4313 197 4389 copat;
218 4324 235 4366 a
251 4325 306 4388 qna
322 4304 459 4392 deinceps
475 4306 504 4369 in
520 4307 634 4370 deiectu
651 4305 808 4370 constituta
824 4316 893 4368 sunt
906 4305 1013 4368 omnia.
1047 4302 1106 4368 Sed
1121 4305 1243 4390 amptius

121 4455 146 4510 3.
159 4459 337 4540 prrocspcmm
349 4425 394 4512 ιιιο
406 4463 468 4512 runt.
500 4461 560 4524 dape
574 4464 668 4528 χεῖρας,
685 4455 729 4512 cdo
742 4455 772 4513 bb
787 4455 874 4514 Εκοτοο
887 4453 1044 4526 dcompcdr.
1066 4457 1110 4512 arod
1125 4474 1185 4512 noce
1200 4458 1245 4528 pbr

87 4541 246 4591 πεντηκοντο
262 4541 320 4596 asp.
338 4533 389 4580 cett.
397 4565 406 4592 ,
422 4533 544 4580 annotoua't
560 4531 678 4580 Petamne.
