3096 4988
355 317 489 372 PhNAllll
507 319 569 371 Llll.
583 323 602 372 l.
621 321 702 374 TOM.
717 321 747 372 ll.
766 319 864 372 thlli.
880 321 969 374 XXX.
1178 315 1236 377 29l

87 436 151 502 eins
173 437 335 523 castigandi
358 459 460 503 caussa
484 441 555 504 dens
577 441 686 504 edixit:
719 445 903 522 Peregrinum
924 449 981 504 eant
999 465 1089 507 semen
1112 457 1188 508 tunm
1210 451 1239 509 in
1253 458 1392 517 unusqu.

87 552 165 603 terro
187 545 298 617 αΙιιηα,
333 555 364 604 et
381 545 530 606 cotiaeum
547 567 594 606 eos
611 549 744 606 conuincti
759 549 973 626 quadringentas
990 553 1082 610 unuh.
1130 546 1240 630 Quum·

84 643 185 708 ohrem
203 644 371 709 stabilitatis
386 645 535 710 cniusdam
551 667 585 710 ao
600 646 745 712 firmitatis
762 648 868 729 gratia,
893 669 946 732 pro
961 669 997 712 eo
1014 651 1088 732 quud
1107 652 1238 716 nonnihil

85 747 262 812 addubitans
283 747 407 812 dixisset
428 751 503 810 Nmn
525 755 684 812 centennis
706 762 839 812 nuscetur
851 754 960 832 filins?
989 771 1027 814 ne
1048 752 1111 816 eius
1127 757 1237 839 postesi

82 851 250 915 infidelibus
272 849 472 934 idolorumque
492 850 650 916 cultoribus
670 851 825 938 Aegyptiis
847 852 876 916 in
898 853 1070 918 servitutem
1093 855 1169 935 deti,
1201 859 1237 922 ad

82 955 204 1020 eosdem
227 973 300 1037 qnos
322 963 353 1016 et
370 951 448 1018 illius
465 954 591 1018 maiores
607 955 738 1019 venerati
755 957 886 1034 lucrant,
921 956 992 1020 deos
1014 975 1081 1020 seso
1098 961 1237 1023 transter-

83 1067 163 1134 reut,
189 1066 246 1119 tarn
262 1055 431 1120 abrahamo
444 1056 512 1141 ipsi,
537 1076 620 1140 quam
637 1057 701 1120 cius
717 1058 798 1143 stirpi
814 1058 1064 1124 circtrmoisiouom
1081 1059 1157 1124 illam
1173 1083 1237 1126 car·

81 1159 128 1221 uis
142 1157 270 1236 inussit,
301 1168 333 1221 nt
349 1159 413 1222 eins
430 1169 552 1243 aspectu
566 1157 757 1222 commonitos
772 1163 938 1224 reuerentia
955 1163 1095 1246 quaedam
1111 1165 1237 1230 numinis

81 1261 215 1340 subiret,
247 1281 304 1346 quo
322 1259 418 1325 minus
438 1261 552 1324 eiurare
575 1262 643 1324 illud
663 1263 815 1326 auderent.
860 1261 906 1326 Ea
926 1285 1014 1349 porro
1032 1266 1067 1328 ad
1088 1261 1236 1330 Christum
1357 1315 1361 1322 .

81 1383 177 1448 usqne
190 1363 362 1448 permansit,
385 1363 509 1447 ideoque
524 1374 555 1426 et
570 1363 646 1428 ultro
661 1363 828 1428 circumcidi
842 1365 904 1450 ipse
919 1367 1022 1444 voluit,
1045 1378 1075 1430 et
1088 1366 1174 1431 homo
1190 1391 1237 1432 re·

80 1467 144 1551 ipsa
164 1468 261 1530 lactus
278 1478 340 1547 est,
372 1467 448 1530 idem
468 1465 517 1550 qui
536 1475 567 1529 et
585 1466 656 1530 dcus
675 1466 797 1530 serbmn
816 1487 833 1530 a
853 1478 933 1552 patre
953 1468 988 1532 de
1008 1469 1092 1534 coelo
1111 1471 1234 1555 lapsum,

81 1591 141 1632 nou
167 1591 232 1632 eam
256 1589 339 1654 qnam
362 1567 487 1632 habehat
509 1565 688 1632 divinitatem
712 1569 863 1654 deposuit,
897 1569 948 1633 sed
967 1589 1039 1635 vere
1056 1593 1173 1636 caruem
1192 1575 1237 1637 iu·

81 1674 176 1736 dneus
199 1683 285 1757 atque
307 1693 345 1736 eu
369 1673 496 1754 perlecta
512 1669 643 1733 hominis
665 1680 768 1734 natura
792 1673 962 1736 coalescens
985 1673 1236 1740 circumcisionem

80 1777 247 1860 usurpavit.
294 1772 379 1858 Quod
403 1783 493 1837 lotum
516 1793 556 1836 cx
577 1773 622 1836 rei
645 1773 770 1836 veritate
792 1785 906 1857 gestum
928 1785 989 1854 est,
1022 1786 1055 1839 nt
1072 1788 1102 1840 et
1121 1775 1233 1859 ludaei,

80 1878 324 1974 quemadmodum
340 1877 446 1940 dictum
464 1885 520 1954 est,
544 1885 575 1939 et
587 1871 757 1938 Manichaei
771 1875 849 1938 omui
866 1877 1111 1959 tergiversatione
1124 1882 1235 1946 sublata

80 1979 219 2044 convinci
236 1979 372 2044 laoillime
389 1989 526 2064 possent,
557 1999 592 2040 as
609 1976 798 2041 circumcisus
815 1977 879 2063 ipse
897 1980 1039 2064 abrogata
1057 1982 1161 2046 merim
1179 1983 1236 2048 oir-

80 2081 262 2146 cumcisione
277 2083 416 2146 maiorem
436 2082 578 2166 quandam
594 2081 757 2144 induceret.
797 2077 868 2146 Non
883 2083 965 2166 quasi
979 2086 1077 2168 priore
1090 2084 1137 2148 illa
1152 2107 1235 2149 care·

80 2196 145 2264 ret,
179 2183 356 2268 minimeque
375 2183 598 2268 suscepissetis
615 2203 701 2260 sese,
732 2183 783 2246 scd
803 2193 835 2246 nt
849 2203 883 2246 ea
901 2187 1070 2268 perlnuctns
1087 2187 1157 2250 nihil
1177 2189 1234 2252 iam

79 2307 148 2352 esse
169 2287 368 2352 necessariam
389 2287 576 2365 ostenderet,
600 2285 652 2352 sed
671 2283 755 2348 aliam
774 2284 861 2368 longo
880 2285 928 2348 illa
947 2289 1201 2370 praestantiorem.

167 2387 254 2474 Quod
269 2401 365 2454 autem
381 2389 503 2454 subiude
517 2388 547 2452 iu
561 2388 654 2452 lucem
669 2388 765 2452 editus
782 2387 853 2450 dens
868 2388 966 2466 luerit,
987 2410 1044 2452 uon
1059 2389 1146 2454 houm
1162 2394 1234 2457 dun·
1277 2396 1336 2464 Cop-

81 2504 176 2572 taxat,
199 2489 330 2576 nlllagis
347 2503 448 2578 aperte
465 2491 680 2577 comprobatum
699 2501 755 2553 est.
793 2487 943 2574 Siquidem
961 2490 1062 2576 elapso
1079 2493 1134 2555 iam
1150 2494 1232 2559 bieu-
1251 2464 1353 2517 xm·

80 2597 142 2675 nio,
168 2595 246 2679 quod
262 2593 354 2679 ipsum
373 2595 475 2659 stellae
492 2606 605 2679 tempus
621 2591 731 2656 llerodi
747 2591 962 2678 significarunt,
985 2615 1002 2656 a
1019 2593 1138 2658 biennio
1154 2597 1235 2661 vide·

79 2698 148 2761 licet
173 2707 262 2782 atque
288 2697 383 2776 inira,
416 2695 653 2780 llicrosolymam
677 2693 830 2758 uenientes
855 2693 1129 2782 interrogantesque
1151 2695 1232 2783 Magi
1247 2715 1332 2786 matu.

79 2821 144 2865 cnm
159 2797 324 2864 Bethleemi
340 2801 420 2864 trasci
438 2795 587 2864 Christum
607 2797 745 2882 dportere
761 2796 948 2875 didicissent,
971 2798 1007 2861 ab
1022 2799 1094 2864 urbe
1109 2800 1233 2884 digressi
1247 2769 1272 2825 ρ’
1288 2771 1318 2814 ¹⁸⁸

78 2914 164 2982 snut,
199 2902 358 2986 eademqne
380 2903 453 2966 dnoe
476 2899 560 2965 stella
578 2897 780 2964 Bethleemnm
804 2899 981 2984 aspirarnut.
1028 2899 1088 2982 lbi,
1119 2915 1235 2988 postea·

79 3027 163 3090 qnam
182 3003 356 3091 introgressi
378 3016 463 3082 suut,
494 3000 644 3070 Chr-istum
667 3023 733 3066 cnm
750 2999 849 3067 Maria
870 3013 964 3066 matre
984 3017 1173 3089 repererunt,
1207 3018 1237 3070 et

80 3107 267 3192 procidentes
294 3108 493 3172 adoraverunt
517 3127 583 3171 eum
605 3106 829 3190 obtuleruntque
852 3125 985 3170 munem.
1036 3102 1234 3188 Quamobrem

81 3231 145 3273 enm
170 3209 269 3274 statim
294 3210 433 3274 adoretur
456 3209 504 3294 qni
525 3221 609 3274 natats
627 3219 690 3286 est,
725 3229 784 3272 raon
801 3208 895 3272 nudus
912 3219 959 3273 est
975 3208 1060 3272 homo
1077 3211 1129 3274 sed
1149 3211 1233 3290 dens,

81 3331 174 3397 neque
198 3322 265 3398 post
286 3333 379 3376 anuos
399 3313 534 3396 triginta,
566 3312 614 3376 nel
636 3311 825 3396 baptismum,
858 3307 993 3376 Christus
1013 3313 1151 3392 efficitur,
1182 3315 1233 3377 sed

80 3415 203 3480 subiude
219 3411 357 3480 Christus
374 3437 391 3479 c
408 3413 505 3479 hlarin
522 3413 637 3498 virgine
653 3415 725 3478 deus
740 3413 851 3499 pariter
866 3424 953 3496 atquc
970 3414 1056 3478 houm
1073 3426 1159 3478 natus
1176 3427 1232 3480 ost.

82 3515 244 3604 Propterea
259 3518 357 3582 statim
374 3518 471 3602 angeli
489 3517 617 3581 coeleste
636 3537 756 3581 carmen
773 3515 949 3580 concinnutc
981 3521 1078 3578 Gloria
1093 3523 1123 3579 tn
1140 3523 1234 3580 annel-
1247 3537 1331 3599 noas,
1343 3543 1373 3590 u.
1464 3532 1472 3547 ⁸

80 3625 119 3681 nt
135 3625 206 3695 deo,
231 3633 260 3683 et
274 3625 304 3683 in
322 3633 401 3685 terro
412 3644 489 3704 pan,
521 3622 678 3683 homenibus
688 3639 829 3702 propenso
846 3621 985 3682 uoluntas.
1032 3615 1092 3682 Sed
1112 3629 1141 3682 et
1158 3619 1235 3686 talisi

82 3721 130 3786 illo
148 3723 253 3786 cundo
271 3734 406 3809 pastores
421 3724 644 3810 impertiuntur:
675 3727 770 3785 Nanos
785 3732 829 3783 cst
848 3723 941 3796 notu,
973 3721 1123 3804 inquiunt,
1153 3727 1235 3787 tonse

84 3831 400 3890 uentosissimum
416 3833 529 3890 motato
541 3829 643 3889 Dauid
684 3821 790 3907 Neque
806 3823 982 3899 honestum,
1002 3823 1104 3888 inlcliu
1118 3823 1231 3891 Ebiou!

83 3928 118 3992 de
132 3925 255 3994 Christo
268 3928 485 4016 comprobatur,
505 3949 607 3994 verum
624 3925 804 3990 etiamnunc
819 3926 924 3990 aetatis
939 3924 1111 3990 duodecimo
1127 3930 1233 3996 sedens

82 4030 159 4095 inter
176 4033 349 4096 sacerdotes
365 4053 402 4096 ac
418 4033 554 4097 seniores
570 4039 705 4115 repertus
722 4039 784 4107 ost,
809 4048 874 4091 oum
891 4047 944 4091 eos
961 4027 1175 4115 interrogaret,
1200 4053 1234 4096 ao

84 4155 147 4198 snm
162 4135 221 4198 illis
236 4133 415 4219 inquireret,
445 4133 519 4198 odeo
539 4143 570 4197 nt
586 4137 759 4195 maiusculis·
774 4135 803 4193 iu
824 4132 907 4193 uerbo
919 4137 1048 4212 gyottbe,
1074 4139 1155 4215 ,quod
1163 4157 1233 4216 pro·
1244 4153 1370 4213 Locum.

83 4239 196 4300 cedem
210 4242 246 4298 de
260 4259 310 4300 ore
323 4242 393 4300 nico.
440 4233 509 4300 Non
526 4238 581 4301 hoc
597 4257 674 4300 anno
690 4235 803 4300 domum
820 4234 969 4318 trigesimo
985 4235 1121 4316 iaciebat,
1145 4247 1177 4300 ut
1191 4237 1234 4301 di-

83 4357 151 4403 nere
171 4340 284 4425 possis,
316 4359 353 4402 es
372 4361 429 4424 qno
446 4339 565 4426 spiritus
581 4339 611 4402 iu
630 4359 696 4401 eum
714 4348 833 4400 sanctus
851 4338 971 4424 illapsus
990 4350 1052 4418 est,
1083 4335 1231 4404 Christum

82 4460 148 4504 osse
169 4441 320 4528 coepisse,
352 4437 666 4520 scdnllll.statin1,
699 4439 739 4503 nti
761 4439 903 4523 diximus,
937 4453 1039 4526 estque
1061 4437 1181 4506 aana
1202 4441 1232 4508 in

1 4553 2 4570 ³
81 4544 237 4629 euangelio
256 4543 413 4630 proditum.
459 4543 626 4630 Quinetiam
643 4543 730 4631 paulo
751 4553 821 4608 onte
839 4565 921 4623 oum,
951 4555 982 4606 nt
1000 4544 1109 4687 rplert,
1139 4553 1255 4633 paene‘

963 4650 1000 4717 tn
