3078 5012
375 223 509 277 PaNantt
526 225 588 280 Ltt.
600 225 620 280 l.
637 225 717 280 Tota.
728 227 772 279 ill.
790 226 888 279 HAER.
902 225 983 278 xtu.
1194 216 1254 278 617

110 363 166 408 aas
190 347 255 408 Non
271 350 347 426 cupit
358 347 520 427 prophetam
535 350 627 408 accedi
640 358 722 408 cctra
739 350 924 410 Hierusalem.
971 343 1044 410 illud
1059 346 1164 410 etiam:
1187 352 1254 410 llic-

109 451 250 521 mmmm,
273 452 462 523 Ht'eramnlcm,
486 470 557 530 puae
572 453 675 512 occida‘s
690 452 841 529 propomam
856 461 885 510 ct
898 451 1007 528 laptiles
1023 472 1086 523 eos,
1111 454 1213 531 quial
1229 461 1255 510 te

109 555 285 626 cauma·
318 550 405 615 item:
436 556 526 632 Saepe
540 555 819 632 uoluit-camare,
849 556 925 613 sabat
935 554 1047 631 gollim
1059 555 1154 631 pullos
1169 575 1252 626 suos,-

110 661 159 721 etr
182 655 364 734 tamquarm
378 655 455 716 oobt's
466 658 563 718 domus
578 666 686 730 ummo,
711 665 757 717 et:
780 657 845 716 Noa
860 675 902 716 me
917 655 1055 726 muttum,
1077 657 1163 716 donec
1178 659 1254 718 ditm

109 758 165 828 at,
190 759 365 818 Benedictus.
672 750 675 761 ¹
1195 779 1199 790 ·

195 855 296 922 Relat.
314 857 399 922 XLI.
433 856 509 923 Vide
528 857 650 923 bominis
667 859 834 938 andaciam,
866 879 901 922 ac
918 867 1055 943 quantum
1072 877 1111 922 ex
1124 878 1253 941 evange-

107 957 149 1022 lio
166 956 332 1038 subtrahat,
357 961 593 1044 quemadmodum
613 962 637 1026 si
658 961 721 1046 quis
739 960 855 1025 animali
873 961 1005 1046 quopiam
1022 961 1052 1023 in
1070 961 1140 1025 duas
1156 972 1254 1046 partes

107 1061 235 1126 dissecto
261 1061 407 1126 dimidium
436 1063 499 1127 eins
523 1063 665 1149 imperitis
691 1064 840 1142 ostcodat,
872 1083 905 1126 ac
930 1063 1106 1148 persuadere
1130 1073 1253 1127 conatur

108 1162 250 1227 eiusmodi
272 1174 362 1228 totum
385 1165 489 1228 animal
511 1185 595 1245 esse,
624 1187 677 1230 occ
700 1165 728 1230 ei
750 1167 901 1251 quicquam
924 1166 1099 1250 ademptum.

192 1261 293 1330 Scbol.
310 1266 410 1330 XLll.
443 1268 489 1331 Ad
507 1268 577 1332 haec
593 1269 736 1354 integram
753 1267 875 1332 abscidit
890 1255 1011 1332 duorum
1029 1270 1151 1333 liliorum
1171 1289 1253 1355 para·
1266 1289 1363 1346 nuato,
1374 1292 1406 1336 u.

105 1367 219 1448 bolam,
244 1369 307 1433 eius
325 1371 460 1433 videlicet
481 1371 528 1454 qni
552 1369 692 1434 bonorum
715 1381 825 1456 partem
847 1370 1024 1449 abstulerat,
1048 1383 1078 1436 et
1099 1371 1230 1436 alterius.

191 1572 294 1639 Rolut.
314 1571 414 1638 XLll.
450 1571 633 1640 simillimum
651 1574 835 1659 maximeque
850 1575 996 1659 geminum
1015 1599 1121 1642 navum
1139 1577 1193 1639 boc
1211 1578 1254 1639 ia-

106 1675 189 1740 cinns
207 1687 253 1740 est
269 1677 321 1754 iis,
347 1679 464 1762 quaein
484 1678 585 1742 codem
601 1688 669 1742 aute
686 1697 795 1763 genere
813 1677 968 1742 commisit.
1013 1676 1099 1762 Quod
1119 1679 1185 1743 huic
1204 1679 1252 1744 uni

106 1779 248 1844 duntaxat
272 1780 363 1844 fraudi
385 1779 457 1859 luit,
490 1803 555 1844 cum
578 1780 677 1845 eadem
703 1781 799 1846 divino
819 1781 928 1845 veritas
949 1779 1134 1846 nibilominus
1154 1800 1253 1865 persc-

107 1891 202 1946 reret.

192 1981 294 2050 Sobol.
315 1983 429 2050 XLlll.
465 1991 526 2050 Leo
540 1998 569 2050 et
578 1989 731 2067 prophetae
747 2007 834 2068 usquc
850 1991 888 2049 cd
902 1992 1048 2061 Iccaacm,
1073 1999 1102 2048 ct
1119 2009 1206 2050 onais
1223 1992 1253 2050 ia
1268 2006 1406 2064 captam.

106 2093 182 2152 illud
200 2095 254 2150 mia
267 2092 355 2173 socit.

189 2189 293 2255 Relnt.
308 2190 424 2256 XLlll.
458 2189 492 2256 si
512 2191 603 2276 legem
628 2202 781 2277 percenset
800 2213 835 2254 ao
856 2192 1010 2276 propbetas
1031 2204 1250 2269 commemorat,

104 2303 267 2378 nequeant
285 2293 325 2357 illi
344 2295 514 2379 pravitatem
533 2293 688 2372 adscribit,
720 2294 859 2358 antistas
878 2293 966 2357 ialsos
983 2294 1137 2378 propbetas
1154 2295 1252 2380 appol·

102 2398 158 2475 lat,
176 2398 351 2460 necessario
368 2397 513 2460 latendum
529 2406 576 2460 est
592 2393 740 2460 Christum
754 2395 900 2460 dominnm
916 2395 1068 2482 propbetas
1084 2397 1251 2460 testimonio

105 2521 160 2564 sno
183 2499 406 2584 comprobasse,
439 2521 511 2584 quos
534 2519 574 2562 cx
593 2500 694 2562 eodem
715 2499 780 2562 loco
800 2498 835 2561 de
854 2493 973 2562 Christo
991 2497 1165 2564 vaticinatos
1183 2519 1251 2564 esse

104 2601 261 2686 colligitur.
431 2607 437 2620 '

188 2699 418 2768 Sobcl.XLlV.
452 2702 498 2768 De
521 2702 610 2768 divite
632 2712 663 2766 et
682 2700 800 2767 Lazaro
825 2702 974 2781 mendica,
1009 2703 1247 2787 quomadmodum
1261 2723 1364 2772 nram.

105 2806 220 2872 delatos
242 2816 287 2869 est
308 2807 344 2870 ab
366 2805 478 2891 angelis
500 2805 644 2870 insicum
669 2804 796 2870 Abraac.

188 2908 288 2974 Reiut.
309 2907 423 2973 XLIV.
459 2907 565 2972 Viden'
588 2916 619 2970 ut
643 2907 823 2971 interrivos
853 2927 887 2970 ao
910 2906 1013 2970 beatos
1037 2907 1067 2970 in
1094 2908 1142 2971 illa
1173 2908 1249 2972 ielici

102 3011 299 3097 sempiternae
323 3011 427 3095 quictis
454 3010 613 3074 hereditate
637 3009 801 3074 Abraamus
824 3009 858 3074 ad
882 3011 979 3073 omino
1002 3019 1189 3089 numeretur,
1220 3021 1250 3072 et
1377 3015 1385 3031 “

101 3115 131 3178 in
150 3113 214 3178 cino
230 3113 296 3176 sino
311 3110 443 3177 Lazarus
459 3111 644 3196 acquiescat?
686 3109 799 3175 Desino
814 3113 921 3195 igitur,
945 3109 1078 3189 Marcio,
1102 3111 1248 3174 Abraama

103 3215 297 3295 maledicere,
330 3215 377 3298 qni
399 3215 544 3278 dominum
563 3214 683 3299 agnovit
697 3233 796 3291 sunm,
826 3233 949 3298 eumque
968 3213 1011 3276 sic
1026 3214 1168 3278 allocutus
1186 3224 1246 3276 cst:

102 3324 237 3392 Domita,
262 3323 314 3399 put
326 3321 433 3380 audacro
447 3323 603 3380 uniuersum
620 3328 734 3378 terram.
781 3313 860 3378 Ecce
879 3316 928 3379 tibi
946 3315 1052 3380 iustum
1066 3315 1142 3379 hunc
1157 3315 1246 3378 fuisse
1260 3337 1399 3396 neniam.

103 3430 227 3484 testatus
246 3431 291 3484 est
307 3420 458 3500 dominus,
490 3439 544 3483 aec
561 3418 597 3482 ab
614 3439 649 3482 aa
667 3418 744 3496 vita,
776 3437 860 3502 quam
879 3419 1008 3482 salvator
1023 3419 1085 3504 ipse
1102 3439 1249 3483 commcn-

103 3522 170 3603 dat,
193 3522 331 3586 alianum.
1351 3589 1352 3592 ,

189 3623 290 3689 Sahal.
306 3624 406 3688 XLV.
440 3629 524 3687 Nunc
545 3646 610 3686 cero
631 3627 677 3686 lic
698 3625 860 3686 consolatur
880 3627 1022 3684 Lazarus.
1261 3645 1398 3698 auctaas.

186 3723 287 3790 liciat.
304 3726 404 3790 XLV.
438 3723 512 3790 Cum
534 3723 665 3790 Lazarus
688 3727 716 3788 in
739 3724 876 3788 abraami
898 3725 964 3788 siau
987 3725 1171 3807 consoletur,
1201 3746 1247 3790 se-

102 3827 201 3912 qnitur
222 3849 260 3892 nc
278 3826 454 3892 Abraamom
475 3828 590 3912 'quidem
612 3828 705 3913 ipsum
728 3827 824 3890 solatii
846 3847 913 3890 esso
936 3825 1020 3892 otuius
1039 3839 1202 3913 expertem.

189 3927 291 3994 Scbnl.
307 3929 421 3995 XLVl.
455 3929 540 3994 Dixit
557 3930 697 4006 Abram,
720 3931 832 3992 Habeat
843 3935 967 4010 illapsam
983 3943 1012 3992 et
1023 3935 1185 4012 propbetas,
1210 3935 1246 3994 il·
1259 3953 1314 3999 tatt.
1327 3956 1359 4001 aa.

103 4037 145 4096 loa
167 4038 300 4096 nudabat:
325 4037 433 4116 olr'opui
450 4055 538 4114 neque
558 4037 623 4096 siu
644 4037 761 4095 mortuis
781 4037 845 4114 quai
864 4038 1069 4109 resurrexerat,
1093 4037 1216 4096 rudunt.

186 4236 290 4302 flatui.
308 4237 421 4303 XLVI.
453 4235 522 4302 Non
539 4247 672 4322 tanquam
687 4238 717 4302 in
734 4237 789 4301 boc
804 4236 910 4301 muodo
925 4237 1017 4303 adbuc
1032 4238 1087 4315 sit,
1111 4249 1141 4302 ct
1154 4237 1182 4302 io
1199 4259 1245 4303 er-

137 4389 177 4444 ta
194 4394 342 4443 lidecumba
362 4391 406 4446 aab
422 4388 529 4454 inaltus
546 4389 659 4460 donatri-
729 4387 766 4444 ll.
783 4395 862 4456 Supra
879 4386 1018 4446 ἀκούουσιν.

105 4475 192 4521 castor
208 4473 281 4524 auaro
298 4475 345 4512 non
361 4467 491 4514 occurrunt.
