3096 4988
241 306 259 365 .·
364 310 498 362 rnnnnn
518 310 581 362 nm.
595 311 617 362 1.
632 310 713 361 rom.
728 311 760 360 ιι.
779 307 877 358 nunu.
894 307 985 360 xxx.
1187 299 1249 362 ιιι

92 431 172 494 esim
188 429 258 494 olim
272 429 389 514 aspides
405 430 512 494 secisse
526 439 659 508 nument,
677 449 799 514 quarum
813 449 878 492 cum
893 429 1023 495 inclusae
1038 427 1250 508 dediscerent,

92 535 217 596 ιιιιιιιιι
236 532 329 595 altero
348 531 512 594 devoravit.
558 531 636 594 Tum
655 551 729 614 quae
746 530 875 594 lcrocior
890 551 924 593 sc
941 530 1089 595 crudelior
1105 543 1170 596 eret
1187 533 1251 596 sols

92 653 271 711 remanens,
297 643 459 717 cunctaque
475 635 563 711 laune,
588 633 716 719 seipsum
733 653 749 696 a
764 631 856 694 cauda
870 632 1014 717 incipiens
1030 633 1167 717 paulatim
1182 655 1252 696 eon·

92 737 234 820 sumpsit3
265 737 350 818 idque
361 735 460 820 ipsum
479 735 508 798 iu
525 735 663 820 Aegypto
681 733 841 818 contigisse
859 755 877 798 a
892 733 1057 811 nonnullis,
1087 736 1136 818 qni
1151 735 1187 798 de
1204 756 1252 798 re·

93 859 157 900 rum
176 847 281 902 aratura
299 838 497 919 seripserunt,
520 837 665 920 proditum
682 847 740 900 est.
785 834 868 900 Unde
887 848 916 899 et
934 837 970 901 ob
990 835 1180 922 Gorgoneum
1199 855 1251 898 vc·

91 939 143 1004 luti
162 949 253 1023 caput
265 938 522 1023 Aspidogorgoois
537 938 641 1002 merito
656 939 683 1002 ei
700 949 747 1000 est
761 957 867 1001 nomen
883 938 1061 1024 impositum.
1107 935 1252 1002 Similiter

92 1039 213 1125 ineptus
226 1062 261 1103 ec
275 1039 398 1104 stolidus
414 1038 511 1103 Ebinn
527 1037 707 1124 Ebionisque
724 1042 854 1104 lautores
870 1039 1026 1104 concidere
1040 1039 1155 1124 seipsos
1168 1051 1251 1102 antc-

93 1153 267 1218 verteruot,
301 1162 394 1224 esque
420 1141 525 1226 quibus
548 1141 729 1226 potissimum
753 1143 918 1227 gloriantur
945 1140 1029 1204 initio
1054 1140 1248 1206 sustulerunt.

91 1241 165 1308 Non
184 1244 263 1306 cuim
283 1240 438 1320 Christus,
462 1253 562 1328 utpote
579 1265 644 1307 cum
661 1244 758 1308 inicus
774 1244 867 1308 adbuc
885 1253 981 1321 esset,
1005 1242 1176 1327 semetipse
1194 1242 1251 1306 cir·

92 1345 242 1409 conscidit.
289 1342 348 1409 Sed
371 1346 531 1410 laudandus
553 1357 707 1431 propterea
731 1347 900 1410 misericors
923 1344 1056 1410 dominus
1078 1355 1140 1424 est,
1174 1345 1250 1429 quod

92 1448 133 1510 ita
150 1467 187 1510 se
206 1445 303 1512 Ebion
320 1447 489 1532 imprudens
504 1447 662 1526 obiecerit,
686 1459 718 1512 ut
734 1448 850 1512 minime
867 1467 939 1512 vera
956 1449 1111 1510 confessus
1128 1447 1250 1511 convin-

93 1549 182 1612 cendi
203 1548 251 1614 sui
268 1569 369 1612 ιιιιιιιι
387 1549 472 1614 uobis
491 1549 673 1613 obtruderet.
718 1547 752 1615 Si
773 1549 850 1614 enim
870 1551 955 1613 deum
975 1548 1054 1612 illum
1073 1569 1141 1612 esse
1160 1549 1250 1612 coeli·

93 1661 201 1734 umque
217 1651 365 1736 delapsum
381 1661 542 1729 assereret,
566 1661 729 1734 octavoque
744 1653 791 1715 die
805 1671 822 1714 o
834 1649 931 1715 Maria
950 1652 1165 1729 circumcisum,
1189 1661 1249 1714 ιιιιι

91 1753 209 1836 quidem
229 1762 373 1835 quotenus
392 1763 422 1815 ct
438 1753 510 1816 deus
529 1754 621 1828 toret,
652 1764 682 1815 et
700 1753 728 1816 id
747 1753 822 1817 ultro
838 1773 873 1816 ac
888 1753 1038 1818 voluntate
1054 1753 1247 1838 permisisset,

92 1854 260 1938 speciosum
280 1853 415 1938 quiddam
435 1873 472 1916 sc
490 1854 639 1938 probabile
660 1856 695 1917 od
714 1855 946 1920 circumcisionis
967 1855 1248 1920 commendationem

90 1955 327 2020 circumforaneo
350 1955 399 2018 isti
422 1955 615 2039 praebuisset.
659 1954 721 2020 lom
743 1977 814 2020 vcro
837 1977 902 2020 cum
922 1977 1034 2020 merum
1053 1957 1134 2021 illum
1156 1957 1248 2020 bouni-

92 2077 157 2120 uem
183 2077 270 2136 csse,
299 2068 386 2141 utque
408 2058 443 2120 sb
463 2056 626 2121 bominibus
644 2059 846 2122 circumcisum
869 2059 961 2124 tuisse
983 2059 1108 2136 sentiat,
1138 2079 1248 2143 neque·

93 2179 180 2240 quom
205 2179 297 2241 puero
318 2159 359 2222 illi
382 2159 464 2222 velut
484 2159 596 2222 auctori
616 2160 798 2224 tribuendum
819 2173 881 2238 est,
912 2162 988 2245 quod
1003 2171 1109 2226 octava
1125 2161 1165 2226 sit
1183 2161 1247 2226 lucc

92 2259 298 2324 circumcisos.
342 2257 449 2344 Neque
465 2260 543 2324 enim
560 2261 746 2347 semetipsum
764 2263 915 2348 praecidit,
940 2263 990 2326 sed
1005 2263 1032 2325 id
1052 2262 1088 2326 eb
1102 2261 1166 2326 eliis
1182 2283 1248 2347 pas·

90 2381 141 2423 sus
164 2373 230 2440 est3
266 2361 342 2445 quod
368 2363 422 2425 sibi
449 2361 519 2447 ipsis
543 2363 625 2448 pueri
654 2365 863 2442 musacium,
896 2385 989 2448 neque
1014 2362 1246 2428 circumcisionis

90 2473 229 2526 auctores
246 2463 319 2547 ipsi,
341 2465 394 2527 scd
412 2485 514 2528 eorum
531 2466 625 2548 potius
641 2475 778 2550 parentes
794 2465 918 2529 habendi
934 2477 1015 2530 sunt.
1059 2463 1177 2528 Etenim
1195 2485 1245 2550 pu-

90 2563 193 2628 siones
215 2563 258 2628 illi
280 2586 351 2650 prae
373 2565 493 2630 infantia
517 2568 584 2650 quid
606 2566 661 2630 sibi
684 2589 701 2628 a
723 2569 891 2652 parentibus
914 2569 962 2632 liat
984 2569 1129 2652 ignorent.

170 2667 215 2730 m
231 2687 285 2730 uos
301 2679 332 2730 ct
346 2668 430 2730 denm
446 2668 527 2731 illum
541 2689 557 2730 e
573 2669 656 2732 coelo
672 2668 860 2734 descendisse
877 2669 1016 2746 dicimos,
1040 2680 1071 2732 et
1085 2668 1115 2732 in
1128 2665 1245 2732 Mariae
1263 2663 1364 2782 xiiij,

92 2767 218 2852 virginis
236 2779 322 2832 utero
340 2768 469 2853 legitimo
488 2780 618 2854 tempore
637 2771 849 2854 permansisse,
884 2782 990 2854 quanto
1009 2771 1121 2836 scilicet
1137 2771 1247 2854 gestari
1365 2768 1373 2784 '

90 2869 184 2932 ceteri
204 2870 356 2934 intentioni
374 2873 488 2950 solent,
520 2872 616 2934 donec
631 2893 670 2936 ex
687 2874 737 2936 illc
754 2874 877 2957 virginis
893 2883 979 2937 utero
997 2875 1149 2956 prolusus,
1180 2893 1246 2958 per·

93 2972 170 3034 lecto
195 2970 254 3034 iem
278 2971 402 3036 bominis
426 2974 502 3056 quod
524 2973 659 3037 induerat
682 2995 824 3059 corpore,
858 2987 1022 3060 susceptam
1047 2997 1066 3038 ιι
1087 2995 1121 3038 se
1142 2973 1245 3039 salutis

91 3083 212 3136 nostrae
227 3075 462 3156 procurationem
480 3077 599 3158 aggredi
616 3075 753 3138 instituit.
799 3073 833 3140 lu
848 3099 906 3161 qua
920 3089 950 3141 et
966 3079 1000 3142 nd
1017 3077 1092 3140 diem
1110 3087 1243 3141 octavum

90 3195 147 3237 uou
163 3174 265 3258 specie
284 3187 386 3254 tenus,
418 3178 469 3240 sed
489 3176 587 3262 reipsa
604 3177 794 3242 circumcisus
811 3189 869 3242 est.
916 3183 997 3240 Vem't
1013 3183 1085 3240 ennio
1104 3190 1136 3240 ut
1152 3181 1241 3258 bgcm
1249 3185 1394 3237 Mustell-

90 3297 123 3336 cc
136 3280 341 3357 prophetarum
357 3281 485 3359 cinpteret
496 3282 623 3353 oracula,
647 3302 703 3342 non
719 3293 871 3356 conteret,
895 3291 982 3365 atque
996 3291 1026 3344 ut
1043 3279 1169 3344 alicuem
1184 3299 1242 3343 uon

92 3377 182 3442 inisse
199 3377 294 3462 legem
311 3381 492 3456 ostenderet,
516 3382 567 3444 sed
584 3403 600 3443 u
616 3381 715 3466 seipso
728 3401 899 3446 concessam
916 3383 950 3446 sd
966 3403 1049 3446 suom
1062 3401 1154 3463 usque
1169 3392 1243 3444 tem·

91 3501 144 3562 psa
169 3477 225 3542 sub
248 3480 417 3562 quibusdam
443 3482 598 3565 figurarum
621 3482 701 3546 velut
723 3482 899 3546 umbraculis
919 3481 1099 3566 perstitisses
1132 3503 1190 3565 quo
1211 3481 1242 3547 in

91 3599 157 3643 sese
175 3601 212 3644 ac
228 3601 281 3664 per
296 3601 364 3645 sese
380 3583 580 3666 quodcumque
596 3584 653 3668 legi
669 3585 770 3648 deerat
784 3596 931 3668 postremo
945 3583 1103 3666 suppleret,
1126 3585 1241 3647 endem-

90 3703 145 3764 que
165 3682 216 3744 illa
237 3682 392 3766 figurarum
410 3682 562 3749 involucra
579 3688 615 3749 ad
633 3685 792 3770 spiritalem
811 3686 1018 3769 perlectionem
1036 3684 1242 3748 severitatem

90 3784 232 3864 perducta
249 3783 355 3866 ligores
373 3805 440 3848 esse
459 3782 582 3850 desiisse
601 3797 687 3870 etque
706 3788 741 3850 nd
760 3787 912 3850 veritatem
932 3785 1085 3848 transiisse
1102 3789 1242 3873 tam-ipsc

90 3903 175 3966 quam
196 3883 262 3946 eius
281 3886 406 3967 apostoli
425 3887 637 3970 praedicarent.
684 3885 718 3952 lu
736 3889 787 3951 illo
803 3889 909 3974 quippe
927 3888 1002 3972 quod
1020 3887 1159 3972 seriptum
1177 3897 1242 3952 eret

91 3984 118 4046 in
134 3971 201 4068 lege.
217 3987 378 4069 perlectum
396 3999 459 4066 est,
482 3988 527 4066 id,
549 3991 677 4072 iuquam,
701 3993 776 4072 quod
790 3992 826 4052 ad
843 3992 907 4054 cius
923 4010 1014 4074 usque
1030 3999 1162 4075 tempore
1176 4011 1242 4074 per·

90 4085 224 4166 durarit,
249 4099 279 4150 ct
295 4087 324 4150 iu
341 4088 405 4172 ipso
423 4091 479 4152 iam
495 4088 657 4153 absolutum
674 4090 878 4174 impletumque
893 4090 991 4168 desiit,
1017 4092 1149 4155 nimirum
1167 4090 1242 4174 quod

92 4184 226 4272 Sepbora
243 4188 376 4254 dicebat:
407 4194 496 4252 Sient
508 4195 627 4270 sanguis
643 4196 863 4253 ccicrsmcc'ssbms
871 4195 938 4273 fiiri*
956 4199 1019 4256 mcs'.
1065 4191 1135 4256 Nou
1154 4191 1239 4270 dixit,
1255 4195 1393 4251 dedstb

93 4291 369 4372 Cdcumcddr'filt'um
383 4314 481 4354 mecm.
528 4289 634 4376 Neque
654 4293 730 4356 enim
749 4293 777 4356 id
794 4293 898 4378 agebat
911 4296 1044 4380 angelus,
1069 4305 1100 4358 ut
1118 4295 1241 4358 circum·

91 4389 164 4454 cisio
180 4393 283 4472 tieret,
316 4414 410 4477 neque
425 4392 577 4477 sauguinis
596 4405 675 4460 metu
691 4396 833 4474 recessit,
862 4396 915 4460 sed
932 4406 966 4460 ut
982 4415 1047 4460 eum
1064 4396 1205 4461 insontem
1224 4417 1242 4460 n
