3100 4984
349 281 484 332 rannun
504 281 565 332 mn
578 283 597 333 r.
615 281 695 333 ron.
711 281 742 334 n.
760 281 859 332 uren.
872 239 995 332 xnxnr.
1190 271 1252 335 tlt

97 401 384 468 ludaeisvccantnr.
426 399 802 485 Quatuoranternillarum
818 413 1023 486 suntgenera.
1063 401 1254 470 Primomost

95 507 171 590 quod
196 505 250 570 sub
272 502 368 570 Mosis
396 505 513 568 nomine
533 505 752 568 circumierunt.
799 501 966 569 Secundum
992 518 1037 570 est
1061 508 1136 591 qnod
1157 505 1252 572 ltabbi

96 608 214 672 Alcibac
235 608 376 672 tribuunt.
424 605 560 672 Tertium
579 609 700 687 Addae,
725 605 910 670 siveludae.
957 605 1101 691 Quartum
1122 610 1253 675 adasa-

95 712 214 774 monaei
230 710 304 774 lilios
321 711 459 774 relcrtur.
505 707 589 774 Cedo
605 711 704 794 igitur,
729 709 815 774 homo
832 710 1100 776 contentiosissime
1117 733 1151 775 ac
1165 713 1253 778 levis·

93 815 187 894 sime,
220 834 344 899 quonam
365 814 394 877 io
414 811 605 877 pentateuchi
626 812 799 897 divinaeque
814 813 889 896 legis
906 813 1056 877 volumine
1074 815 1151 878 illam
1170 826 1253 900 potes

93 917 299 980 demonstrare
314 915 490 980 sententiam
508 937 593 1000 qnam
611 915 640 978 in
658 915 811 1000 evangelio
827 915 964 980 Christus
981 917 1098 981 attulit?
1142 921 1253 997 Quidr'-
1266 932 1404 991 mireari.

93 1026 176 1082 :ecrit
186 1025 331 1100 potra'suo
348 1021 470 1093 Cordoa,
489 1023 565 1101 qnod
576 1029 620 1080 est
633 1024 745 1093 daneon,
770 1021 845 1081 nr'dil
856 1024 914 1099 apsi
920 1024 1068 1100 proderat.-
1091 1021 1166 1104 qnod
1184 1020 1253 1084 milri

93 1144 242 1208 uunquam
265 1122 416 1186 ostendes.
463 1119 662 1205 Quamobrem
686 1122 773 1205 lrigel
793 1121 841 1184 illa
864 1133 915 1185 tua
933 1122 1107 1208 disputatio,
1138 1144 1203 1186 cum
1225 1123 1253 1188 id

92 1227 177 1290 nullo
197 1223 389 1290 Pentatenelri
412 1225 478 1288 loeo
500 1223 640 1310 scriptum
663 1235 764 1303 extet,
797 1245 832 1287 ao
854 1225 981 1289 miserae
1002 1225 1043 1289 illi
1066 1225 1253 1290 mulierculae

92 1329 287 1413 nequicquam
303 1327 479 1414 imposuisti.
527 1324 668 1391 Ceterum
687 1347 762 1411 quae
778 1347 794 1390 a
808 1323 917 1413 Moyse
933 1328 1045 1392 sancita
1061 1339 1141 1406 sunl,
1165 1349 1182 1392 a
1198 1329 1253 1392 deo
1290 1333 1295 1340 ’

91 1431 215 1495 minime
231 1431 431 1508 suntaliena,
455 1451 471 1493 a
491 1450 564 1514 quo,
589 1427 697 1516 Moyse
715 1441 868 1514 sequestre
885 1441 972 1516 atque
991 1430 1169 1516 interprete,
1195 1442 1254 1496 tra·

92 1534 155 1598 dita
181 1543 267 1612 sunt3
299 1533 375 1618 quod
400 1553 433 1596 se
460 1533 555 1618 ipsum
581 1533 740 1596 saluatoris
763 1532 900 1596 iudicium
926 1531 1081 1597 evidenler
1100 1533 1252 1620 approbat,

92 1637 229 1721 adeoque
251 1633 356 1720 quibus
378 1635 470 1698 uteris
491 1634 683 1714 testimoniis,
717 1657 752 1700 eo
769 1646 872 1700 contra
892 1637 1076 1724 tenretipsnm
1095 1635 1252 1722 protulisti.

93 1737 150 1804 Sic
168 1738 245 1802 enim
266 1738 295 1801 in
315 1737 471 1822 evangelio
488 1737 622 1801 dominus
640 1738 783 1823 loquitur:
807 1743 921 1820 Moyseo
935 1742 1004 1802 doec
1019 1744 1134 1821 serpsit
1150 1733 1190 1802 od
1202 1744 1404 1812 otu-rmntios.

90 1847 189 1904 n'n'em
206 1845 301 1903 euraldo
316 1845 412 1904 neena'.
460 1837 521 1904 lam
538 1841 613 1925 quod
630 1838 754 1926 Moyses
771 1842 899 1927 scripsit,
924 1863 982 1906 uon
1000 1843 1074 1907 citro
1090 1844 1136 1905 dei
1151 1842 1255 1908 uolnu-

92 1947 185 2008 tutem
204 1943 340 2030 scripsit,
372 1945 423 2007 sed
444 1953 548 2007 sancto
568 1941 671 2029 spiritu
689 1943 857 2029 impellente
875 1946 1037 2010 constituit.
1082 1943 1159 2010 Mox
1176 1946 1253 2010 enim

90 2047 274 2112 salvatorio
293 2048 395 2111 eodem
414 2047 589 2132 evangelio,
625 2050 706 2126 Quod
720 2051 803 2122 deus,
838 2045 948 2130 iuquit,
978 2053 1142 2123 oonaunm't,
1173 2053 1254 2112 domo

90 2174 150 2216 noe
166 2161 291 2232 separet.
335 2147 587 2233 Quemadmodum
605 2171 677 2214 vero
694 2148 894 2229 coniunxerit,
918 2151 1009 2215 verba
1022 2150 1099 2236 ipsa,
1123 2162 1155 2216 ot
1170 2151 1255 2214 iutel-

88 2255 271 2338 ligeremns‚
304 2253 428 2317 adiecita
460 2257 580 2335 Propter·
594 2254 647 2314 doc
661 2255 896 2334 rediaqnetdomo
909 2267 1018 2335 patrem
1032 2275 1129 2328 snum,
1162 2264 1193 2316 et
1203 2257 1254 2315 od·

89 2356 226 2419 hoereln't
239 2361 328 2418 umori
337 2377 417 2430 sune,
442 2368 472 2418 et
484 2360 637 2418 morardum
651 2361 680 2417 aia
694 2376 806 2418 earnem
820 2375 914 2418 onom.
948 2355 1027 2421 'l'nm
1044 2355 1150 2419 inlert:
1176 2359 1257 2434 Quod

89 2481 166 2541 ergo
184 2463 254 2520 deus
269 2463 431 2534 coniurati,
464 2462 544 2521 lromo
562 2481 617 2520 non
633 2471 755 2539 separet.
800 2459 892 2544 nequi
912 2479 1058 2544 nunquam
1077 2457 1147 2522 illud
1163 2457 1254 2521 domi·

89 2583 169 2638 nus,
198 2583 263 2624 euro
283 2561 428 2624 Adamum
448 2559 600 2645 Enamqoe
619 2563 776 2638 tormaret,
801 2582 960 2647 usurpasse
979 2563 1103 2647 legitur,
1128 2560 1179 2626 sed
1201 2562 1254 2625 lroc

90 2665 211 2729 solum:
235 2667 384 2727 Faciamus
399 2669 429 2727 ei
439 2667 610 2727 adiutorium
626 2667 718 2726 simile
733 2665 797 2726 sibi.
848 2661 926 2728 lstnd
945 2685 1017 2729 nero
1031 2664 1067 2728 ab
1080 2665 1197 2728 Adamo
1212 2663 1255 2727 di·
1269 2679 1353 2736 ttent.
1366 2681 1395 2727 re.

89 2778 173 2831 otum
190 2777 254 2846 est,
279 2767 328 2851 qui
349 2789 365 2830 a
383 2787 486 2832 somno
503 2769 749 2853 expergefactus,
774 2772 835 2830 Hoc
850 2788 925 2829 niano
940 2790 987 2842 oe,
1013 2767 1069 2847 ait,
1093 2791 1130 2830 en
1146 2769 1255 2830 ceaddan

89 2874 174 2942 merle,
195 2881 225 2930 et
237 2891 305 2932 coro
319 2873 354 2932 de
368 2893 454 2933 corne
467 2893 545 2932 meo.-
563 2874 632 2932 doec
647 2871 792 2932 uocabitur
807 2875 925 2951 Virngo,
942 2876 1009 2953 queit
1022 2893 1060 2932 ea:
1072 2875 1255 2952 comsumpta

87 2985 145 3036 est.
194 2967 297 3056 Pergit
311 2973 433 3038 deinde:
457 2977 578 3054 Propter
592 2976 645 3034 doc
660 2975 802 3055 relinquet
814 2978 894 3036 donno
905 2985 1018 3055 putrem
1034 2986 1063 3036 et
1076 2985 1203 3047 matrem,
1227 2985 1257 3035 et

88 3075 262 3138 antomon
275 3081 365 3138 rasori
377 3097 456 3152 eune,
481 3089 509 3138 et
523 3088 610 3139 erunt
622 3081 677 3138 duo
692 3082 721 3138 in
736 3099 848 3139 earnem
864 3099 958 3139 uriom.
1002 3073 1076 3140 Cum
1092 3076 1180 3160 igitur
1196 3097 1255 3138 non

88 3177 148 3242 lroc
167 3177 259 3257 deus,
284 3179 335 3242 sed
353 3179 485 3243 Adamus
502 3179 627 3258 dixerit,
652 3191 682 3243 ct
701 3201 736 3243 ea
753 3179 817 3265 ipsa
833 3191 929 3242 tamen
948 3179 994 3241 dei
1012 3199 1078 3241 esse
1095 3178 1187 3241 verba
1204 3177 1255 3239 do-

89 3283 191 3343 miurus
211 3279 240 3342 in
260 3281 415 3365 evangelio
433 3291 573 3360 testetur,
598 3282 670 3344 satis
690 3303 738 3344 ros
756 3283 819 3366 ipsa
837 3283 982 3358 declarat,
1009 3291 1067 3342 tnm
1087 3280 1158 3342 llaec
1175 3281 1255 3342 lida-

88 3384 130 3446 mi
148 3380 268 3466 quidem
287 3403 351 3463 ore,
376 3385 427 3447 sed
443 3384 489 3447 dei
504 3405 571 3448 esse
588 3384 739 3447 voluntate
757 3383 878 3469 prolata.
925 3381 1069 3446 Similiter
1086 3391 1115 3444 et.
1130 3379 1254 3466 Moyses

89 3487 188 3571 legem
209 3483 310 3564 edidit,
335 3507 420 3569 quam
436 3487 564 3550 dictante
579 3487 697 3550 domino
712 3486 864 3550 didicerat.
905 3483 1006 3569 Quare
1022 3485 1079 3548 duo
1093 3483 1141 3546 illo
1156 3493 1253 3547 tamen

88 3589 187 3652 cerba
206 3607 266 3650 non
283 3588 385 3673 procul
403 3589 554 3653 arcessitis
573 3589 752 3665 rationibus,
775 3589 825 3651 sed
846 3609 899 3651 usu
917 3587 1123 3673 propemodum
1141 3586 1206 3673 ipso
1220 3607 1255 3650 ao

90 3690 262 3776 prolatione
284 3692 486 3755 conciderunt.
533 3689 651 3754 Etenim
675 3691 751 3754 illam
775 3712 790 3752 a
813 3691 868 3754 deo
892 3691 1050 3775 prolectam
1073 3709 1139 3752 esse
1159 3689 1253 3773 legem

89 3793 205 3857 nemini
230 3791 386 3856 obscurum
408 3793 547 3857 arbitror.
595 3791 673 3856 ldem
697 3793 746 3856 ille
771 3814 842 3856 vero
864 3793 968 3876 ubique
988 3793 1148 3856 decernere
1165 3793 1252 3872 solet,

87 3895 199 3982 partim
220 3917 295 3979 qnae
316 3896 494 3980 temporibus
513 3907 694 3980 congruunt,
728 3900 831 3982 partim
852 3917 924 3980 qnae
945 3895 1033 3958 certis
1051 3894 1138 3958 rebus
1155 3895 1254 3957 adum-

89 3998 216 4063 brandis
239 3997 390 4078 seruiunt,
424 4000 528 4085 partim
552 3998 654 4082 quibus
678 3999 775 4062 lutura
799 3998 873 4062 bona
897 3997 1099 4076 declarantur,
1133 3997 1253 4082 quaein

88 4100 252 4184 evaugelio
277 4100 390 4164 demum
414 4102 540 4166 aduentu
565 4123 619 4166 suo
643 4097 780 4166 Christus
807 4098 891 4165 lesus
917 4100 1050 4166 dominus
1075 4109 1177 4164 noster
1200 4100 1254 4161 im·

87 4202 198 4289 plevit.

181 4301 282 4368 Venio
297 4302 404 4369 iamed
420 4305 542 4372 alteram
556 4305 635 4370 illam
651 4307 813 4371 institutam
829 4327 846 4370 a
863 4316 890 4370 te
907 4307 1028 4370 deornm
1044 4304 1183 4390 triplicem
1199 4303 1254 4367 dil·
1272 4311 1331 4380 Cap.
1346 4313 1380 4361 rr.

87 4407 271 4484 larentiam,
297 4429 380 4492 qnam
399 4409 500 4473 eadem
519 4409 633 4474 ratione
649 4409 829 4474 calumniose
847 4410 999 4474 confictam
1017 4427 1101 4488 essa,
1122 4419 1208 4492 teque
1224 4407 1253 4472 id

146 4507 241 4564 Corpus
254 4503 390 4552 innarenn.
404 4503 433 4551 n.
651 4564 656 4577 Ι
1010 4515 1050 4578 27
