3106 4990
318 327 454 378 canaan
472 327 535 377 ono.
548 327 568 377 t.
585 327 666 378 son.
681 327 723 378 nn.
741 327 838 378 anca.
851 327 1000 379 xxxvia.
1176 315 1236 378 515

84 454 140 511 lum
157 451 272 522 domm,
298 451 350 529 qni
360 459 473 528 poam
489 448 617 508 tenebras
631 451 735 522 lucem,
760 459 790 508 ct
802 450 890 508 lucem
908 450 1053 522 tenebras,
1078 453 1130 529 pau'
1142 451 1242 510 ducunt

83 556 166 614 dulce
182 571 325 625 umerum,
349 562 380 611 et
393 571 519 612 amorum
535 553 627 612 dulce.
674 548 751 614 Num
767 549 797 612 in
817 549 910 612 veteri
927 560 957 612 et
971 571 1049 613 novo
1065 559 1240 614 testamento

84 651 170 719 Caini
184 651 318 738 impietas
334 663 436 738 aperta
454 673 489 715 ac
506 651 584 716 clara
601 673 675 718 voce
691 652 887 738 praedicatur.
927 649 971 715 ttti
990 663 1086 715 antem
1105 653 1241 716 tenebro-

84 779 148 820 rum
164 767 309 818 amatores
325 778 360 819 ac
375 756 573 818 maleficorum
589 755 752 818 imitatores
768 755 892 818 Abelom
908 754 1044 834 oderunt,
1069 765 1099 818 ct
1115 751 1241 819 Cainnm

84 870 200 937 ament,
232 869 264 922 et
281 855 382 922 iudam
404 856 561 944 praeconio
583 879 637 920 sno
658 857 818 922 celebrant.
865 853 925 922 Sed
946 867 976 920 et
994 855 1242 941 perniciosissime

85 961 241 1052 sentiunt,
260 961 326 1024 dum
347 958 496 1024 Virtutem
515 959 657 1045 duplic-em
673 961 870 1039 constituunt,
901 959 1074 1023 imbeciiiam
1091 969 1120 1022 et
1135 957 1243 1023 firmio·

85 1085 166 1145 rem,
195 1085 268 1149 qnae
286 1082 385 1127 secum
404 1063 529 1126 invicem
549 1064 726 1141 dissideant,
758 1083 791 1126 ac
810 1083 868 1126 oon
888 1061 1069 1126 voluntatum
1089 1061 1244 1125 inmundo

86 1167 257 1231 varietatem
277 1167 423 1244 inierant,
457 1167 508 1229 sed
526 1167 594 1230 inm
612 1166 780 1251 perficiant,
812 1165 909 1248 utqui
929 1165 958 1228 in
976 1165 1069 1228 lucem
1087 1166 1242 1250 prodeunt,

83 1271 134 1334 atii
150 1269 270 1356 primam
287 1290 303 1331 a
320 1269 396 1332 maio
412 1279 533 1332 craturae
548 1268 704 1353 originem,
724 1269 773 1332 atii
787 1289 804 1332 a
819 1269 896 1331 bono
912 1269 1071 1332 derivatam
1086 1267 1242 1354 accipiant.

84 1371 243 1436 Neminem
267 1373 343 1435 enim
367 1371 408 1433 int
430 1391 471 1434 cx
493 1371 580 1434 suinai
604 1371 815 1436 deliberatione
838 1371 945 1435 bonum
968 1391 1035 1435 esse
1058 1371 1105 1436 vel
1124 1371 1243 1450 malum,

84 1478 138 1540 scd
162 1485 266 1538 natura
288 1473 353 1558 ipsa
375 1473 526 1537 definiunt.

172 1575 232 1642 Sed
250 1577 285 1640 de
303 1573 398 1641 Caino
414 1577 536 1660 primum
553 1576 619 1661 quid
637 1587 738 1639 vetere
753 1577 782 1638 ia
801 1585 975 1638 testamento
990 1575 1130 1661 scriptum
1147 1575 1186 1639 sit
1200 1573 1246 1637 in·
1265 1585 1324 1655 cup.
1340 1588 1382 1638 tv.

86 1679 258 1766 spiciamus.
304 1683 491 1754 Maledictus,
523 1679 633 1764 inquit,
665 1684 756 1740 meso
776 1690 870 1752 terro,
903 1701 975 1760 qnae
989 1683 1102 1759 operuit
1117 1699 1148 1740 os
1163 1699 1244 1739 surum
1258 1695 1315 1740 oen.
1324 1696 1345 1750 s,
1354 1696 1386 1740 11.

85 1795 115 1845 et
133 1789 259 1864 suscepit
274 1787 439 1862 sanguninem
448 1783 558 1864 scutris
575 1785 620 1843 tui
638 1785 673 1842 de
690 1803 773 1844 rauna
793 1793 856 1856 tuo,
888 1785 1000 1862 ere'sqae
1012 1803 1128 1861 gemens
1146 1793 1177 1842 et
1192 1792 1248 1842 tre·
1353 1793 1362 1814 ⁸

87 1909 166 1947 mens
180 1907 266 1966 cuper
281 1896 397 1946 terram.
446 1879 560 1965 Quibus
577 1905 611 1948 ea
629 1885 829 1963 consentiunt,
854 1905 928 1968 quac
943 1883 979 1946 de
995 1884 1098 1946 eodem
1114 1884 1248 1947 dominus

87 1989 118 2052 in
138 1985 454 2070 evangeiioioquitur,
486 2007 550 2050 otim
571 1983 670 2050 ludaei
685 1987 847 2064 dixissent,
880 1991 990 2048 Patrem
1006 1988 1138 2048 debemus
1154 1988 1245 2048 deum.

89 2088 143 2154 Sic
162 2089 238 2153 enim
254 2089 388 2152 dominns
407 2087 554 2152 occurrite
587 2093 641 2149 Vos
650 2093 717 2169 stlte·
729 2095 797 2151 estis
809 2094 905 2170 putres
922 2095 1011 2150 nestri
1023 2091 1145 2163 deotolt,
1178 2110 1246 2171 qno-
1260 2107 1337 2152 loson.
1349 2109 1370 2163 s,

87 2199 166 2256 aiom
184 2196 304 2254 mendae
321 2203 381 2265 est,
415 2195 545 2273 quorsum
560 2203 645 2271 pater
662 2196 723 2253 eius
739 2195 860 2253 mendae
881 2203 941 2254 est.-
973 2193 1023 2251 itte
1036 2193 1175 2252 tomt'ce'du
1184 2193 1249 2272 suit
1278 2161 1313 2216 Μ’
1326 2160 1358 2205 ⁴⁴⁴

88 2298 126 2358 ob
142 2299 240 2368 mano,
265 2307 293 2355 et
311 2298 340 2356 e‘n
356 2298 475 2355 ueritate
486 2316 542 2356 aua
557 2299 646 2355 stctc'ts
693 2298 761 2355 Cum
778 2297 919 2374 loquutur,
944 2295 1116 2356 menducium
1132 2315 1169 2353 eu
1180 2313 1250 2372 pro-

84 2404 154 2480 pre'c
173 2401 314 2479 quuitur,
346 2401 475 2478 puuctum
491 2401 688 2477 repeteretur
703 2400 823 2458 mendac
837 2408 909 2457 erat.
957 2393 1007 2458 Es
1023 2416 1081 2479 qino
1099 2406 1129 2458 et
1147 2394 1250 2458 haers-

89 2521 142 2565 ses
159 2498 235 2562 eliae
252 2521 316 2562 com
333 2497 408 2561 hanc
423 2519 526 2561 vocem
541 2499 678 2576 andiunt,
702 2495 876 2561 lardoeorum
893 2508 1003 2583 petrem
1021 2497 1165 2560 diabolum
1184 2515 1251 2560 csse

89 2603 211 2678 dicunt,
242 2601 288 2664 coi
306 2611 336 2664 ct
351 2600 424 2663 atius
441 2601 481 2663 sit
496 2611 594 2686 pater,
626 2601 750 2684 huicque
767 2601 864 2664 itidem
882 2601 966 2665 aliens.
1013 2595 1074 2664 Sed
1092 2609 1252 2662 excaecata

90 2716 193 2769 merite
217 2703 414 2788 effrenataque
437 2701 536 2788 lingna
556 2703 613 2766 ista
634 2703 779 2768 iactitant.
825 2701 975 2787 Siquidem
993 2703 1028 2765 ed
1045 2701 1253 2766 universorum

91 2808 242 2871 domninum
266 2827 301 2869 ao
325 2803 497 2870 iudaeorum
522 2817 552 2868 et
572 2801 826 2885 Christianorum,
860 2806 991 2890 adeoque
1015 2806 1142 2869 omnnium
1168 2806 1253 2868 deum

91 2911 172 2974 inim
194 2907 397 2992 cognationem
419 2909 568 2986 referunt,
601 2929 724 2992 eumque
746 2919 856 2995 patrem
875 2929 942 2974 esse
960 2909 1089 2994 parentis
1105 2907 1183 2972 iiiios
1202 2929 1254 2993 pu-

91 3024 158 3077 teat
181 3011 229 3096 qui
248 3008 348 3096 Moysi
370 3011 464 3094 legem
488 3010 729 3096 praescripserit,
760 3033 795 3076 sc
817 3024 874 3074 tam
898 3011 987 3076 muita
1011 3011 1139 3096 prodigio
1158 3021 1254 3095 patre-

91 3115 185 3180 verit.
232 3111 291 3178 Sed
315 3113 401 3196 longe
424 3133 457 3176 se
478 3133 528 3176 res
546 3113 632 3176 aliter
649 3115 752 3192 habet,
784 3115 990 3178 ooorissimct
1035 3113 1113 3178 Nam
1130 3113 1255 3177 subinde

91 3218 232 3282 domiuus
253 3214 346 3280 nostri
367 3217 397 3278 io
421 3215 554 3278 omnibns
572 3237 671 3280 curam
691 3237 816 3300 gerens,
851 3238 888 3279 nc
909 3238 961 3300 pro
978 3216 1042 3278 aliis
1058 3217 1115 3278 alia
1131 3215 1254 3279 subdole

93 3321 292 3404 dangeremns,
316 3328 366 3380 aut
380 3317 492 3379 iliorum
510 3327 619 3402 patrem
636 3339 741 3380 revera
757 3318 993 3382 existimaremus
1010 3339 1077 3382 esse
1094 3316 1252 3395 diabolum,

91 3424 137 3486 ita
155 3421 314 3505 discipulos
331 3441 400 3483 snos
419 3419 592 3504 alloquitur:
624 3423 724 3482 Nonne
741 3423 884 3482 duodecem
903 3442 951 3481 cos
968 3424 1057 3500 elegi,
1081 3432 1110 3480 et
1127 3441 1200 3480 uuus
1216 3439 1407 3497 euanescere.

93 3529 174 3589 ochas
192 3525 319 3586 diabolus
335 3529 399 3583 est?
429 3544 486 3585 non
506 3543 570 3585 eum
590 3533 712 3600 natura,
737 3523 787 3584 sed
807 3523 903 3584 animo
921 3522 1065 3584 diabolum
1082 3541 1151 3585 esse
1163 3521 1255 3605 signi·

94 3631 201 3692 licens.
248 3622 356 3688 iterum
374 3625 477 3687 alicio
497 3624 577 3686 ioco:
609 3627 694 3686 I’nter
709 3627 953 3686 domaneeoclioc
970 3636 1078 3698 terroe,
1110 3645 1192 3686 cerco
1208 3646 1345 3690 costuma.

93 3751 170 3813 quos
191 3731 295 3788 dedisti
313 3730 391 3788 mc'dc'.
440 3730 507 3788 Cum
524 3748 600 3788 eram
619 3749 680 3788 cum
698 3731 781 3808 eiusde,
813 3728 957 3788 seruabam
979 3749 1042 3800 cos,
1075 3738 1103 3788 et
1118 3749 1198 3789 nemo
1219 3698 1302 3789 σπη’
1317 3698 1348 3740 ¹¹⁸

93 3837 160 3894 ittts
172 3833 274 3911 percit,
298 3831 448 3909 arsifileics
458 3832 636 3909 perditionis.
685 3829 768 3892 Aiias
786 3827 873 3892 item:
898 3833 1015 3909 Oportet
1019 3830 1119 3910 filiium
1134 3833 1254 3892 dumanas
1267 3850 1352 3895 Metto.

94 3937 188 4006 trudi,
205 3937 282 3992 sicat
292 3935 427 4012 scriptum
443 3943 485 3992 est
499 3935 533 3992 de
545 3953 594 3992 eo.-
616 3936 671 3992 Vae
684 3943 775 3992 cutem
790 3943 880 4012 etpcr
894 3955 972 4013 pacm
988 3935 1133 4008 tradetur,
1154 3934 1254 3994 donum
1272 3905 1306 3958 π’
1317 3903 1352 3946 ²⁴¹

93 4041 172 4099 ear'm
188 4047 253 4096 erut
268 4037 308 4106 ec',
339 4037 368 4094 si
379 4045 463 4094 natus
477 4037 646 4116 consuisset
658 4037 739 4094 donno
752 4037 801 4095 itte
817 4046 870 4096 etc.
919 4033 983 4098 Hoc
997 4035 1087 4120 igitur
1102 4036 1256 4100 manifeste

130 4193 159 4240 ¹2.
177 4182 303 4252 ἀγαπητοί
319 4189 370 4237 cod.
388 4189 460 4237 Vattc.
492 4180 607 4253 α’γαπητέ
624 4202 660 4238 ce·
729 4183 753 4237 i.
771 4186 866 4240 ἑαυτῶν
884 4189 938 4237 edit.
952 4191 1027 4250 princ.

93 4263 159 4323 tiqui
176 4259 237 4306 libri.
729 4257 752 4305 5.
772 4258 846 4306 Verbo
860 4249 968 4319 Ἰούδαν,
982 4248 1009 4309 ‘o'u
1025 4255 1068 4310 καὶ
1080 4257 1197 4310 Σατανᾶν
1213 4256 1256 4310 nd·
1269 4277 1274 4292 ¹

129 4327 159 4378 3.
177 4318 459 4386 &reperiremomnia
477 4327 607 4374 accessorio
622 4329 662 4384 est,
696 4326 791 4390 stone,
807 4323 851 4376 noi
868 4319 982 4394 διάβολον
1000 4327 1077 4375 odtect
1095 4339 1124 4376 ee
1141 4327 1191 4376 cod.
1211 4327 1256 4378 t'o·

92 4396 196 4459 repettut
214 4405 243 4444 tc
258 4393 327 4456 daatt
343 4393 434 4452 suttoto
483 4406 502 4442 o.
518 4389 662 4460 dresoadps·
695 4395 733 4443 tto.
741 4427 750 4456 ,
768 4393 929 4444 desiderantur
944 4396 970 4443 ta
985 4395 1088 4456 rettpnts.

94 4479 143 4517 aet.

983 4549 1022 4613 ³³
1036 4545 1053 4585 *
