<?xml version="1.0" encoding="UTF-8"?>
<!DOCTYPE html PUBLIC "-//W3C//DTD XHTML 1.0 Transitional//EN"
    "http://www.w3.org/TR/xhtml1/DTD/xhtml1-transitional.dtd">
<html xmlns="http://www.w3.org/1999/xhtml" xml:lang="en" lang="en">
 <head>
  <title>
</title>
<meta http-equiv="Content-Type" content="text/html;charset=utf-8" />
  <meta name='ocr-system' content='tesseract 3.04.00' />
  <meta name='ocr-capabilities' content='ocr_page ocr_carea ocr_par ocr_line ocrx_word'/>
</head>
<body>
  <div class='ocr_page' id='page_1' title='image "./corporishaerese01oehlgoog_0130.png"; bbox 0 0 3110 4984; ppageno 0'>
   <div class='ocr_carea' id='block_1_1' title="bbox 73 1114 1223 1484">
    <p class='ocr_par' dir='ltr' id='par_1_1' title="bbox 73 1114 1223 1484">
     <span class='ocr_line' id='line_1_1' title="bbox 73 1114 1223 1238; baseline -0.001 -43"><span class='ocrx_word' id='word_1_1' title='bbox 73 1115 323 1195; x_wconf 65' lang='lat' dir='ltr'><strong>morsurus</strong></span> <span class='ocrx_word' id='word_1_2' title='bbox 361 1116 528 1194; x_wconf 75' lang='lat' dir='ltr'>EORUM</span> <span class='ocrx_word' id='word_1_3' title='bbox 567 1115 691 1212; x_wconf 75' lang='lat' dir='ltr'><strong>pontt</strong></span> <span class='ocrx_word' id='word_1_4' title='bbox 730 1117 780 1192; x_wconf 84' lang='grc' dir='ltr'><strong>ΙΝ</strong></span> <span class='ocrx_word' id='word_1_5' title='bbox 819 1114 948 1192; x_wconf 77' lang='lat' dir='ltr'><strong>&#39;l&#39;0l10</strong></span> <span class='ocrx_word' id='word_1_6' title='bbox 980 1115 1041 1238; x_wconf 16' lang='lat'>11.-</span> <span class='ocrx_word' id='word_1_7' title='bbox 1069 1115 1161 1192; x_wconf 85' lang='lat' dir='ltr'><strong>LIB.</strong></span> <span class='ocrx_word' id='word_1_8' title='bbox 1194 1119 1223 1194; x_wconf 88' lang='lat' dir='ltr'><strong>I.</strong></span> 
     </span>
     <span class='ocr_line' id='line_1_2' title="bbox 120 1251 1173 1348; baseline -0.004 -16"><span class='ocrx_word' id='word_1_9' title='bbox 120 1253 473 1348; x_wconf 70' lang='lat' dir='ltr'><strong>consutorum,</strong></span> <span class='ocrx_word' id='word_1_10' title='bbox 501 1251 581 1348; x_wconf 74' lang='lat'>9111</span> <span class='ocrx_word' id='word_1_11' title='bbox 605 1251 860 1329; x_wconf 70' lang='lat' dir='ltr'><strong>nonnosus</strong></span> <span class='ocrx_word' id='word_1_12' title='bbox 888 1251 1173 1329; x_wconf 70' lang='lat' dir='ltr'><strong>conresurr-</strong></span> 
     </span>
     <span class='ocr_line' id='line_1_3' title="bbox 362 1387 934 1484; baseline -0.007 -16"><span class='ocrx_word' id='word_1_13' title='bbox 362 1389 463 1468; x_wconf 83' lang='lat' dir='ltr'><strong>&#39;l&#39;UIl</strong></span> <span class='ocrx_word' id='word_1_14' title='bbox 486 1389 596 1484; x_wconf 85' lang='lat' dir='ltr'><strong>XIII,</strong></span> <span class='ocrx_word' id='word_1_15' title='bbox 621 1387 716 1466; x_wconf 82' lang='lat'><strong>1100</strong></span> <span class='ocrx_word' id='word_1_16' title='bbox 744 1387 934 1465; x_wconf 78' lang='lat' dir='ltr'><strong>ORDINE.</strong></span> 
     </span>
    </p>
   </div>
   <div class='ocr_carea' id='block_1_2' title="bbox 69 1623 1224 3344">
    <p class='ocr_par' dir='ltr' id='par_1_2' title="bbox 72 1623 1224 2506">
     <span class='ocr_line' id='line_1_4' title="bbox 152 1623 1222 1713; baseline 0 -23"><span class='ocrx_word' id='word_1_17' title='bbox 152 1623 180 1690; x_wconf 90' lang='lat' dir='ltr'><strong>l.</strong></span> <span class='ocrx_word' id='word_1_18' title='bbox 227 1623 393 1692; x_wconf 79' lang='lat' dir='ltr'><strong>Simoniani</strong></span> <span class='ocrx_word' id='word_1_19' title='bbox 415 1623 570 1692; x_wconf 74' lang='lat' dir='ltr'><strong>asinione</strong></span> <span class='ocrx_word' id='word_1_20' title='bbox 583 1623 676 1710; x_wconf 79' lang='lat' dir='ltr'><strong>Mago</strong></span> <span class='ocrx_word' id='word_1_21' title='bbox 696 1623 894 1710; x_wconf 79' lang='lat' dir='ltr'><strong>ongoominoti</strong></span> <span class='ocrx_word' id='word_1_22' title='bbox 903 1673 912 1707; x_wconf 89' lang='lat'><strong>,</strong></span> <span class='ocrx_word' id='word_1_23' title='bbox 934 1625 983 1712; x_wconf 85' lang='lat' dir='ltr'><strong>qui</strong></span> <span class='ocrx_word' id='word_1_24' title='bbox 1000 1627 1125 1713; x_wconf 87' lang='lat' dir='ltr'><strong>apostoli</strong></span> <span class='ocrx_word' id='word_1_25' title='bbox 1140 1623 1222 1692; x_wconf 90' lang='lat' dir='ltr'><strong>Petri</strong></span> 
     </span>
     <span class='ocr_line' id='line_1_5' title="bbox 74 1725 1224 1813; baseline 0.004 -23"><span class='ocrx_word' id='word_1_26' title='bbox 74 1727 251 1813; x_wconf 81' lang='lat' dir='ltr'><strong>temporibus</strong></span> <span class='ocrx_word' id='word_1_27' title='bbox 265 1729 361 1807; x_wconf 80' lang='lat' dir='ltr'><strong>vixit,</strong></span> <span class='ocrx_word' id='word_1_28' title='bbox 385 1727 530 1793; x_wconf 86' lang='lat' dir='ltr'><strong>eCittltis</strong></span> <span class='ocrx_word' id='word_1_29' title='bbox 546 1727 613 1792; x_wconf 86' lang='lat' dir='ltr'><strong>rioo</strong></span> <span class='ocrx_word' id='word_1_30' title='bbox 629 1728 753 1812; x_wconf 89' lang='lat' dir='ltr'><strong>quodam</strong></span> <span class='ocrx_word' id='word_1_31' title='bbox 773 1727 925 1792; x_wconf 86' lang='lat' dir='ltr'><strong>oriundus.</strong></span> <span class='ocrx_word' id='word_1_32' title='bbox 971 1725 1032 1793; x_wconf 88' lang='lat' dir='ltr'><strong>lste</strong></span> <span class='ocrx_word' id='word_1_33' title='bbox 1051 1749 1116 1792; x_wconf 91' lang='lat' dir='ltr'><strong>onm</strong></span> <span class='ocrx_word' id='word_1_34' title='bbox 1142 1743 1224 1795; x_wconf 87' lang='lat' dir='ltr'><strong>esset</strong></span> 
     </span>
     <span class='ocr_line' id='line_1_6' title="bbox 73 1825 1221 1915; baseline 0.004 -23"><span class='ocrx_word' id='word_1_35' title='bbox 73 1825 286 1910; x_wconf 71' lang='lat' dir='ltr'><strong>Samaritanus,</strong></span> <span class='ocrx_word' id='word_1_36' title='bbox 307 1827 459 1896; x_wconf 74' lang='lat' dir='ltr'><strong>Christum</strong></span> <span class='ocrx_word' id='word_1_37' title='bbox 476 1829 593 1894; x_wconf 90' lang='lat' dir='ltr'><strong>nomine</strong></span> <span class='ocrx_word' id='word_1_38' title='bbox 609 1839 693 1894; x_wconf 87' lang='lat' dir='ltr'><strong>tenus</strong></span> <span class='ocrx_word' id='word_1_39' title='bbox 709 1831 860 1915; x_wconf 85' lang='lat' dir='ltr'><strong>protessus</strong></span> <span class='ocrx_word' id='word_1_40' title='bbox 877 1839 934 1910; x_wconf 91' lang='lat' dir='ltr'><strong>est,</strong></span> <span class='ocrx_word' id='word_1_41' title='bbox 958 1840 1061 1894; x_wconf 89' lang='lat' dir='ltr'><strong>auotor</strong></span> <span class='ocrx_word' id='word_1_42' title='bbox 1078 1833 1221 1897; x_wconf 82' lang='lat' dir='ltr'><strong>notandae</strong></span> 
     </span>
     <span class='ocr_line' id='line_1_7' title="bbox 73 1929 1223 2018; baseline 0.001 -22"><span class='ocrx_word' id='word_1_43' title='bbox 73 1930 261 1996; x_wconf 72' lang='lat' dir='ltr'><strong>obscenitatis</strong></span> <span class='ocrx_word' id='word_1_44' title='bbox 277 1943 306 1996; x_wconf 87' lang='lat' dir='ltr'><strong>ot</strong></span> <span class='ocrx_word' id='word_1_45' title='bbox 319 1931 545 2018; x_wconf 80' lang='lat' dir='ltr'><strong>inquinatissimi</strong></span> <span class='ocrx_word' id='word_1_46' title='bbox 561 1931 745 1996; x_wconf 77' lang='lat' dir='ltr'><strong>nonnullius.</strong></span> <span class='ocrx_word' id='word_1_47' title='bbox 778 1929 938 1996; x_wconf 86' lang='lat' dir='ltr'><strong>Praetereo</strong></span> <span class='ocrx_word' id='word_1_48' title='bbox 952 1934 1133 2018; x_wconf 76' lang='lat' dir='ltr'><strong>promiscuas</strong></span> <span class='ocrx_word' id='word_1_49' title='bbox 1148 1955 1223 1998; x_wconf 83' lang='lat' dir='ltr'><strong>uxo·</strong></span> 
     </span>
     <span class='ocr_line' id='line_1_8' title="bbox 72 2032 1222 2121; baseline 0.002 -25"><span class='ocrx_word' id='word_1_50' title='bbox 72 2053 118 2097; x_wconf 88' lang='lat' dir='ltr'><strong>nes</strong></span> <span class='ocrx_word' id='word_1_51' title='bbox 131 2053 202 2098; x_wconf 87' lang='lat' dir='ltr'><strong>esse</strong></span> <span class='ocrx_word' id='word_1_52' title='bbox 217 2035 324 2100; x_wconf 84' lang='lat' dir='ltr'><strong>voluit.</strong></span> <span class='ocrx_word' id='word_1_53' title='bbox 370 2032 503 2121; x_wconf 77' lang='lat' dir='ltr'><strong>Corpora</strong></span> <span class='ocrx_word' id='word_1_54' title='bbox 523 2045 613 2120; x_wconf 78' lang='lat' dir='ltr'><strong>negat</strong></span> <span class='ocrx_word' id='word_1_55' title='bbox 633 2049 808 2117; x_wconf 79' lang='lat' dir='ltr'><strong>resurgere,</strong></span> <span class='ocrx_word' id='word_1_56' title='bbox 832 2053 921 2096; x_wconf 87' lang='lat' dir='ltr'><strong>noea</strong></span> <span class='ocrx_word' id='word_1_57' title='bbox 945 2034 1000 2096; x_wconf 91' lang='lat' dir='ltr'><strong>deo</strong></span> <span class='ocrx_word' id='word_1_58' title='bbox 1019 2035 1156 2098; x_wconf 88' lang='lat' dir='ltr'><strong>muudum</strong></span> <span class='ocrx_word' id='word_1_59' title='bbox 1180 2038 1222 2098; x_wconf 84' lang='lat' dir='ltr'><strong>ta-</strong></span> 
     </span>
     <span class='ocr_line' id='line_1_9' title="bbox 72 2133 1222 2222; baseline 0.004 -26"><span class='ocrx_word' id='word_1_60' title='bbox 72 2133 211 2202; x_wconf 84' lang='lat' dir='ltr'><strong>brieatum</strong></span> <span class='ocrx_word' id='word_1_61' title='bbox 239 2157 307 2202; x_wconf 86' lang='lat' dir='ltr'><strong>osse</strong></span> <span class='ocrx_word' id='word_1_62' title='bbox 331 2137 444 2201; x_wconf 76' lang='lat' dir='ltr'><strong>statuit.</strong></span> <span class='ocrx_word' id='word_1_63' title='bbox 496 2134 656 2222; x_wconf 76' lang='lat' dir='ltr'><strong>Imaginem</strong></span> <span class='ocrx_word' id='word_1_64' title='bbox 679 2155 769 2220; x_wconf 91' lang='lat' dir='ltr'><strong>porro</strong></span> <span class='ocrx_word' id='word_1_65' title='bbox 792 2155 875 2199; x_wconf 88' lang='lat' dir='ltr'><strong>suam</strong></span> <span class='ocrx_word' id='word_1_66' title='bbox 902 2135 1052 2220; x_wconf 87' lang='lat' dir='ltr'><strong>soortiqoo</strong></span> <span class='ocrx_word' id='word_1_67' title='bbox 1072 2137 1137 2215; x_wconf 88' lang='lat' dir='ltr'><strong>sui,</strong></span> <span class='ocrx_word' id='word_1_68' title='bbox 1169 2159 1222 2201; x_wconf 91' lang='lat' dir='ltr'><strong>no·</strong></span> 
     </span>
     <span class='ocr_line' id='line_1_10' title="bbox 73 2235 1219 2324; baseline 0.002 -24"><span class='ocrx_word' id='word_1_69' title='bbox 73 2237 143 2303; x_wconf 82' lang='lat' dir='ltr'><strong>niae</strong></span> <span class='ocrx_word' id='word_1_70' title='bbox 160 2237 315 2319; x_wconf 76' lang='lat' dir='ltr'><strong>Hotoman,</strong></span> <span class='ocrx_word' id='word_1_71' title='bbox 338 2239 392 2304; x_wconf 84' lang='lat' dir='ltr'><strong>sub</strong></span> <span class='ocrx_word' id='word_1_72' title='bbox 412 2237 569 2302; x_wconf 86' lang='lat' dir='ltr'><strong>Minervae</strong></span> <span class='ocrx_word' id='word_1_73' title='bbox 596 2237 695 2324; x_wconf 83' lang='lat' dir='ltr'><strong>speeie</strong></span> <span class='ocrx_word' id='word_1_74' title='bbox 718 2236 867 2322; x_wconf 90' lang='lat' dir='ltr'><strong>disoipulis</strong></span> <span class='ocrx_word' id='word_1_75' title='bbox 884 2235 1060 2301; x_wconf 86' lang='lat' dir='ltr'><strong>adorandam</strong></span> <span class='ocrx_word' id='word_1_76' title='bbox 1082 2238 1219 2303; x_wconf 89' lang='lat' dir='ltr'><strong>obtrusit.</strong></span> 
     </span>
     <span class='ocr_line' id='line_1_11' title="bbox 72 2336 1220 2427; baseline 0.003 -25"><span class='ocrx_word' id='word_1_77' title='bbox 72 2338 151 2424; x_wconf 80' lang='lat' dir='ltr'><strong>Apud</strong></span> <span class='ocrx_word' id='word_1_78' title='bbox 167 2338 333 2406; x_wconf 78' lang='lat' dir='ltr'><strong>Samarites</strong></span> <span class='ocrx_word' id='word_1_79' title='bbox 350 2341 473 2427; x_wconf 89' lang='lat' dir='ltr'><strong>prodeo</strong></span> <span class='ocrx_word' id='word_1_80' title='bbox 490 2349 572 2426; x_wconf 83' lang='lat' dir='ltr'><strong>patre</strong></span> <span class='ocrx_word' id='word_1_81' title='bbox 588 2359 621 2404; x_wconf 90' lang='lat' dir='ltr'><strong>so</strong></span> <span class='ocrx_word' id='word_1_82' title='bbox 637 2339 793 2405; x_wconf 85' lang='lat' dir='ltr'><strong>venditans</strong></span> <span class='ocrx_word' id='word_1_83' title='bbox 805 2337 923 2405; x_wconf 87' lang='lat' dir='ltr'><strong>ludaeis</strong></span> <span class='ocrx_word' id='word_1_84' title='bbox 936 2336 1086 2405; x_wconf 81' lang='lat' dir='ltr'><strong>Christum</strong></span> <span class='ocrx_word' id='word_1_85' title='bbox 1102 2362 1136 2406; x_wconf 91' lang='lat' dir='ltr'><strong>so</strong></span> <span class='ocrx_word' id='word_1_86' title='bbox 1153 2363 1220 2408; x_wconf 88' lang='lat' dir='ltr'><strong>osso</strong></span> 
     </span>
     <span class='ocr_line' id='line_1_12' title="bbox 74 2439 194 2506; baseline 0.033 -3"><span class='ocrx_word' id='word_1_87' title='bbox 74 2439 194 2506; x_wconf 81' lang='lat' dir='ltr'><strong>ttoetor.</strong></span> 
     </span>
    </p>

    <p class='ocr_par' dir='ltr' id='par_1_3' title="bbox 70 2539 1219 2832">
     <span class='ocr_line' id='line_1_13' title="bbox 149 2539 1219 2630; baseline 0.002 -22"><span class='ocrx_word' id='word_1_88' title='bbox 149 2541 195 2608; x_wconf 87' lang='lat' dir='ltr'><strong>ll.</strong></span> <span class='ocrx_word' id='word_1_89' title='bbox 219 2541 427 2608; x_wconf 81' lang='lat' dir='ltr'><strong>Menandriani</strong></span> <span class='ocrx_word' id='word_1_90' title='bbox 439 2543 476 2608; x_wconf 89' lang='lat' dir='ltr'><strong>ab</strong></span> <span class='ocrx_word' id='word_1_91' title='bbox 487 2543 589 2609; x_wconf 81' lang='lat' dir='ltr'><strong>eodem</strong></span> <span class='ocrx_word' id='word_1_92' title='bbox 603 2542 654 2607; x_wconf 90' lang='lat' dir='ltr'><strong>illo</strong></span> <span class='ocrx_word' id='word_1_93' title='bbox 667 2539 788 2609; x_wconf 88' lang='lat' dir='ltr'><strong>Simone</strong></span> <span class='ocrx_word' id='word_1_94' title='bbox 800 2564 854 2630; x_wconf 93' lang='lat' dir='ltr'><strong>per</strong></span> <span class='ocrx_word' id='word_1_95' title='bbox 863 2540 1058 2608; x_wconf 83' lang='lat' dir='ltr'><strong>Menandrum</strong></span> <span class='ocrx_word' id='word_1_96' title='bbox 1076 2547 1219 2630; x_wconf 88' lang='lat' dir='ltr'><strong>quondam</strong></span> 
     </span>
     <span class='ocr_line' id='line_1_14' title="bbox 72 2643 1217 2733; baseline 0.002 -25"><span class='ocrx_word' id='word_1_97' title='bbox 72 2645 212 2730; x_wconf 78' lang='lat' dir='ltr'><strong>originem</strong></span> <span class='ocrx_word' id='word_1_98' title='bbox 232 2657 405 2724; x_wconf 83' lang='lat' dir='ltr'><strong>traxerunt,</strong></span> <span class='ocrx_word' id='word_1_99' title='bbox 429 2645 635 2730; x_wconf 82' lang='lat' dir='ltr'><strong>nonnullisque</strong></span> <span class='ocrx_word' id='word_1_100' title='bbox 651 2645 681 2709; x_wconf 94' lang='lat' dir='ltr'><strong>io</strong></span> <span class='ocrx_word' id='word_1_101' title='bbox 701 2645 823 2710; x_wconf 78' lang='lat' dir='ltr'><strong>roboro</strong></span> <span class='ocrx_word' id='word_1_102' title='bbox 844 2643 1024 2711; x_wconf 86' lang='lat' dir='ltr'><strong>Simonianis</strong></span> <span class='ocrx_word' id='word_1_103' title='bbox 1041 2645 1217 2733; x_wconf 84' lang='lat' dir='ltr'><strong>discrepant.</strong></span> 
     </span>
     <span class='ocr_line' id='line_1_15' title="bbox 70 2741 1133 2832; baseline 0.002 -22"><span class='ocrx_word' id='word_1_104' title='bbox 70 2741 234 2812; x_wconf 54' lang='lat' dir='ltr'><strong>meander</strong></span> <span class='ocrx_word' id='word_1_105' title='bbox 249 2765 338 2832; x_wconf 90' lang='lat' dir='ltr'><strong>porro</strong></span> <span class='ocrx_word' id='word_1_106' title='bbox 359 2749 494 2812; x_wconf 87' lang='lat' dir='ltr'><strong>mondum</strong></span> <span class='ocrx_word' id='word_1_107' title='bbox 513 2748 549 2811; x_wconf 82' lang='lat' dir='ltr'><strong>ab</strong></span> <span class='ocrx_word' id='word_1_108' title='bbox 565 2747 678 2832; x_wconf 82' lang='lat' dir='ltr'><strong>angelis</strong></span> <span class='ocrx_word' id='word_1_109' title='bbox 697 2747 789 2812; x_wconf 86' lang='lat' dir='ltr'><strong>luisse</strong></span> <span class='ocrx_word' id='word_1_110' title='bbox 806 2749 976 2832; x_wconf 89' lang='lat' dir='ltr'><strong>produotom</strong></span> <span class='ocrx_word' id='word_1_111' title='bbox 995 2749 1133 2813; x_wconf 87' lang='lat' dir='ltr'><strong>assernit.</strong></span> 
     </span>
    </p>

    <p class='ocr_par' dir='ltr' id='par_1_4' title="bbox 69 2841 1221 3344">
     <span class='ocr_line' id='line_1_16' title="bbox 147 2841 1217 2935; baseline 0.004 -22"><span class='ocrx_word' id='word_1_112' title='bbox 147 2845 209 2913; x_wconf 91' lang='lat' dir='ltr'><strong>lll.</strong></span> <span class='ocrx_word' id='word_1_113' title='bbox 235 2845 428 2914; x_wconf 90' lang='lat' dir='ltr'><strong>Saturniliaui</strong></span> <span class='ocrx_word' id='word_1_114' title='bbox 444 2851 474 2914; x_wconf 91' lang='lat' dir='ltr'><strong>io</strong></span> <span class='ocrx_word' id='word_1_115' title='bbox 485 2845 575 2935; x_wconf 81' lang='lat' dir='ltr'><strong>Syria</strong></span> <span class='ocrx_word' id='word_1_116' title='bbox 587 2841 825 2914; x_wconf 75' lang='lat' dir='ltr'><strong>simonianorum</strong></span> <span class='ocrx_word' id='word_1_117' title='bbox 839 2850 1044 2934; x_wconf 88' lang='lat' dir='ltr'><strong>turpitudinem</strong></span> <span class='ocrx_word' id='word_1_118' title='bbox 1059 2864 1217 2917; x_wconf 82' lang='lat' dir='ltr'><strong>auxerunt.</strong></span> 
     </span>
     <span class='ocr_line' id='line_1_17' title="bbox 71 2943 1221 3037; baseline 0.006 -24"><span class='ocrx_word' id='word_1_119' title='bbox 71 2943 219 3014; x_wconf 79' lang='lat' dir='ltr'><strong>Nonnulla</strong></span> <span class='ocrx_word' id='word_1_120' title='bbox 236 2971 351 3036; x_wconf 87' lang='lat' dir='ltr'><strong>qnoque</strong></span> <span class='ocrx_word' id='word_1_121' title='bbox 367 2953 403 3016; x_wconf 90' lang='lat' dir='ltr'><strong>ad</strong></span> <span class='ocrx_word' id='word_1_122' title='bbox 422 2952 563 3016; x_wconf 88' lang='lat' dir='ltr'><strong>maiorem</strong></span> <span class='ocrx_word' id='word_1_123' title='bbox 583 2952 793 3016; x_wconf 89' lang='lat' dir='ltr'><strong>oouoiliaodom</strong></span> <span class='ocrx_word' id='word_1_124' title='bbox 814 2961 963 3037; x_wconf 86' lang='lat' dir='ltr'><strong>stuporem</strong></span> <span class='ocrx_word' id='word_1_125' title='bbox 981 2953 1016 3016; x_wconf 86' lang='lat' dir='ltr'><strong>ad</strong></span> <span class='ocrx_word' id='word_1_126' title='bbox 1032 2951 1147 3019; x_wconf 87' lang='lat' dir='ltr'><strong>illorum</strong></span> <span class='ocrx_word' id='word_1_127' title='bbox 1170 2955 1221 3020; x_wconf 86' lang='lat' dir='ltr'><strong>ad·</strong></span> 
     </span>
     <span class='ocr_line' id='line_1_18' title="bbox 70 3047 1220 3140; baseline 0.003 -24"><span class='ocrx_word' id='word_1_128' title='bbox 70 3047 161 3116; x_wconf 71' lang='lat' dir='ltr'><strong>iecore</strong></span> <span class='ocrx_word' id='word_1_129' title='bbox 183 3053 335 3138; x_wconf 79' lang='lat' dir='ltr'><strong>dogmata.</strong></span> <span class='ocrx_word' id='word_1_130' title='bbox 382 3051 495 3118; x_wconf 88' lang='lat' dir='ltr'><strong>lloruru</strong></span> <span class='ocrx_word' id='word_1_131' title='bbox 519 3053 655 3138; x_wconf 87' lang='lat' dir='ltr'><strong>prinoeps</strong></span> <span class='ocrx_word' id='word_1_132' title='bbox 675 3051 845 3119; x_wconf 86' lang='lat' dir='ltr'><strong>Saturnilus</strong></span> <span class='ocrx_word' id='word_1_133' title='bbox 873 3055 942 3135; x_wconf 84' lang='lat' dir='ltr'><strong>luit,</strong></span> <span class='ocrx_word' id='word_1_134' title='bbox 971 3055 1019 3138; x_wconf 87' lang='lat' dir='ltr'><strong>qui</strong></span> <span class='ocrx_word' id='word_1_135' title='bbox 1043 3056 1162 3140; x_wconf 78' lang='lat' dir='ltr'><strong>paritudo</strong></span> <span class='ocrx_word' id='word_1_136' title='bbox 1185 3078 1220 3120; x_wconf 85' lang='lat' dir='ltr'><strong>ao</strong></span> 
     </span>
     <span class='ocr_line' id='line_1_19' title="bbox 69 3147 1217 3242; baseline 0.005 -28"><span class='ocrx_word' id='word_1_137' title='bbox 69 3147 233 3218; x_wconf 86' lang='lat' dir='ltr'><strong>llenander</strong></span> <span class='ocrx_word' id='word_1_138' title='bbox 247 3155 345 3218; x_wconf 91' lang='lat' dir='ltr'><strong>mundi</strong></span> <span class='ocrx_word' id='word_1_139' title='bbox 364 3155 532 3220; x_wconf 79' lang='lat' dir='ltr'><strong>conditores</strong></span> <span class='ocrx_word' id='word_1_140' title='bbox 548 3156 687 3240; x_wconf 81' lang='lat' dir='ltr'><strong>angelos,</strong></span> <span class='ocrx_word' id='word_1_141' title='bbox 711 3155 767 3219; x_wconf 85' lang='lat' dir='ltr'><strong>hoo</strong></span> <span class='ocrx_word' id='word_1_142' title='bbox 787 3167 833 3220; x_wconf 90' lang='lat' dir='ltr'><strong>est</strong></span> <span class='ocrx_word' id='word_1_143' title='bbox 848 3167 987 3242; x_wconf 83' lang='lat' dir='ltr'><strong>septenos</strong></span> <span class='ocrx_word' id='word_1_144' title='bbox 1005 3149 1045 3220; x_wconf 83' lang='lat' dir='ltr'><strong>ex</strong></span> <span class='ocrx_word' id='word_1_145' title='bbox 1062 3157 1111 3236; x_wconf 87' lang='lat' dir='ltr'><strong>iis,</strong></span> <span class='ocrx_word' id='word_1_146' title='bbox 1136 3159 1217 3236; x_wconf 87' lang='lat' dir='ltr'><strong>laoit,</strong></span> 
     </span>
     <span class='ocr_line' id='line_1_20' title="bbox 69 3251 1110 3344; baseline 0.003 -26"><span class='ocrx_word' id='word_1_147' title='bbox 69 3251 150 3340; x_wconf 79' lang='lat' dir='ltr'><strong>idque</strong></span> <span class='ocrx_word' id='word_1_148' title='bbox 172 3257 258 3342; x_wconf 89' lang='lat' dir='ltr'><strong>ipsos</strong></span> <span class='ocrx_word' id='word_1_149' title='bbox 280 3256 316 3319; x_wconf 87' lang='lat' dir='ltr'><strong>de</strong></span> <span class='ocrx_word' id='word_1_150' title='bbox 337 3256 466 3342; x_wconf 85' lang='lat' dir='ltr'><strong>supremi</strong></span> <span class='ocrx_word' id='word_1_151' title='bbox 489 3259 618 3343; x_wconf 86' lang='lat' dir='ltr'><strong>parentis</strong></span> <span class='ocrx_word' id='word_1_152' title='bbox 640 3258 786 3322; x_wconf 85' lang='lat' dir='ltr'><strong>sententia</strong></span> <span class='ocrx_word' id='word_1_153' title='bbox 808 3258 975 3344; x_wconf 80' lang='lat' dir='ltr'><strong>suscepisse</strong></span> <span class='ocrx_word' id='word_1_154' title='bbox 998 3259 1110 3322; x_wconf 87' lang='lat' dir='ltr'><strong>statuit.</strong></span> 
     </span>
    </p>
   </div>
   <div class='ocr_carea' id='block_1_3' title="bbox 146 3355 1321 3444">
    <p class='ocr_par' dir='ltr' id='par_1_5' title="bbox 146 3355 1321 3444">
     <span class='ocr_line' id='line_1_21' title="bbox 146 3355 1321 3444; baseline 0 -22"><span class='ocrx_word' id='word_1_155' title='bbox 146 3355 207 3424; x_wconf 82' lang='lat' dir='ltr'><strong>IV.</strong></span> <span class='ocrx_word' id='word_1_156' title='bbox 232 3355 404 3423; x_wconf 84' lang='lat' dir='ltr'><strong>Basilidiaoi</strong></span> <span class='ocrx_word' id='word_1_157' title='bbox 417 3359 564 3423; x_wconf 74' lang='lat' dir='ltr'><strong>foeditatis</strong></span> <span class='ocrx_word' id='word_1_158' title='bbox 576 3360 708 3423; x_wconf 83' lang='lat' dir='ltr'><strong>elosdem</strong></span> <span class='ocrx_word' id='word_1_159' title='bbox 723 3360 796 3424; x_wconf 87' lang='lat' dir='ltr'><strong>sonii</strong></span> <span class='ocrx_word' id='word_1_160' title='bbox 809 3361 845 3424; x_wconf 90' lang='lat' dir='ltr'><strong>ad</strong></span> <span class='ocrx_word' id='word_1_161' title='bbox 854 3356 1004 3424; x_wconf 84' lang='lat' dir='ltr'><strong>Basiliden</strong></span> <span class='ocrx_word' id='word_1_162' title='bbox 1016 3360 1158 3444; x_wconf 80' lang='lat' dir='ltr'><strong>originem</strong></span> <span class='ocrx_word' id='word_1_163' title='bbox 1171 3377 1218 3422; x_wconf 90' lang='lat' dir='ltr'><strong>re·</strong></span> <span class='ocrx_word' id='word_1_164' title='bbox 1315 3437 1321 3442; x_wconf 28' lang='grc' dir='ltr'>ι</span> 
     </span>
    </p>
   </div>
   <div class='ocr_carea' id='block_1_4' title="bbox 65 3457 1219 4260">
    <p class='ocr_par' dir='ltr' id='par_1_6' title="bbox 67 3457 1218 4056">
     <span class='ocr_line' id='line_1_22' title="bbox 70 3457 1216 3546; baseline -0.003 -21"><span class='ocrx_word' id='word_1_165' title='bbox 70 3457 172 3541; x_wconf 64' lang='lat' dir='ltr'><strong>luunt,</strong></span> <span class='ocrx_word' id='word_1_166' title='bbox 198 3460 249 3546; x_wconf 82' lang='lat' dir='ltr'><strong>qui</strong></span> <span class='ocrx_word' id='word_1_167' title='bbox 266 3479 330 3526; x_wconf 86' lang='lat' dir='ltr'><strong>oum</strong></span> <span class='ocrx_word' id='word_1_168' title='bbox 348 3457 500 3525; x_wconf 89' lang='lat' dir='ltr'><strong>Saturoilo</strong></span> <span class='ocrx_word' id='word_1_169' title='bbox 511 3458 690 3528; x_wconf 75' lang='lat' dir='ltr'><strong>simonianis</strong></span> <span class='ocrx_word' id='word_1_170' title='bbox 703 3481 738 3524; x_wconf 87' lang='lat' dir='ltr'><strong>oo</strong></span> <span class='ocrx_word' id='word_1_171' title='bbox 754 3459 976 3526; x_wconf 87' lang='lat' dir='ltr'><strong>Menandrianis</strong></span> <span class='ocrx_word' id='word_1_172' title='bbox 993 3480 1112 3545; x_wconf 91' lang='lat' dir='ltr'><strong>oporam</strong></span> <span class='ocrx_word' id='word_1_173' title='bbox 1126 3460 1216 3540; x_wconf 86' lang='lat' dir='ltr'><strong>dedit,</strong></span> 
     </span>
     <span class='ocr_line' id='line_1_23' title="bbox 67 3560 1218 3648; baseline 0.003 -26"><span class='ocrx_word' id='word_1_174' title='bbox 67 3579 100 3622; x_wconf 87' lang='lat' dir='ltr'><strong>ae</strong></span> <span class='ocrx_word' id='word_1_175' title='bbox 111 3561 230 3628; x_wconf 85' lang='lat' dir='ltr'><strong>tametsi</strong></span> <span class='ocrx_word' id='word_1_176' title='bbox 248 3563 349 3626; x_wconf 83' lang='lat' dir='ltr'><strong>eadem</strong></span> <span class='ocrx_word' id='word_1_177' title='bbox 366 3564 429 3626; x_wconf 88' lang='lat' dir='ltr'><strong>lere</strong></span> <span class='ocrx_word' id='word_1_178' title='bbox 444 3563 569 3643; x_wconf 88' lang='lat' dir='ltr'><strong>sentiat,</strong></span> <span class='ocrx_word' id='word_1_179' title='bbox 593 3563 623 3626; x_wconf 90' lang='lat' dir='ltr'><strong>in</strong></span> <span class='ocrx_word' id='word_1_180' title='bbox 638 3561 808 3648; x_wconf 85' lang='lat' dir='ltr'><strong>quibusdam</strong></span> <span class='ocrx_word' id='word_1_181' title='bbox 824 3575 921 3628; x_wconf 86' lang='lat' dir='ltr'><strong>tameo</strong></span> <span class='ocrx_word' id='word_1_182' title='bbox 938 3563 1094 3646; x_wconf 84' lang='lat' dir='ltr'><strong>discrepat.</strong></span> <span class='ocrx_word' id='word_1_183' title='bbox 1140 3560 1218 3626; x_wconf 90' lang='lat' dir='ltr'><strong>Nam</strong></span> 
     </span>
     <span class='ocr_line' id='line_1_24' title="bbox 68 3661 1216 3750; baseline 0 -21"><span class='ocrx_word' id='word_1_184' title='bbox 68 3663 212 3730; x_wconf 69' lang='lat' dir='ltr'><strong>tudestes</strong></span> <span class='ocrx_word' id='word_1_185' title='bbox 227 3661 316 3729; x_wconf 80' lang='lat' dir='ltr'><strong>orbes</strong></span> <span class='ocrx_word' id='word_1_186' title='bbox 330 3661 504 3730; x_wconf 85' lang='lat' dir='ltr'><strong>CCCLXV</strong></span> <span class='ocrx_word' id='word_1_187' title='bbox 517 3666 680 3745; x_wconf 77' lang='lat' dir='ltr'><strong>constituit,</strong></span> <span class='ocrx_word' id='word_1_188' title='bbox 700 3685 773 3750; x_wconf 88' lang='lat' dir='ltr'><strong>qnos</strong></span> <span class='ocrx_word' id='word_1_189' title='bbox 787 3665 927 3750; x_wconf 77' lang='lat' dir='ltr'><strong>angelioIs</strong></span> <span class='ocrx_word' id='word_1_190' title='bbox 940 3663 1105 3727; x_wconf 90' lang='lat' dir='ltr'><strong>nominibus</strong></span> <span class='ocrx_word' id='word_1_191' title='bbox 1117 3665 1216 3744; x_wconf 83' lang='lat' dir='ltr'><strong>allinit,</strong></span> 
     </span>
     <span class='ocr_line' id='line_1_25' title="bbox 67 3761 1217 3850; baseline 0.003 -21"><span class='ocrx_word' id='word_1_192' title='bbox 67 3761 188 3850; x_wconf 76' lang='lat' dir='ltr'><strong>Ideoque</strong></span> <span class='ocrx_word' id='word_1_193' title='bbox 206 3765 326 3830; x_wconf 89' lang='lat' dir='ltr'><strong>totidem</strong></span> <span class='ocrx_word' id='word_1_194' title='bbox 342 3766 444 3832; x_wconf 88' lang='lat' dir='ltr'><strong>diebus</strong></span> <span class='ocrx_word' id='word_1_195' title='bbox 460 3787 567 3831; x_wconf 90' lang='lat' dir='ltr'><strong>anuum</strong></span> <span class='ocrx_word' id='word_1_196' title='bbox 582 3778 720 3831; x_wconf 86' lang='lat' dir='ltr'><strong>eonstare</strong></span> <span class='ocrx_word' id='word_1_197' title='bbox 738 3777 851 3830; x_wconf 89' lang='lat' dir='ltr'><strong>oonset.</strong></span> <span class='ocrx_word' id='word_1_198' title='bbox 881 3765 973 3828; x_wconf 80' lang='lat' dir='ltr'><strong>Addit</strong></span> <span class='ocrx_word' id='word_1_199' title='bbox 989 3766 1217 3832; x_wconf 71' lang='lat' dir='ltr'><strong>stillio-osanam</strong></span> 
     </span>
     <span class='ocr_line' id='line_1_26' title="bbox 68 3865 1217 3956; baseline 0 -24"><span class='ocrx_word' id='word_1_200' title='bbox 68 3867 215 3932; x_wconf 77' lang='lat' dir='ltr'><strong>eaiudam</strong></span> <span class='ocrx_word' id='word_1_201' title='bbox 230 3867 350 3932; x_wconf 78' lang='lat' dir='ltr'><strong>virtutis</strong></span> <span class='ocrx_word' id='word_1_202' title='bbox 366 3889 485 3950; x_wconf 89' lang='lat' dir='ltr'><strong>nomon,</strong></span> <span class='ocrx_word' id='word_1_203' title='bbox 508 3889 583 3953; x_wconf 81' lang='lat' dir='ltr'><strong>quae</strong></span> <span class='ocrx_word' id='word_1_204' title='bbox 597 3865 773 3934; x_wconf 83' lang='lat' dir='ltr'><strong>CCCLXV</strong></span> <span class='ocrx_word' id='word_1_205' title='bbox 789 3887 942 3932; x_wconf 86' lang='lat' dir='ltr'><strong>numerum</strong></span> <span class='ocrx_word' id='word_1_206' title='bbox 957 3865 1052 3932; x_wconf 84' lang='lat' dir='ltr'><strong>literis</strong></span> <span class='ocrx_word' id='word_1_207' title='bbox 1067 3871 1217 3956; x_wconf 84' lang='lat' dir='ltr'><strong>exprimit,</strong></span> 
     </span>
     <span class='ocr_line' id='line_1_27' title="bbox 67 3965 774 4056; baseline 0.007 -26"><span class='ocrx_word' id='word_1_208' title='bbox 67 3965 151 4054; x_wconf 75' lang='lat' dir='ltr'><strong>idque</strong></span> <span class='ocrx_word' id='word_1_209' title='bbox 172 3968 309 4056; x_wconf 85' lang='lat' dir='ltr'><strong>spiritum</strong></span> <span class='ocrx_word' id='word_1_210' title='bbox 333 3989 400 4034; x_wconf 87' lang='lat' dir='ltr'><strong>esse</strong></span> <span class='ocrx_word' id='word_1_211' title='bbox 422 3981 553 4036; x_wconf 85' lang='lat' dir='ltr'><strong>sanetum</strong></span> <span class='ocrx_word' id='word_1_212' title='bbox 576 3970 694 4036; x_wconf 86' lang='lat' dir='ltr'><strong>asserit.</strong></span> <span class='ocrx_word' id='word_1_213' title='bbox 765 4011 774 4024; x_wconf 87' lang='lat'>·</span> 
     </span>
    </p>

    <p class='ocr_par' dir='ltr' id='par_1_7' title="bbox 65 4068 1219 4260">
     <span class='ocr_line' id='line_1_28' title="bbox 147 4068 1219 4158; baseline 0.001 -23"><span class='ocrx_word' id='word_1_214' title='bbox 147 4069 188 4136; x_wconf 83' lang='lat' dir='ltr'><strong>V.</strong></span> <span class='ocrx_word' id='word_1_215' title='bbox 214 4068 383 4136; x_wconf 70' lang='lat' dir='ltr'><strong>Manlaitae</strong></span> <span class='ocrx_word' id='word_1_216' title='bbox 398 4071 549 4137; x_wconf 88' lang='lat' dir='ltr'><strong>aNioolao</strong></span> <span class='ocrx_word' id='word_1_217' title='bbox 563 4073 614 4138; x_wconf 91' lang='lat' dir='ltr'><strong>illo</strong></span> <span class='ocrx_word' id='word_1_218' title='bbox 630 4072 755 4136; x_wconf 81' lang='lat' dir='ltr'><strong>derivati</strong></span> <span class='ocrx_word' id='word_1_219' title='bbox 768 4081 836 4136; x_wconf 89' lang='lat' dir='ltr'><strong>suut</strong></span> <span class='ocrx_word' id='word_1_220' title='bbox 850 4071 896 4134; x_wconf 86' lang='lat' dir='ltr'><strong>oui</strong></span> <span class='ocrx_word' id='word_1_221' title='bbox 912 4070 948 4135; x_wconf 89' lang='lat' dir='ltr'><strong>ab</strong></span> <span class='ocrx_word' id='word_1_222' title='bbox 964 4075 1105 4158; x_wconf 88' lang='lat' dir='ltr'><strong>apostolis</strong></span> <span class='ocrx_word' id='word_1_223' title='bbox 1118 4076 1219 4139; x_wconf 87' lang='lat' dir='ltr'><strong>vidua-</strong></span> 
     </span>
     <span class='ocr_line' id='line_1_29' title="bbox 65 4173 1218 4260; baseline 0.001 -24"><span class='ocrx_word' id='word_1_224' title='bbox 65 4189 126 4235; x_wconf 70' lang='grc' dir='ltr'><strong>ηπ</strong></span> <span class='ocrx_word' id='word_1_225' title='bbox 146 4193 219 4238; x_wconf 85' lang='lat' dir='ltr'><strong>eura</strong></span> <span class='ocrx_word' id='word_1_226' title='bbox 235 4174 393 4239; x_wconf 77' lang='lat' dir='ltr'><strong>summissa</strong></span> <span class='ocrx_word' id='word_1_227' title='bbox 409 4175 515 4239; x_wconf 88' lang='lat' dir='ltr'><strong>luerat.</strong></span> <span class='ocrx_word' id='word_1_228' title='bbox 550 4173 606 4240; x_wconf 90' lang='lat' dir='ltr'><strong>llio</strong></span> <span class='ocrx_word' id='word_1_229' title='bbox 622 4173 770 4260; x_wconf 81' lang='lat' dir='ltr'><strong>zelotypia</strong></span> <span class='ocrx_word' id='word_1_230' title='bbox 785 4173 821 4236; x_wconf 91' lang='lat' dir='ltr'><strong>ob</strong></span> <span class='ocrx_word' id='word_1_231' title='bbox 837 4193 961 4238; x_wconf 80' lang='lat' dir='ltr'><strong>uxorem</strong></span> <span class='ocrx_word' id='word_1_232' title='bbox 978 4187 1130 4254; x_wconf 87' lang='lat' dir='ltr'><strong>aestuans,</strong></span> <span class='ocrx_word' id='word_1_233' title='bbox 1153 4195 1218 4240; x_wconf 85' lang='lat' dir='ltr'><strong>cunr</strong></span> 
     </span>
    </p>
   </div>
   <div class='ocr_carea' id='block_1_5' title="bbox 93 4374 1218 4446">
    <p class='ocr_par' dir='ltr' id='par_1_8' title="bbox 93 4374 1218 4446">
     <span class='ocr_line' id='line_1_30' title="bbox 93 4374 1218 4446; baseline 0.002 -20"><span class='ocrx_word' id='word_1_234' title='bbox 93 4375 118 4427; x_wconf 77' lang='lat'><strong>5.</strong></span> <span class='ocrx_word' id='word_1_235' title='bbox 136 4377 367 4446; x_wconf 65' lang='grc' dir='ltr'><strong>μψθητιυμίνου</strong></span> <span class='ocrx_word' id='word_1_236' title='bbox 384 4381 435 4431; x_wconf 87' lang='lat' dir='ltr'><strong>eod.</strong></span> <span class='ocrx_word' id='word_1_237' title='bbox 446 4381 520 4431; x_wconf 78' lang='lat' dir='ltr'><strong>l&#39;ottm</strong></span> <span class='ocrx_word' id='word_1_238' title='bbox 532 4381 623 4430; x_wconf 78' lang='lat' dir='ltr'><strong>atino-</strong></span> <span class='ocrx_word' id='word_1_239' title='bbox 692 4379 716 4429; x_wconf 78' lang='lat' dir='ltr'><strong>ll.</strong></span> <span class='ocrx_word' id='word_1_240' title='bbox 733 4374 762 4431; x_wconf 80' lang='grc' dir='ltr'><strong>τὸ</strong></span> <span class='ocrx_word' id='word_1_241' title='bbox 787 4381 863 4431; x_wconf 79' lang='lat' dir='ltr'><strong>odiret</strong></span> <span class='ocrx_word' id='word_1_242' title='bbox 884 4395 914 4431; x_wconf 82' lang='lat' dir='ltr'><strong>eo</strong></span> <span class='ocrx_word' id='word_1_243' title='bbox 930 4382 981 4431; x_wconf 83' lang='lat' dir='ltr'><strong>eod.</strong></span> <span class='ocrx_word' id='word_1_244' title='bbox 1002 4383 1075 4430; x_wconf 87' lang='lat' dir='ltr'><strong>t&#39;otr&#39;o.</strong></span> <span class='ocrx_word' id='word_1_245' title='bbox 1094 4384 1115 4428; x_wconf 82' lang='lat' dir='ltr'><strong>et</strong></span> <span class='ocrx_word' id='word_1_246' title='bbox 1131 4380 1218 4429; x_wconf 78' lang='lat' dir='ltr'><strong>loono·</strong></span> 
     </span>
    </p>
   </div>
   <div class='ocr_carea' id='block_1_6' title="bbox 63 4437 1218 4580">
    <p class='ocr_par' dir='ltr' id='par_1_9' title="bbox 63 4437 1218 4580">
     <span class='ocr_line' id='line_1_31' title="bbox 63 4437 1218 4515; baseline -0.002 -19"><span class='ocrx_word' id='word_1_247' title='bbox 63 4447 123 4506; x_wconf 56' lang='grc' dir='ltr'><strong>περὶ</strong></span> <span class='ocrx_word' id='word_1_248' title='bbox 160 4449 237 4510; x_wconf 67' lang='lat' dir='ltr'><strong>tntae</strong></span> <span class='ocrx_word' id='word_1_249' title='bbox 254 4445 480 4514; x_wconf 66' lang='grc' dir='ltr'><strong>μιμαθητῑυμλνοι</strong></span> <span class='ocrx_word' id='word_1_250' title='bbox 655 4449 723 4514; x_wconf 87' lang='lat' dir='ltr'><strong>pttot.</strong></span> <span class='ocrx_word' id='word_1_251' title='bbox 767 4450 820 4499; x_wconf 80' lang='lat' dir='ltr'><strong>roo.</strong></span> <span class='ocrx_word' id='word_1_252' title='bbox 845 4442 923 4515; x_wconf 75' lang='lat' dir='ltr'><strong>Inops</strong></span> <span class='ocrx_word' id='word_1_253' title='bbox 947 4449 1094 4498; x_wconf 77' lang='lat' dir='ltr'><strong>desideratur</strong></span> <span class='ocrx_word' id='word_1_254' title='bbox 1119 4437 1143 4494; x_wconf 77' lang='lat' dir='ltr'><strong>tir</strong></span> <span class='ocrx_word' id='word_1_255' title='bbox 1167 4447 1218 4495; x_wconf 87' lang='lat' dir='ltr'><strong>cod.</strong></span> 
     </span>
     <span class='ocr_line' id='line_1_32' title="bbox 92 4503 758 4580; baseline 0 -14"><span class='ocrx_word' id='word_1_256' title='bbox 92 4511 118 4566; x_wconf 83' lang='lat'><strong>7.</strong></span> <span class='ocrx_word' id='word_1_257' title='bbox 136 4512 182 4580; x_wconf 71' lang='lat' dir='ltr'><strong>ot·</strong></span> <span class='ocrx_word' id='word_1_258' title='bbox 198 4503 244 4568; x_wconf 73' lang='lat' dir='ltr'><strong>eto</strong></span> <span class='ocrx_word' id='word_1_259' title='bbox 259 4515 312 4566; x_wconf 76' lang='lat' dir='ltr'><strong>eoo.</strong></span> <span class='ocrx_word' id='word_1_260' title='bbox 331 4517 404 4566; x_wconf 72' lang='lat' dir='ltr'><strong>rone.</strong></span> <span class='ocrx_word' id='word_1_261' title='bbox 660 4517 758 4579; x_wconf 69' lang='lat' dir='ltr'><strong>utero.</strong></span> 
     </span>
    </p>
   </div>
   <div class='ocr_carea' id='block_1_7' title="bbox 0 0 1560 4984">
    <p class='ocr_par' dir='ltr' id='par_1_10' title="bbox 0 0 1560 4984">
     <span class='ocr_line' id='line_1_33' title="bbox 0 0 1560 4984; baseline 0 4"><span class='ocrx_word' id='word_1_262' title='bbox 0 0 1560 4984; x_wconf 95' lang='lat' dir='ltr'><strong> </strong></span> 
     </span>
    </p>
   </div>
  </div>
 </body>
</html>
