3106 4990
351 298 486 351 rausum
505 299 567 349 nis.
580 299 599 350 ι.
616 297 698 350 nom.
713 297 754 348 ιιι.
773 297 871 349 nanu.
885 297 1033 349 xxxvm.
1211 285 1269 348 511

114 414 147 480 in
169 416 233 480 selo
251 427 282 480 et
298 419 426 502 procella
443 417 663 496 conflictantur,
696 439 730 482 ec
750 418 831 482 velut
852 437 868 479 e
885 418 976 501 spinis
998 429 1028 480 ot
1045 417 1182 503 vepribus
1201 416 1273 480 erni-

114 529 240 598 uentes,
265 541 380 605 nonque
397 520 545 606 spinarum
564 531 646 584 strue
664 519 884 606 comprehensi,
915 519 1058 584 duntaxat
1072 521 1273 606 appellationi-

113 620 171 685 bus
190 621 368 708 discrcpaut.
415 621 492 686 Nam
511 624 660 709 spinarum
677 643 785 707 genera
805 621 919 707 quidem
943 623 1024 686 varia
1045 634 1130 702 surrt,
1163 627 1214 688 sed
1237 626 1271 688 ad

113 726 303 810 pungendum
326 727 548 811 nocendumque
571 727 616 790 vis
639 725 773 790 omnibns
796 735 842 789 est
862 725 1056 789 cummuniter
1075 725 1175 790 insita.

201 927 294 1014 Igitur
305 926 412 995 Ceierri
430 952 446 994 a
468 931 625 1016 potentiori
639 932 761 1015 quadam
778 929 894 995 Virtute
908 899 942 993 ac
960 931 1080 994 coelesti
1098 931 1271 998 nuctoritate

111 1031 277 1097 derivatam
295 1053 362 1098 esse
379 1029 503 1098 Geinum
523 1035 707 1118 praedicant,
740 1054 793 1096 nec
810 1054 868 1096 non
886 1043 916 1096 et
932 1031 1011 1096 Esau
1030 1045 1060 1097 et
1076 1031 1174 1113 Cure,
1207 1057 1270 1098 cum
1391 1059 1397 1068 ·

111 1135 195 1215 suis,
219 1137 346 1220 itemque
363 1135 550 1201 Sodomitas=
582 1137 708 1200 Abelum
727 1157 799 1199 vero
817 1135 853 1198 ab
869 1135 1052 1199 imbecilliori
1072 1135 1188 1201 Virtute
1205 1159 1271 1224 pro·

111 1238 217 1304 diisse.
264 1233 462 1320 Quamobrem
484 1238 550 1302 illos
574 1259 676 1303 omnes
699 1239 835 1324 opinione
858 1259 912 1302 sua
932 1239 1092 1302 laudandos
1115 1260 1149 1303 ac
1171 1259 1269 1303 secum

110 1341 332 1405 necessitudine
346 1341 518 1406 coniunctos
532 1353 681 1422 asserunt,
705 1344 798 1426 deque
815 1341 957 1406 eiusmodi
975 1363 1039 1405 cum
1057 1338 1152 1406 Caino
1168 1353 1198 1405 et
1214 1338 1271 1406 So·
1306 1326 1315 1345 ’

110 1442 250 1522 domitis,
276 1441 356 1508 Corn
372 1457 401 1510 et
419 1443 498 1508 Esau
513 1446 687 1531 cognatione
702 1446 865 1530 gloriantur
881 1465 915 1508 ec
932 1445 1080 1527 perlectae
1096 1444 1271 1508 sublimiori-

110 1565 171 1629 que
193 1546 336 1611 scientiae
358 1549 423 1612 illos
446 1549 627 1612 adscribunt.
674 1545 744 1611 ideo
767 1547 864 1610 mundi
891 1547 976 1612 buius
1000 1547 1131 1632 opilicem
1155 1558 1268 1633 putent,
1356 1547 1363 1563 '

110 1669 180 1710 cnm
205 1649 239 1714 ad
263 1670 314 1712 eos
336 1651 464 1716 funditus
483 1651 680 1736 profligandos
696 1649 894 1727 incumberet,
929 1670 1036 1713 nocere
1060 1649 1129 1712 nibil
1153 1651 1271 1713 omnino
1370 1667 1376 1680 ·

108 1751 256 1835 potuisse.
309 1753 357 1816 Ab
382 1775 418 1817 eo
441 1755 547 1840 quippe
572 1752 747 1837 semetipsos
772 1753 955 1832 occultasse,
989 1764 1018 1816 et
1044 1753 1073 1816 in
1103 1773 1269 1838 supremum

108 1853 249 1917 Aeonem
268 1875 334 1918 esse
351 1867 562 1932 commutatos,
588 1857 663 1920 unde
680 1867 711 1919 et
728 1855 887 1918 fortissima
904 1854 952 1918 illa
971 1851 1074 1920 Virtns
1091 1867 1147 1918 est.
1193 1853 1269 1918 Nom

108 1955 179 2020 illos
193 1959 229 2020 ad
246 1977 314 2022 sese
332 1956 484 2043 Sapientia
502 1969 602 2045 utpote
618 1958 804 2024 necessarios
819 1957 945 2022 admisit.
990 1955 1151 2043 Propterea
1170 1955 1269 2021 ludam

109 2070 253 2123 accurate
276 2061 374 2126 omnia
397 2062 469 2125 baec
493 2062 628 2126 babuisse
649 2071 799 2147 perspecta
819 2071 992 2124 memorant.
1041 2059 1135 2143 Quem
1155 2061 1269 2144 quidem

109 2163 227 2226 affinem
249 2183 315 2226 esse
334 2185 417 2228 suum
435 2165 582 2244 iactitant,
608 2165 760 2247 eidemque
776 2162 970 2226 excellentem
988 2165 1129 2247 quandam
1145 2163 1203 2231 vim
1221 2183 1269 2227 co·

109 2263 254 2348 guillonis
276 2266 449 2330 attribuunt.
496 2265 582 2349 Quod
605 2287 698 2352 usqne
720 2267 793 2330 adeo
810 2265 985 2342 defendunt,
1018 2276 1049 2328 ut
1070 2265 1134 2329 eius
1153 2266 1271 2329 nomine

108 2367 284 2451 inscriptum
301 2369 470 2452 opuseulum
486 2369 694 2434 circumierant
708 2370 784 2452 quod
801 2365 889 2431 ludae
903 2365 1097 2450 Evangelium
1114 2364 1268 2452 appellant.

110 2463 170 2532 Cui
190 2469 296 2534 similia
313 2473 457 2555 quaedem
476 2471 531 2535 alin
550 2472 697 2536 voltrmina
716 2471 923 2536 confinxerunt
939 2471 1081 2534 adversus
1100 2467 1269 2554 Hysteram,

109 2571 168 2635 boc
185 2583 231 2635 est
251 2569 389 2651 Ulmum,
422 2595 479 2659 quo
497 2575 615 2638 nomine
631 2574 721 2638 totius
737 2572 954 2650 universitatis,
987 2572 1041 2636 hoc
1058 2580 1104 2636 est
1118 2571 1194 2635 coeli
1210 2583 1270 2636 ter-

108 2693 234 2758 raeque,
260 2675 466 2740 fabricatorem
481 2687 600 2741 nocant.
646 2675 767 2760 Negent
781 2697 869 2760 porro
885 2674 1004 2738 liberari
1019 2674 1094 2738 ullos
1109 2695 1196 2760 posse
1213 2675 1269 2740 nisi

108 2775 284 2861 peremnia
307 2779 493 2859 transierint,
519 2780 596 2864 qood
618 2791 649 2842 et
671 2776 868 2864 Carpocrates
891 2777 1026 2862 opinatus
1049 2787 1105 2840 est.

200 2874 332 2961 Quilibet
346 2882 422 2945 enim
438 2881 553 2947 illorum
571 2881 655 2946 liuius
670 2882 825 2946 occasione
841 2881 983 2964 dogmatis
1000 2879 1112 2944 nefario
1127 2881 1266 2964 quaedam
1293 2893 1353 2962 dep.
1369 2898 1400 2948 ιι.

108 2991 301 3067 perpetrans,
336 3003 426 3068 seque
454 2985 632 3050 execrandis
659 2985 688 3047 in
712 2983 878 3048 libidinibus
906 3005 940 3047 ao
963 2983 1136 3068 lingitiurum
1159 3002 1269 3066 genere

108 3083 191 3148 omni
216 3085 369 3162 volutans,
404 3087 585 3171 singulorum
608 3087 780 3171 angelorum
802 3089 917 3152 uomina
942 3096 999 3149 ιιιιιι
1022 3106 1159 3148 verorum
1183 3106 1267 3168 quam

108 3187 145 3250 ab
168 3185 239 3272 ipsis
259 3189 449 3252 confictorum
468 3189 609 3254 invocans
627 3191 783 3274 unicuique
803 3189 1004 3252 detestandum
1023 3187 1139 3271 aliquod
1158 3187 1268 3250 lacinus

109 3309 145 3352 ae
163 3299 314 3373 peecatum
330 3291 410 3355 velut
427 3295 613 3377 praecipuum
629 3291 773 3369 attribuit,
798 3311 832 3352 ao
847 3290 1055 3374 qualecumque
1070 3309 1153 3352 sirum
1171 3288 1267 3351 scelus

109 3391 185 3455 certi
205 3389 363 3478 cuiuspiam
382 3393 416 3456 ad
437 3395 533 3478 augeli
551 3415 656 3458 nomeu
676 3393 887 3456 accommodat.
934 3387 1009 3454 Cum
1028 3391 1105 3454 enim
1125 3390 1267 3454 eiusmodi

109 3493 217 3578 aliquid
236 3496 437 3574 committunt,
462 3497 538 3560 bunc
557 3497 586 3558 in
605 3497 719 3558 modum
739 3495 865 3580 preclari
883 3493 990 3558 solent.
1037 3489 1064 3557 Ο
1086 3493 1191 3576 angele
1207 3491 1239 3556 N
1243 3539 1265 3572 .,
1293 3565 1299 3578 ‚

109 3606 191 3660 tunm
215 3617 287 3681 opus
310 3599 454 3661 exerceo!
502 3594 683 3681 Opotestas
701 3595 762 3675 N.,
797 3595 911 3660 actione
935 3606 983 3660 tun
1002 3597 1120 3680 longor!
1169 3595 1266 3681 Atque

109 3697 187 3762 istud
202 3697 296 3783 ipsum
313 3711 369 3778 est,
387 3701 462 3784 qood
479 3700 514 3762 eb
529 3699 585 3764 illis
600 3699 731 3764 absoluta
746 3699 875 3784 cognitio
889 3698 1011 3776 diciturq
1035 3699 1265 3783 quandoquidem

110 3811 142 3864 ut
156 3819 210 3885 per
222 3802 346 3865 nelenda
364 3802 460 3864 omorio
478 3801 651 3886 flagitiorum
670 3823 779 3888 genera
795 3801 911 3888 impune
926 3801 965 3864 ile
982 3800 1157 3880 volitarent,
1183 3823 1199 3864 a
1216 3823 1265 3864 su·

109 3901 275 3985 perioribus
290 3903 379 3967 sectis
395 3904 475 3969 uelut
490 3904 677 3989 parentibus,
703 3903 912 3969 Gnosticorum
930 3903 1066 3967 videlicet
1083 3925 1118 3967 ac
1133 3902 1262 3981 Nicolai,

109 4003 205 4089 iisque
228 4004 353 4070 affinium
374 4003 646 4071 Valentinianorum
671 4018 701 4069 et
719 4005 908 4091 Carpocratis
930 4006 1113 4089 dogmatibus
1134 4008 1266 4069 oeousio-

109 4127 176 4170 nem
195 4107 271 4171 nacti
288 4119 367 4171 sunt.
414 4106 555 4173 Pervenit
573 4111 654 4172 etad
673 4129 726 4173 nos
742 4118 841 4172 certus
858 4108 1016 4170 eorundem
1036 4109 1126 4185 liber,
1161 4107 1190 4170 in
1207 4129 1264 4193 qun

109 4209 335 4274 sceleratissime
362 4211 462 4274 neseio
485 4231 561 4295 quae
583 4211 724 4275 vocabula
746 4211 901 4274 commenti
924 4221 1009 4288 sunt,
1041 4212 1070 4274 iu
1093 4231 1187 4294 eoque
1208 4211 1264 4274 ista

109 4311 315 4376 continentur:
347 4311 404 4375 llic
427 4324 489 4393 est,
522 4313 632 4398 inquit,
664 4315 802 4399 angelus,
835 4333 927 4398 aquo
944 4310 1069 4398 Moyses
1089 4322 1265 4377 excaecatus

109 4424 171 4493 est,
202 4413 280 4498 iique
298 4413 396 4500 angeli
412 4427 496 4496 sunt,
526 4415 665 4502 aquibus
683 4413 780 4495 Cure,
808 4413 925 4481 Dathan
945 4424 975 4478 et
991 4414 1124 4495 Abiron,
1149 4435 1265 4482 eorum·

110 4537 166 4598 que
195 4525 380 4596 sectatores,
414 4517 548 4584 occultati
574 4519 772 4606 subtractique
799 4531 879 4584 sunt.
930 4515 1009 4602 Quin
1034 4515 1121 4583 alium
1144 4518 1264 4606 iusuper
