3080 5002
268 377 269 380 ,
366 321 502 374 ennean
518 322 581 386 nie.
596 324 616 376 1.
632 321 768 376 romeu.
794 319 989 374 eseaxnn.
1188 311 1250 376 ms

184 439 285 510 Sedet.
305 439 334 508 ll
354 453 385 508 et
403 439 588 509 XXXVII..
619 446 685 508 Ideo
709 446 779 504 dicit
786 489 795 516 ,
820 445 916 523 Surge
938 447 991 526 qui
1008 447 1130 520 dorum,
1154 456 1184 508 et
1203 467 1249 508 re·
1262 466 1380 524 ennae.

91 569 186 628 srsrge
206 569 224 608 u
245 551 378 621 mortuis,
404 558 434 607 et
453 547 625 608 illuminabit
643 557 670 606 te
692 547 832 606 Christus.

181 647 283 714 lleiut.
304 644 349 712 ΙΙΙ
368 645 568 714 etXXXVl.
612 645 764 712 Undennm
786 647 836 712 illa
861 646 968 727 verba,
999 649 1064 710 Ideo
1089 653 1173 724 de’elt,
1199 650 1249 714 de·
1331 680 1337 692 ¹

93 752 240 839 prompsit
256 750 427 836 apostolusl
456 748 526 814 Non
544 749 660 816 aliunde
676 751 774 834 utique
791 771 875 834 qnam
892 770 929 814 en
944 759 1121 816 testamento
1134 762 1247 818 vetare.

92 855 181 920 llaec
197 855 273 918 enim
291 855 366 940 apud
385 851 481 918 Elium
500 853 647 936 leguntur.
686 850 749 916 lam
764 873 836 918 vero
854 875 911 938 qno
929 873 968 918 ex
984 873 1083 938 grege
1092 851 1175 918 Elias
1195 875 1249 920 ex·

93 959 174 1022 unct
215 954 326 1022 Nonne
345 976 362 1020 e
381 955 530 1042 prophetis
552 975 645 1036 unus,
671 957 777 1040 quiex
800 956 875 1040 legis
897 956 1077 1042 praescripto
1095 955 1247 1036 vixerunt,

94 1069 177 1124 utet
198 1059 247 1124 ille
265 1059 322 1142 legi
345 1079 380 1122 sc
402 1057 551 1144 prophetis
568 1057 712 1124 inhaesit?
757 1057 844 1142 Quod
860 1059 886 1122 si
902 1059 942 1122 ita
959 1060 989 1122 in
1007 1055 1128 1124 Christo
1144 1060 1249 1125 vatici·

93 1173 184 1228 uatus
201 1173 263 1226 oste
288 1165 385 1242 Surge
399 1165 451 1243 qui
465 1165 586 1236 domes,
613 1172 641 1223 el
661 1183 780 1242 resurge
796 1183 814 1224 u
828 1167 963 1237 mortum,
989 1174 1020 1223 et
1031 1165 1203 1226 illuminabit
1222 1176 1249 1226 te

93 1269 245 1340 Christus,
270 1264 356 1350 plane
375 1265 467 1350 ipsum
487 1263 654 1348 exemplar,
678 1265 754 1348 quod
773 1265 876 1348 liguris
894 1265 951 1328 illis
969 1263 1168 1330 adumbratum
1188 1276 1246 1346 ost,

91 1370 126 1432 iu
143 1365 281 1447 Lazaro,
306 1365 472 1450 ceterisque
495 1365 523 1430 id
539 1385 633 1450 genus
655 1366 803 1451 impletum
826 1377 883 1430 est.
928 1363 975 1430 De
992 1363 1111 1431 Lazaro
1132 1367 1247 1451 quidem

91 1467 215 1536 Martha
232 1491 268 1534 ao
284 1467 382 1534 Maria
397 1468 562 1534 dubitantes
579 1469 619 1532 its
636 1469 753 1534 locutae
767 1480 850 1534 sunt:
880 1474 940 1532 lum
954 1472 1057 1552 foetet,
1082 1475 1248 1550 qunniduu·
1273 1461 1351 1568 {3223

91 1595 151 1636 nus
168 1584 219 1634 est.
266 1571 309 1636 At
326 1591 494 1658 synagogae
511 1571 649 1658 principis
667 1571 800 1635 comites.
845 1575 951 1648 Nolite,
976 1571 1157 1657 inquiebant,
1172 1577 1248 1657 snti-

88 1699 169 1758 gnre
192 1681 368 1757 nagistrum.
417 1671 477 1739 Sed
499 1674 633 1738 domiuus
661 1673 718 1738 ista
744 1673 885 1739 subiecit:
924 1679 1020 1738 Nolite
1045 1680 1159 1751 nane,-
1190 1700 1397 1754 cucusenam.

90 1783 168 1842 enchi
191 1790 318 1840 mortuus
333 1790 390 1853 eet,
414 1782 467 1840 secl
481 1782 594 1840 dormit.
642 1773 703 1840 lam
727 1787 785 1840 tum
810 1777 886 1842 euim
906 1779 1003 1844 intusa
1027 1801 1080 1864 per
1097 1775 1247 1844 Christum

89 1882 275 1948 resurrectio
293 1879 383 1946 divini
400 1879 483 1946 verbi
501 1879 658 1965 praeconio
681 1878 895 1946 celebrabatur.
941 1879 1002 1946 Sed
1023 1893 1053 1946 et
1071 1893 1246 1968 potestatem

89 1985 173 2050 illins
187 1983 350 2069 agendique
367 1983 536 2048 facilitatem
553 1984 712 2068 expressit,
738 1993 770 2046 ut
788 2004 872 2067 quam
892 1995 996 2069 potens
1015 1995 1095 2050 esset
1108 1982 1246 2052 Christus

92 2088 279 2165 ostenderet,
304 2105 395 2150 exeo
414 2085 490 2170 quod
507 2086 549 2150 nti
565 2085 675 2150 bomini
691 2085 918 2152 facillimumest
933 2107 990 2152 ocu
1012 2098 1169 2168 mortuum,
1193 2089 1246 2154 sed

91 2189 287 2254 dormientem
309 2209 383 2254 voce
401 2189 561 2268 suscitare,
583 2189 624 2252 ita
642 2184 762 2254 Christo
780 2189 1025 2275 promptissimum
1048 2202 1113 2255 crat
1134 2192 1245 2272 dicare,

89 2298 218 2367 Lusnre,
237 2295 405 2374 ueniscrns,
426 2301 499 2371 lum,
520 2297 613 2365 num}
634 2296 721 2354 lierni
735 2295 857 2366 retenta,
883 2292 938 2356 boc
954 2304 1000 2357 est
1015 2298 1120 2375 Surge,
1134 2298 1242 2375 puelle.

87 2393 192 2479 lisque
209 2395 455 2460 manifestissimis
477 2394 656 2480 argumentis
678 2394 725 2458 dei
748 2394 870 2458 verbum
893 2394 1076 2459 vocationem
1099 2397 1246 2462 indicebat

88 2508 237 2577 nostram,
258 2492 465 2582 Christumque
481 2497 627 2562 dominum
642 2496 677 2560 nb
694 2496 831 2582 operibns
847 2497 969 2562 mortuis
985 2509 1016 2562 et
1029 2499 1171 2563 altissimo
1186 2522 1244 2586 quo

88 2600 265 2664 tenebamur
285 2622 388 2664 somno
408 2600 602 2686 nosmetipsos
623 2600 821 2680 excitantem,
845 2621 878 2664 nc
900 2601 1055 2666 vocatione
1076 2623 1129 2666 sun
1153 2605 1244 2668 collu-

87 2714 252 2784 stramem,
277 2724 349 2788 qnae
368 2704 483 2788 quidem
507 2703 635 2767 secunda
653 2702 707 2766 luit
730 2702 879 2766 habitudo.
924 2701 1002 2767 Nam
1026 2706 1185 2790 perlectum
1208 2727 1244 2770 ac

87 2806 230 2892 generale
253 2805 323 2870 illud
347 2806 558 2892 expectandum
584 2817 646 2884 est,
678 2826 743 2869 eum
767 2805 902 2869 nimirum
925 2805 975 2871 ille
998 2807 1061 2894 ipse
1084 2809 1132 2894 qui
1155 2809 1240 2889 dixit,

85 2913 156 2990 Ego
171 2931 232 2970 sum
246 2913 434 2984 resurreetio,
459 2909 614 2974 universos
630 2908 818 2989 evocaverit,
842 2920 870 2974 et
887 2931 1011 2995 corpore
1028 2933 1063 2976 ac
1077 2923 1175 2977 mente
1192 2933 1243 2998 pa·

87 3011 166 3076 riter
187 3009 343 3087 excitarit,
366 3022 452 3097 atque
474 3012 504 3074 in
527 3013 624 3076 tuturo
647 3011 776 3077 adventu
797 3033 849 3076 sno
873 3013 938 3076 luce
960 3014 1130 3098 perfuderit.

178 3109 280 3177 Sobel.
301 3109 344 3176 ΙΙΙ
361 3123 391 3176 et
405 3109 592 3177 XXXVlll.
638 3112 671 3180 ln
694 3135 730 3179 eo
752 3115 829 3198 quod
848 3115 985 3199 seriptum
1009 3126 1073 3194 est,
1096 3120 1391 3201 neumanensis

87 3221 174 3280 hortm
191 3229 303 3297 putrem
320 3238 401 3278 mum
422 3229 451 3278 et
469 3227 601 3292 matrem,
626 3230 656 3280 et
674 3219 839 3280 adhaerebit
859 3223 960 3293 unom‘,
984 3230 1014 3280 et
1032 3231 1116 3282 ment
1135 3223 1190 3282 duc
1211 3226 1240 3284 in

85 3341 202 3382 cernent
223 3342 323 3394 umen,
348 3318 537 3398 vocabulum,
565 3324 671 3393 Uxori,
695 3319 823 3384 sustulit.

176 3419 279 3486 Relnt.
297 3419 342 3486 lll
358 3432 388 3486 et
401 3418 586 3486 XXXVlll.
631 3418 853 3506 Saepenumero
877 3422 1027 3488 docuimus
1048 3423 1122 3490 houd
1145 3425 1240 3492 alieno

87 3545 158 3590 esse
175 3545 249 3610 quae
266 3525 297 3590 in
313 3525 379 3610 lego
401 3524 522 3588 suntab
540 3524 576 3589 iis
596 3544 671 3608 qnae
688 3524 837 3608 apostolus
853 3525 989 3606 tradidit,
1013 3526 1086 3607 etsi,
1109 3526 1236 3610 Marcio,

87 3647 197 3692 nomen
218 3629 322 3692 uxoris
340 3627 534 3714 expunxeris.
579 3625 707 3692 Etonem
727 3626 776 3690 illa
796 3627 861 3713 ipsa
878 3626 987 3708 verba,
1009 3634 1104 3694 Erant
1124 3637 1154 3695 in
1174 3655 1239 3698 ror·

85 3753 150 3793 nem
171 3752 272 3806 umen,
298 3732 427 3796 incudem
451 3741 529 3794 tuum
552 3730 624 3794 sotis
645 3749 791 3816 superque
813 3731 964 3814 detegunt.

86 3953 307 4008 uersarem
321 3953 611 4015 sueonossensns
628 3953 726 4017 Quin
740 3952 902 4006 derivem
911 3953 1040 4006 nnuma
1054 3955 1237 4022 coneneie,
1276 3929 1279 3935 ’

481 4039 672 4092 anomocus
689 4039 777 4092 veno
794 4041 848 4090 vn.

175 4157 276 4226 Schoh.
294 4156 309 4224 l
324 4171 353 4225 et
370 4155 527 4224 XXXIX.
572 4161 660 4222 Nemo
683 4179 752 4240 ergo
777 4181 825 4221 uos
847 4164 952 4224 iudicet
974 4165 1003 4224 in
1028 4163 1105 4236 erbo,
1134 4175 1187 4225 unt
1205 4170 1235 4228 in
1253 4187 1340 4246 natm,
1354 4191 1385 4238 ts

85 4385 141 4452 γῶν
163 4377 328 4447 sensusne,
354 4398 414 4449 quoe
432 4399 475 4434 nor
488 4388 541 4447 post
557 4382 646 4448 κλῆσιν
713 4379 753 4434 nt.
770 4377 859 4436 reiron
873 4388 964 4436 eremus
976 4399 1021 4448 pro
1034 4385 1088 4452 τοῦ,
1106 4389 1168 4450 quod
1182 4391 1234 4440 out·

85 4454 191 4504 incidere
211 4455 289 4515 iubet,
314 4459 335 4503 et
355 4456 501 4504 ocomottucs
521 4449 647 4517 ἐγείροντα
679 4467 709 4517 qo
726 4457 796 4504 estut.

85 4518 132 4576 eds
148 4517 259 4586 Χριστὸν
274 4523 375 4585 modus
391 4524 421 4572 ob
438 4515 604 4575 demensum.
713 4517 755 4572 93.
773 4521 987 4576 ΚΟΛΟΣΣΕΙΣ
1003 4525 1057 4576 adt.
1074 4526 1155 4578 Peion
