3112 4984
381 261 515 313 cannen
532 261 596 312 urs.
607 263 627 312 1.
645 261 726 312 ron.
742 263 772 312 n.
788 261 887 317 naue.
897 261 994 314 xxm.
1207 253 1265 318 teu

111 385 179 442 Erit
192 391 326 462 tunquam
344 385 452 462 maur
467 385 543 462 qnod
553 383 711 461 plantatam
728 393 772 444 eet
785 385 1010 444 secasdecmsae
1025 405 1175 464 murum,
1191 389 1266 464 qaod
1276 394 1414 451 rualeno.

109 486 235 562 fructum
252 504 334 544 emon
347 485 428 544 debr't
448 487 479 544 r'n
493 495 615 564 tmpore
630 505 692 545 eno.
737 483 836 567 Atque
851 482 881 546 in
900 505 938 547 eo
951 485 1026 568 qnod
1045 486 1184 570 scriptum
1207 496 1264 564 ast,

113 589 201 645 Serus
211 588 349 646 dmnreue
362 606 510 666 eqourum,
530 584 651 648 indicari
665 585 720 649 viri
737 585 903 664 foeditatem
917 588 1060 650 asseruit:
1085 588 1163 651 istud
1178 609 1262 665 roro,

112 689 192 763 Quod
205 689 335 768 fructu
350 709 431 748 muer
446 689 527 750 dodr't
538 692 568 750 r'n
583 699 705 768 tmpore
719 709 782 762 suc,
807 687 964 772 voluptatis
980 686 1183 753 demonstrare
1199 712 1265 775 pro·

111 787 234 850 leuium.
278 785 358 852 Nem
376 790 451 873 quud
466 789 594 853 additum
611 800 673 868 est,
702 791 855 872 Etfelr'rrm
873 794 934 850 erite
950 809 1005 852 nom
1020 794 1140 873 defluet,
1166 804 1224 856 tum
1248 815 1265 856 e

110 889 208 966 nobb,
226 889 372 973 inquiunt,
392 890 551 974 porterus,
574 911 641 954 cum
657 891 688 956 in
704 901 812 955 terrem
829 890 964 954 decidere
981 913 1040 954 non
1057 893 1193 975 petimur,
1213 896 1265 958 sed

109 1014 119 1052 1
525 1037 533 1056 ι

8 1079 9 1110 ’
122 992 561 1179 p'milolliddprioldlilnillidium
576 1094 751 1183 tmtimoniis
768 1094 832 1180 plue
847 1094 1012 1160 detrimenti
1029 1117 1113 1180 qoam
1131 1096 1264 1161 utilitatis
1283 1109 1342 1176 esp.
1357 1109 1404 1160 tx.

110 1195 261 1274 adieram,
294 1195 404 1260 idcirco
422 1195 560 1281 pleraque
581 1197 699 1260 silentio
720 1196 960 1282 praetermittam.
1005 1197 1145 1283 Alioquin
1167 1199 1264 1262 emnia

108 1318 187 1380 quse
209 1299 246 1362 ab
271 1297 329 1361 illis
347 1299 482 1362 dicuntur
502 1297 558 1362 boo
583 1297 649 1362 loe'o
667 1298 844 1384 explicando
869 1319 1140 1364 commemorarem.
1184 1299 1262 1366 Nem

109 1400 187 1483 quod
205 1401 396 1485 inscriptum
412 1399 534 1484 legimus
551 1398 655 1465 llbnab
675 1402 825 1465 coccinum
841 1399 871 1466 in
889 1403 1018 1465 fenestre
1035 1402 1181 1486 posuisse,
1202 1421 1259 1465 non
1286 1420 1354 1464 toruo
1368 1422 1387 1464 a.

108 1502 264 1566 coccinum
282 1513 357 1580 erat,
381 1501 527 1584 inquiunt,
550 1503 602 1566 sed
622 1502 764 1567 muliebre
782 1504 962 1588 pudendum,
986 1501 1016 1566 in
1035 1523 1092 1587 quo
1107 1504 1263 1568 coccineus

110 1603 196 1666 color
212 1615 392 1668 menstruum
409 1605 580 1688 sanguinem
598 1603 756 1688 significat.
792 1602 870 1688 Quin
888 1603 975 1668 etium
991 1607 1094 1669 eodem
1111 1605 1180 1669 illud
1198 1625 1265 1689 spe·

108 1715 193 1768 etate
215 1709 286 1768 Bibe
301 1727 402 1787 opernm
418 1709 454 1768 de
470 1711 527 1769 turb
542 1713 626 1770 meib.
661 1703 819 1789 'Siquidem
837 1706 958 1770 interim
975 1727 1107 1788 mucor,
1131 1727 1185 1769 uec
1207 1727 1262 1771 eu·
1274 1726 1369 1782 rnen,
1380 1725 1410 1768 rs.

108 1809 197 1870 citari
219 1809 317 1872 denuo
339 1809 525 1894 praedicunt,
549 1829 671 1893 mosque
693 1810 729 1871 ud
744 1805 911 1892 Principem
927 1809 1087 1893 pertinere.
1124 1805 1192 1871 Vim
1210 1829 1263 1871 au-

109 1923 176 1974 tem
196 1909 292 1988 illam,
316 1931 391 1993 quae
413 1909 443 1974 in
466 1911 623 1974 menstruis
645 1921 691 1974 est
710 1931 746 1974 ac
767 1910 898 1988 semine,
921 1911 1047 1973 enimam
1069 1931 1154 1987 esee,
1177 1929 1262 1992 quam

108 2013 267 2076 collectam
288 2013 479 2076 comedimus.
524 2011 611 2077 Unde
628 2033 695 2076 cum
718 2013 855 2076 carnibus
872 2021 923 2076 out
938 2012 1083 2089 oleribus,
1107 2021 1158 2074 ant
1175 2033 1261 2096 pane,

107 2123 165 2176 sat
188 2114 245 2177 alio
267 2113 402 2198 quopiam
425 2115 590 2190 vescimur,
615 2115 688 2178 bene
712 2117 747 2178 de
770 2115 877 2179 creatis
898 2113 986 2178 rebus
1008 2133 1172 2189 meremur,
1196 2113 1261 2174 dnm

108 2237 152 2280 ex
181 2215 225 2278 bis
245 2216 379 2280 omnibus
405 2217 529 2278 animum
558 2238 748 2302 corrogamus
775 2239 811 2281 sc
833 2216 984 2280 nobiscum
1006 2216 1037 2279 iu
1059 2216 1170 2280 coelum
1193 2235 1263 2280 eve·

108 2319 225 2380 bione.
269 2315 396 2402 ideoque
418 2337 528 2400 genere
548 2320 626 2383 omni
647 2319 777 2384 carnium
796 2329 933 2396 utuntur,
957 2328 989 2382 nt
1006 2317 1141 2402 generis,
1165 2316 1260 2393 sium,

107 2419 211 2484 nostri
227 2420 427 2486 miserenum.
472 2417 629 2484 Caeterum
653 2422 774 2486 eaodem
799 2422 898 2488 inesse
919 2431 1020 2505 putant
1036 2417 1211 2483 animalibus
1233 2429 1263 2481 et
1362 2423 1370 2442 '

107 2522 221 2586 bestiis
245 2532 274 2585 et
296 2523 424 2608 piscibus
450 2541 486 2586 ec
514 2522 700 2608 serpentibus
721 2523 863 2602 animem,
895 2542 969 2607 quae
994 2521 1158 2584 inclinibus
1179 2519 1261 2596 insit,

105 2646 171 2688 uec
190 2645 246 2686 noa
262 2635 293 2687 et
309 2625 438 2688 oleribus
459 2634 489 2686 et
504 2623 659 2687 arboribus
677 2643 711 2687 ee
726 2624 906 2707 germinibus
922 2625 1061 2688 inlusum.
1105 2619 1167 2686 lom
1191 2643 1262 2711 spru

104 2853 123 2892 a
141 2827 234 2893 uobis
250 2827 393 2913 explicato
410 2839 490 2905 sunt,
514 2824 689 2892 CCCLXV
707 2829 873 2892 nominibus
887 2829 1067 2907 adscribunt,
1092 2825 1261 2912 quaePrin-

104 2933 212 3015 cipum
229 2949 293 2992 esse
312 2929 429 3014 propria
445 2931 602 2992 commenti
619 2939 698 2994 sunt.
740 2928 784 2993 lta
802 2931 979 2996 mulierculis
997 2932 1164 3007 illudentes,
1189 2937 1261 2992 Con·

101 3035 236 3115 gmdm
254 3053 373 3106 meeum,
402 3031 553 3116 inquiunt,
582 3045 615 3092 ut
630 3044 666 3132 ⁵te
689 3038 728 3094 cd
743 3037 900 3114 habcr'prcm
917 3039 1079 3114 perdiccam.
1125 3031 1201 3098 Tum
1225 3034 1260 3094 ed

103 3133 248 3218 singulos
264 3133 357 3196 coitum
372 3132 528 3198 barbarum
540 3133 656 3218 aliquod
671 3133 759 3198 nnius
773 3156 813 3199 eu
834 3135 892 3199 illis
908 3155 1014 3198 nornen
1034 3147 1144 3198 temore
1165 3132 1202 3197 ab
1224 3131 1260 3195 iis

100 3235 312 3317 excogitarem
332 3237 541 3320 pronunciant,
570 3257 605 3300 ao
623 3236 757 3300 nimirum
774 3237 828 3300 bac
851 3238 974 3301 formula
992 3247 1165 3321 precentur:
1200 3235 1264 3294 dl'br'

102 3343 147 3402 Ν.
174 3339 336 3420 offerrimus,
361 3351 394 3400 at
409 3343 448 3400 N.
465 3343 586 3400 mbrbsr'm
603 3341 719 3423 offeres.
767 3335 839 3403 lnde
854 3339 912 3402 olio
931 3357 1033 3402 rursns
1051 3337 1080 3400 in
1098 3353 1260 3419 congressu

100 3439 200 3506 aaut
217 3459 251 3500 se
271 3438 378 3502 olderre
395 3441 578 3524 praedicant,
603 3451 634 3504 ut
648 3451 679 3502 et
695 3441 721 3504 is
737 3441 820 3504 alteri
840 3450 1054 3526 repraesentet.
1100 3437 1145 3501 lta
1166 3437 1260 3500 donee

100 3563 166 3630 per
183 3535 356 3606 oecuxv
370 3541 498 3606 libidinis
521 3563 556 3605 ec
573 3541 711 3606 lasciviae
727 3543 835 3626 gradus
849 3542 1052 3619 ascenderint,
1074 3540 1121 3602 vel
1137 3540 1261 3601 descen-

99 3643 214 3709 derint
231 3641 343 3726 potius,
372 3644 487 3729 quoties
507 3641 654 3708 Venerem
676 3654 829 3728 repetunt,
853 3644 994 3707 eiusmodi
1015 3642 1129 3725 aliquod
1152 3661 1259 3706 nomeu

100 3743 272 3833 appellant.
317 3743 389 3810 lade
406 3765 459 3832 per
476 3747 578 3809 eadem
600 3746 649 3810 illa
666 3744 851 3830 turpitudinis
872 3745 998 3828 vestigia
1015 3743 1201 3823 relabuntur,
1225 3763 1259 3806 ec

98 3848 321 3914 emeemueutie
343 3869 360 3910 a
382 3869 416 3912 se
439 3847 618 3912 mulierculis
644 3848 778 3912 illudunt.
824 3843 981 3930 Postquam
1006 3856 1101 3910 antem
1128 3846 1260 3910 iterando

99 3948 232 4034 saepius
256 3949 428 4026 concubitu,
458 3971 493 4012 ac
520 3949 595 4013 betis
617 3949 674 4012 illis
702 3950 867 4013 nominibus
888 3948 1055 4032 repetendis
1080 3943 1259 4012 DCCXXX

3 4043 5 4058 ’
100 4071 267 4118 sumerum
285 4051 457 4136 implerunt,
488 4052 625 4137 deinceps
645 4053 693 4135 qni
720 4052 749 4116 id
775 4053 888 4136 egerit,
921 4051 1014 4135 polum
1036 4051 1071 4115 de
1096 4073 1129 4115 sc
1147 4049 1260 4135 praedi·

137 4240 167 4292 3.
188 4236 255 4305 φησὶ
272 4241 338 4288 codd.
357 4241 429 4288 Vetto.
446 4245 467 4288 rt
482 4241 578 4304 llbedr'p.
736 4237 760 4288 6.
779 4238 957 4304 πεπλασμένων
973 4243 1024 4292 cod.
1039 4242 1111 4289 l'utle.
1130 4239 1219 4300 ncttpet
1233 4239 1260 4285 ll·

136 4305 165 4360 l.
186 4305 253 4374 φησὶ
268 4309 334 4356 codd.
353 4308 426 4355 t'oti'c.
443 4312 464 4357 et
486 4308 583 4370 lllndtp.
704 4309 739 4357 brt
757 4306 956 4373 πεπλανημένων.

135 4377 165 4428 5.
184 4372 217 4430 τὰ
234 4371 402 4442 (repenarde)
419 4373 468 4444 τῆς
482 4378 533 4426 cod.
548 4378 620 4427 Velle
