3096 4988
337 255 553 308 renuntiare.
571 255 590 307 ι.
608 255 688 308 ron.
702 256 733 306 n.
751 255 851 306 assu.
865 255 969 306 xxxi.
1161 243 1222 306 307

75 373 206 440 sentibus
233 375 358 440 obsitum
380 397 520 461 muco,
551 377 600 441 rel
626 376 749 461 denique
772 375 938 461 ctiplures
958 395 998 438 ex
1022 375 1125 440 eodem
1147 397 1221 441 earo

73 479 192 564 scorpii,
216 479 256 544 ita
271 477 313 543 illi
330 501 433 544 omnes
449 479 552 544 eodem
569 492 699 566 tempore
714 482 743 542 in
762 479 836 542 banc
849 477 939 542 vitam
955 479 1153 557 effloruerunt,
1172 499 1217 558 ae,

72 583 146 666 quod
163 582 247 667 poulo
266 592 334 646 aute
350 581 529 663 dictumest,
549 593 683 668 tauquam
698 582 776 667 longi
790 581 928 645 inusitata
945 581 1067 665 quadam
1083 581 1221 645 foeditate

72 685 174 748 eodem
197 694 344 748 momento
366 684 499 749 universi
521 693 733 772 proruperunt,
758 684 997 768 quemadmodum
1017 684 1053 747 de
1072 683 1129 746 illis
1152 681 1219 746 olim

73 783 213 851 lreoaecs
230 787 383 873 praeclara
405 787 452 850 vir
471 787 625 852 sanctitate
649 785 863 873 pronunciavit.
908 786 1058 871 Aequales
1080 787 1157 848 eoior
1179 785 1220 849 illi

72 910 174 954 omnes
196 891 376 969 extiterunt,
405 890 465 970 sie,
490 900 523 954 ut
545 889 665 974 quilibet
686 890 841 977 pessimam
862 890 898 954 ab
920 889 1015 954 altero
1038 888 1218 974 disciplinam

70 1013 104 1054 ac
121 993 227 1076 dogma
243 1003 390 1056 mutuatus
413 993 518 1073 luerit,
542 993 634 1070 alius,
658 991 791 1077 inquam,
816 993 897 1056 velut
912 1002 1035 1056 exortus
1057 991 1093 1055 ab
1114 992 1218 1074 altero,

70 1117 125 1178 qno
143 1115 178 1158 se
193 1095 314 1181 amplius
330 1106 504 1176 ostentaret,
521 1095 722 1160 scelestissimi
736 1096 890 1160 commenti
906 1095 1118 1180 discrepantem
1132 1115 1222 1179 queo·

70 1197 133 1259 dam
154 1198 275 1261 formam
293 1219 328 1262 ac
343 1198 488 1263 rationem
505 1197 694 1282 excogitauit.
725 1195 783 1282 Qui
800 1219 833 1262 se
849 1219 950 1262 omnes
965 1195 1125 1262 Gnosticos
1142 1219 1221 1261 eom·

71 1299 149 1362 muni
171 1301 364 1386 appellatione
380 1301 434 1366 dici
451 1301 618 1366 voluerunt.
658 1296 830 1365 Cuiusmodi
845 1299 1021 1366 Valentinus
1036 1300 1101 1380 luit,
1125 1301 1221 1385 etqui

70 1401 149 1464 illum
170 1401 305 1466 Gnostici
321 1416 558 1489 praecesserunt.
605 1401 735 1489 ltemque
750 1399 907 1484 Basilides,
931 1425 966 1467 ao
984 1401 1168 1480 Saturuilns,
1193 1414 1223 1468 et

71 1501 268 1584 Color-basus,
292 1527 326 1570 ac
343 1503 540 1587 Ptolemaeus,
558 1517 588 1570 et
604 1503 770 1586 Secundus,
792 1503 999 1592 Carpocrates,
1022 1505 1128 1590 aliique
1144 1527 1222 1570 com·

68 1608 182 1692 plures.
229 1604 344 1691 Quibus
365 1609 500 1674 omnibus
515 1609 622 1690 sectis,
646 1609 721 1695 quod
739 1611 840 1674 eodem
858 1610 993 1697 prodiere
1011 1621 1158 1694 tempore,
1183 1609 1223 1673 si-

69 1711 125 1774 mul
150 1709 325 1790 recensitis,
350 1733 427 1776 nunc
443 1713 584 1798 cuiusque
602 1713 683 1778 velut
704 1725 786 1778 satus
811 1713 905 1776 labem
928 1734 963 1777 ao
981 1713 1139 1798 perniciem
1163 1712 1222 1775 sin·

69 1813 192 1895 gillatim
210 1835 369 1900 exponam.
415 1811 475 1881 Sed
492 1816 584 1902 ipsum
601 1815 743 1902 imprimis
756 1816 914 1882 haereseos
939 1826 1026 1901 eaput
1047 1835 1082 1878 ac
1105 1826 1221 1900 tragoe-

68 1915 132 1979 diae
148 1926 303 1980 auctorem
320 1917 487 2001 aggrediar,
506 1917 694 1983 Valentinum
711 1918 854 2004 intelligo,
874 1915 1136 2002 Valentinianaqoe
1152 1919 1223 2003 dog·

68 2030 164 2096 mata,
201 2040 275 2104 quae
302 2019 338 2083 ab
362 2020 495 2104 spaciosa
518 2020 566 2086 illa
595 2019 802 2086 Gnosticorum
830 2022 1012 2109 prolessione
1037 2021 1220 2107 prodierunt,

69 2142 142 2204 quas
157 2117 386 2206 Catagnosticas
402 2123 499 2208 potius
519 2145 628 2210 nugas,
653 2125 709 2189 lree
727 2135 774 2190 est
789 2126 951 2202 damnatas,
976 2124 1122 2210 appellare
1139 2122 1219 2202 licet,

66 2223 107 2286 uti
127 2223 241 2310 pridem
256 2223 406 2311 sapientes
420 2246 472 2289 aas
487 2227 730 2306 condemnarunt,
749 2249 783 2292 ac
796 2227 920 2291 ludibrio
931 2227 1032 2312 dignas
1045 2226 1219 2290 babuerunt.

155 2323 251 2411 igitur
267 2323 443 2392 Valentinus
460 2327 515 2392 istc
535 2329 680 2414 prioribus
701 2329 757 2393 illis
781 2352 796 2394 a
820 2351 866 2394 me
883 2341 970 2394 autea
985 2329 1220 2392 commemoratis
1245 2335 1306 2404 esp.
1322 2338 1354 2390 n.

67 2438 203 2514 ternpore
219 2441 264 2494 est
281 2429 444 2516 posterior,
469 2427 599 2496 Basilide
616 2431 751 2496 nimirum
766 2455 800 2496 ac
821 2431 984 2513 Saturuilo,
1009 2431 1135 2509 bibione,
1160 2426 1220 2496 Ce-

66 2531 167 2596 rintlro
192 2553 227 2595 ae
246 2529 414 2611 Merintho,
438 2553 597 2618 eorumque
619 2535 719 2598 sociis.
767 2531 916 2620 Siquidem
940 2555 1042 2600 omues
1066 2556 1125 2599 uno
1149 2543 1222 2597 tern-

66 2656 139 2720 pore
156 2635 195 2699 ad
214 2635 331 2699 bomani
351 2635 471 2720 generis
488 2637 610 2700 esitium
625 2637 736 2721 prolusi
757 2648 842 2718 suo13
871 2659 1044 2723 quamquam
1062 2633 1221 2702 Cerinthus

64 2757 98 2801 ac
112 2735 288 2802 Mcriotbos
310 2750 341 2803 et
363 2737 458 2803 Ebioo
482 2739 626 2823 paululum
649 2741 812 2826 antegressi
829 2753 914 2822 sunt,
946 2761 982 2804 ac
1004 2761 1068 2804 cum
1089 2740 1126 2804 iis
1148 2761 1222 2824 quos

67 2853 133 2904 ante
153 2841 224 2905 illos
240 2841 394 2926 percensui
414 2841 531 2927 prodire
549 2853 720 2928 coeperunt.
765 2841 917 2908 Valentini
935 2866 1023 2930 porro
1042 2843 1163 2930 patriam
1186 2863 1220 2906 ae

66 2942 191 3030 stirpem
211 2943 341 3029 plerique
360 2943 508 3009 nesciunt.
553 2941 624 3010 Nou
643 2944 719 3010 enim
738 2947 832 3011 locum
849 2944 961 3033 ipsum,
985 2947 1061 3010 unde
1081 2946 1221 3010 oriundus

67 3057 165 3126 esset,
200 3047 374 3132 scriptorum
402 3047 477 3112 ullus
501 3048 660 3134 expressit.
706 3046 817 3114 Verum
846 3051 881 3114 cd
905 3071 960 3114 nos
984 3049 1133 3113 auditione
1158 3047 1220 3110 sola

65 3149 213 3232 quaedam
230 3147 293 3212 eius
309 3149 352 3212 rei
371 3151 447 3212 lama
467 3151 617 3236 pervenit3
651 3173 735 3236 quum
752 3153 866 3237 quidem
888 3151 1148 3238 praetereundam,
1172 3171 1220 3234 pa-

36 3261 38 3266 ’
67 3251 215 3336 triamque
230 3251 349 3314 omnino
365 3251 602 3318 dissimulandam
619 3277 676 3318 uon
697 3255 836 3336 arbitror,
861 3255 976 3319 tametsi
990 3253 1100 3316 veritas
1115 3253 1144 3314 iu
1161 3273 1221 3313 am·

65 3351 155 3436 biguo
177 3353 275 3439 posita
292 3353 421 3418 videtur.
459 3353 528 3418 Nos
543 3357 676 3442 quicquid
694 3359 859 3443 accepimus
874 3378 909 3420 ea
925 3357 959 3420 de
976 3375 1008 3418 re
1025 3355 1219 3440 prolererous.

67 3451 143 3519 Soot
169 3455 220 3540 qui
238 3453 435 3522 Plrreboniten
459 3457 538 3522 illum
562 3459 670 3523 iaciant
692 3481 732 3525 es
750 3459 878 3546 Aegypti
901 3459 1021 3543 quadarn
1044 3477 1114 3535 oro,
1145 3455 1222 3519 uude

63 3558 281 3624 Alexandriam
297 3561 445 3644 proiectos
461 3561 515 3641 sit,
539 3561 635 3646 ibique
654 3559 834 3626 Graecorum
852 3562 963 3624 artibus
985 3559 1147 3623 institutas.
1193 3559 1222 3622 A

67 3661 173 3744 quibus
193 3671 222 3724 et
241 3659 399 3726 Hesiodiae
418 3659 612 3746 Theogoniac
627 3686 660 3728 ac
677 3661 775 3728 XXX
789 3663 904 3728 illorum
922 3663 1054 3742 deorum,
1079 3683 1151 3745 quos
1166 3661 1220 3724 ibi·

66 3763 130 3825 dem
149 3764 201 3828 ille
221 3765 387 3844 recensuit,
411 3766 608 3850 aegentilium
626 3764 787 3830 tubulorum
812 3767 842 3829 in
860 3765 956 3830 animo
979 3785 1033 3828 suo
1056 3764 1219 3850 exemplum

100 3951 161 4002 Cur.
178 3953 212 4002 ll.
229 3977 264 3990 -
289 3949 312 4003 l.
330 3945 360 4004 ori
373 3951 411 4020 τῷ
429 3955 479 4002 eod.
491 3954 545 4004 Ven.
697 3951 721 4008 7.
738 3952 761 4007 εἰ
775 3956 818 4007 δεῖ
830 3955 880 4004 eccl.
891 3955 945 4004 Vca.
962 3943 1016 4018 ἤδη
1031 3954 1115 4015 reliqui
1129 3955 1191 4002 iibri.

99 4022 123 4070 2.
142 4017 254 4086 κῑρινθοι
269 4015 514 4079 aeterternam.
536 4015 630 4089 Kripts-
697 4021 722 4075 8.
740 4019 787 4088 rulo
802 4015 888 4087 silubr]
904 4023 954 4072 eod.
969 4023 1041 4072 t'ottc.
1072 4023 1133 4072 Olim
1151 4027 1221 4082 putc-

66 4085 168 4204 lbiqsrdr
185 4085 231 4141 act
242 4083 373 4155 bidentibus
387 4085 432 4142 eet
448 4085 507 4150 τοὺς
522 4091 574 4142 cod.
584 4091 630 4140 Vc·
664 4091 892 4226 qqqqqrppiqqqqum
913 4086 939 4141 ἐν
952 4083 1102 4158 ἅμφιλέκτῳ
1119 4081 1173 4155 ἤδη
1190 4085 1219 4141 ab

98 4223 124 4274 3.
143 4218 290 4306 docpdqcen
307 4227 360 4276 eod.
372 4227 427 4276 t'eo.
449 4253 455 4262 ·
697 4227 722 4280 u.
739 4243 793 4279 τινα
807 4227 843 4275 ed.
856 4228 931 4287 princ
1122 4295 1128 4306 ·

96 4287 121 4342 4.
139 4309 191 4345 τινι
206 4289 291 4358 badum
306 4292 357 4346 ruit
371 4295 422 4344 cod.
440 4295 496 4346 Vere
700 4293 738 4346 tc.
756 4291 930 4362 (Poppurbqur
944 4295 1163 4357 commiserones.
1183 4293 1220 4354 Gi.

67 4427 85 4474 r
84 4359 121 4478 ab
140 4354 381 4428 ἰκιηχήσιιφήμη
397 4377 435 4422 τις
447 4358 568 4431 ἐλήλυθεν
577 4363 629 4414 cod.
662 4365 790 4494 ppqeqepiur
812 4365 845 4412 ed
865 4365 927 4414 ttcct.
950 4365 991 4414 Gr.
1009 4363 1111 4413 llonum.
1132 4365 1186 4410 torn
1203 4363 1222 4411 t.

95 4493 121 4548 6.
138 4491 232 4550 reiron
247 4493 325 4552 τόιιοι
343 4499 394 4550 cod.
412 4501 467 4552 t'cn.
701 4499 738 4549 11.
755 4487 828 4565 ’ὅμως
843 4500 894 4550 cod.
910 4500 965 4550 t'en.

950 4581 1020 4650 20*
