3112 4984
362 317 497 370 sisinn
515 317 579 368 crs.
594 317 613 368 1.
629 317 710 370 rou.
724 317 755 368 u.
772 316 870 368 naen.
885 315 974 366 xxx.
1180 301 1242 368 tte

98 438 161 504 citis
176 437 320 505 ministris
342 459 444 522 eqcaur
466 437 567 500 inferri
590 435 686 515 iubet,
710 447 845 518 tauquam
870 432 1034 520 aegrotanti
1059 433 1243 519 patriarchae

97 541 187 604 morbi
204 541 346 624 quoddam
368 561 407 602 cx
430 559 506 619 aqua
527 539 686 602 remedium
703 558 807 622 parare
823 537 925 600 vellet.
970 533 1015 600 llli
1032 537 1098 620 quid
1114 546 1245 602 strueret

95 643 189 726 qumi
210 642 351 728 imperata
373 641 495 704 laniunt.
541 638 611 704 lude
628 640 832 704 verecundiam
850 638 1011 716 simulans,
1036 648 1065 703 et
1087 639 1242 702 universos

96 745 175 808 abire
192 744 297 808 iubens
314 743 479 829 patriarcba
497 765 582 808 sacre
600 742 772 825 baptismate
793 761 827 806 ae
848 741 955 804 divinis
977 743 1127 827 mysteriis
1147 744 1242 808 icitia-

95 856 223 910 tuaest.

177 945 254 1012 Mihi
276 969 349 1012 vero
369 949 441 1015 haec
463 947 503 1010 uti
521 945 582 1010 dixi
603 946 701 1012 omnia
719 944 862 1030 Iosephus
882 945 945 1031 ipse
964 945 1114 1010 narrabat.
1160 943 1243 1008 llaec
1263 951 1323 1018 cap.
1340 951 1371 1001 v.

94 1051 214 1134 iuquam
232 1071 289 1114 uon
308 1051 424 1114 aliunde
442 1070 527 1133 qnam
551 1070 590 1112 ex
608 1049 732 1134 ipsomet
748 1050 826 1113 illius
848 1069 899 1112 ore
920 1048 1023 1125 didici,
1053 1069 1118 1111 cum
1138 1048 1244 1112 allecta

94 1152 148 1216 iam
168 1163 267 1218 aetate
283 1153 369 1228 toret,
388 1173 423 1216 ac
437 1148 531 1214 Lxx
546 1151 610 1236 plus
628 1150 723 1216 minus
739 1173 847 1214 annum
864 1161 978 1233 ageret.
1012 1150 1060 1213 Ad
1078 1150 1154 1214 bunc
1168 1146 1244 1234 Scy-

95 1253 204 1338 thopoli
225 1253 418 1331 diverterem,
449 1273 506 1335 quo
524 1271 558 1316 se
576 1251 735 1316 Tiberiade
753 1252 800 1317 ille
818 1253 998 1330 contulerat,
1031 1250 1127 1335 ibique
1146 1251 1244 1335 splen-

96 1356 160 1420 dida
178 1355 320 1439 quaedam
337 1355 470 1418 aedilicia
485 1353 541 1418 sibi
556 1365 786 1439 comparaverat.
819 1353 896 1420 Turn
911 1354 987 1417 enim
1003 1351 1151 1416 Eusebius
1169 1350 1244 1414 Ver-

95 1456 235 1522 celleasis
251 1457 280 1520 ln
298 1453 383 1520 ltalia
398 1457 571 1542 episcopus,
593 1478 610 1522 a
628 1451 803 1520 Constantio
820 1456 858 1518 oh
874 1457 938 1518 lidei
954 1455 1151 1538 integritatem
1171 1475 1245 1516 extr·

94 1559 154 1624 lare
175 1559 293 1637 iussus,
322 1559 358 1620 ab
378 1558 428 1621 illo
447 1558 572 1643 hospitio
591 1569 656 1621 erat
674 1567 829 1642 exceptus.
875 1554 968 1620 Cuius
984 1555 1130 1620 irruisendi
1150 1556 1244 1638 gratia

96 1683 159 1726 cunr
181 1681 239 1744 ego
257 1671 287 1723 et
306 1661 413 1722 iratres
434 1661 548 1743 quidam
568 1660 615 1722 alii
634 1659 835 1734 venissemus,
868 1659 969 1722 iisdem
989 1679 1043 1722 uos
1061 1657 1180 1722 cedibus
1197 1677 1246 1720 ro·

95 1763 169 1847 cepti
188 1762 307 1826 luimus.
346 1759 403 1825 Ubi
423 1783 487 1824 cum
503 1759 628 1846 lescpbo
643 1760 823 1826 familiariter
837 1760 959 1836 uersati,
981 1761 1075 1843 deque
1094 1781 1128 1822 co
1143 1758 1245 1822 scisci·

95 1865 146 1928 tati
170 1864 239 1948 quid
263 1863 318 1948 ipsi
340 1863 455 1928 demum
475 1863 647 1941 accidisset,
680 1863 755 1946 quod
778 1884 843 1926 cunr
864 1863 938 1946 apud
961 1859 1083 1926 ludaeos
1102 1861 1245 1924 illustrem

96 1966 188 2030 luisse
204 1965 367 2044 sciremus,
399 1965 485 2050 quive
503 1975 604 2048 gestae
622 1966 665 2028 rei
683 1975 762 2028 esset
778 1965 868 2040 orda,
900 1985 935 2026 ac
953 1963 1192 2048 quemadmodum
1210 1961 1246 2026 ad

96 2065 284 2132 Christianos
302 2067 473 2145 mansisset,
498 2067 571 2132 baec
588 2066 624 2130 ab
638 2066 690 2130 illo
703 2066 800 2130 omnia
814 2067 963 2130 auditione
979 2075 1076 2140 certa,
1100 2085 1159 2128 aon
1175 2063 1246 2126 alic·

96 2191 132 2234 ua
155 2171 214 2234 tide
234 2170 389 2254 explorata
409 2169 573 2232 didicimus.
619 2165 702 2250 Quae
723 2190 787 2232 cum
809 2171 846 2232 ad
865 2166 990 2232 lidelium
1011 2166 1162 2229 utilitatem
1186 2184 1246 2227 me-

96 2273 189 2336 moria
203 2272 293 2356 digua
310 2270 476 2354 cumprimis
490 2271 677 2347 arbitremur,
702 2281 820 2355 propter
833 2290 886 2332 eos
903 2269 994 2332 libros
1012 2267 1058 2350 qui
1077 2265 1106 2328 iu
1125 2263 1247 2328 ludaeo-

95 2395 159 2438 rum
176 2373 326 2438 tbcsaurie
344 2383 502 2436 serrantur
519 2371 666 2436 Hebraico
685 2393 820 2434 sermone
837 2369 987 2448 translati,
1017 2389 1092 2452 quac
1111 2369 1146 2430 ad
1166 2363 1247 2430 lose·

95 2476 181 2558 pbnn
204 2475 286 2538 illum
310 2475 491 2558 pertinerent
511 2473 676 2538 accurratius
698 2473 807 2556 exequi
828 2473 983 2537 voluimus.
1034 2469 1111 2532 Nam
1137 2469 1162 2532 is
1188 2489 1245 2530 riou

95 2580 183 2640 modo
204 2573 392 2640 Christianus
415 2587 497 2652 erat,
528 2597 651 2660 eantque
673 2577 758 2638 iidem
777 2584 965 2658 susceperat,
995 2574 1049 2636 sed
1071 2581 1100 2635 et
1118 2570 1248 2634 Arianos

96 2699 210 2742 summa
233 2679 351 2740 infamia
373 2677 554 2740 traducebat.
600 2675 713 2762 Quippe
736 2697 810 2740 unus
832 2677 894 2760 ipse
916 2687 1025 2740 rectam
1046 2695 1081 2736 ae
1102 2673 1247 2736 sincerans

95 2780 180 2842 idem
203 2777 377 2863 Scytbepcli
400 2779 561 2856 reticebat,
593 2801 661 2842 cum
679 2778 782 2862 reliqui
803 2789 902 2842 essent
920 2778 1037 2842 Ariani.
1083 2771 1249 2857 Quodnisi

97 2883 215 2946 comitis
231 2880 371 2964 dignitate
391 2881 494 2946 luisset
511 2881 677 2965 praeditus,
709 2893 740 2945 ut
760 2880 805 2944 bic
821 2901 886 2944 eum
906 2881 1001 2942 bonor
1016 2880 1051 2944 ab
1070 2878 1247 2942 »triariorum

96 2983 240 3048 uiolentia
258 2993 406 3058 tueretur,
430 3004 467 3044 ne
484 2984 513 3046 iu
529 2983 591 3068 ipsa
607 2984 720 3066 quidem
736 2983 808 3047 urbe
823 2983 869 3046 vir
886 2983 933 3046 ille
948 2982 1140 3057 constitisset,
1165 2997 1249 3062 prae·

97 3085 200 3148 sertim
217 3085 273 3148 sub
289 3081 459 3168 patrophilo
477 3085 591 3148 Ariane
609 3086 765 3169 episcopo,
790 3085 837 3169 qui
858 3095 887 3146 et
907 3085 1009 3168 opibus
1029 3093 1060 3145 et
1078 3079 1248 3146 crudelitate

96 3199 126 3250 ct
146 3188 224 3272 apud
248 3187 454 3271 imperatorem
470 3183 673 3250 Constantium
691 3187 886 3250 familiaritate
908 3197 995 3270 atque
1016 3183 1137 3248 audacia
1159 3179 1248 3266 pluri·

98 3311 175 3354 mum
191 3298 320 3374 poterat.
367 3285 399 3350 lu
416 3287 516 3352 cadem
535 3287 620 3350 etiam
641 3288 712 3350 urbe
729 3289 843 3372 quidam
861 3297 924 3350 erat
941 3297 1037 3350 aetate
1051 3284 1169 3358 iunior,
1199 3278 1247 3363 qui

97 3389 243 3454 eludnco
258 3391 407 3455 traductus
422 3391 457 3452 ad
475 3387 623 3454 Christum
638 3391 783 3454 sinceram
799 3391 881 3456 tidem
896 3386 1051 3461 reticebat,
1076 3385 1158 3466 isque
1173 3381 1248 3464 quod

97 3493 217 3556 minime
242 3492 335 3576 palam
359 3491 495 3570 auderet,
527 3491 687 3556 clanculum
705 3494 740 3556 ad
761 3513 814 3556 nos
833 3489 982 3556 veniebat.
1027 3483 1086 3552 Sed
1106 3482 1249 3567 losephus

96 3595 225 3678 lepidum
247 3593 382 3677 quiddam
400 3592 484 3656 nobis
508 3613 542 3683 rc
564 3594 715 3658 ridiculum
740 3593 893 3672 narrabat,
928 3612 981 3654 nec
1001 3587 1099 3652 dubito
1120 3586 1188 3669 quin
1211 3584 1248 3650 sit

99 3697 299 3762 rarissimum.
344 3693 454 3758 aiebat
471 3696 546 3782 epira
564 3707 676 3760 mortua
693 3697 818 3776 coniuge
835 3694 959 3756 veritum
975 3711 1008 3755 se
1025 3711 1061 3754 ne
1078 3689 1114 3752 ab
1131 3687 1249 3754 Ariuuis

97 3800 248 3864 violenter
263 3796 404 3881 abreptus
416 3798 539 3862 clericus
554 3799 654 3874 beret,
670 3817 815 3882 -saepe
832 3795 907 3858 euim
923 3793 1027 3858 blande
1043 3792 1121 3856 illum
1140 3793 1249 3856 adeun-

98 3910 156 3979 tes,
182 3913 214 3964 ut
231 3901 267 3962 ad
284 3921 366 3962 suam
385 3899 538 3961 t'actiouem
557 3899 693 3961 transiret
707 3897 908 3974 hortabantur,
932 3916 966 3958 ac
982 3893 1102 3960 maioris
1117 3914 1169 3978 spe
1184 3913 1250 3978 pro·

99 4023 204 4068 cessum
218 3999 398 4080 alliciebant,
414 4009 445 4064 ut
457 4001 504 4064 vel
518 4001 543 4064 si
560 4021 682 4064 necesse
697 4001 775 4064 leret
787 3999 983 4084 episcopatum
995 3997 1196 4073 ostenderent,
1208 4029 1249 4040 -

132 4256 159 4308 3.
180 4257 425 4323 Fmgettaeconcetit
437 4261 572 4308 Comedus.
592 4259 661 4307 Petu·
728 4257 751 4306 5.
769 4257 863 4336 hepone
885 4248 948 4308 ἀλλά
969 4250 1152 4321 precepcione·
1188 4249 1250 4299 oum

98 4331 138 4376 ado
154 4329 249 4388 peccunt
265 4325 414 4390 Bepndtica.
693 4326 782 4386 placuit
794 4319 858 4376 atta
872 4321 1075 4389 κατακρυφαῑως.
1093 4323 1120 4372 ln
1130 4317 1250 4369 coctam-

134 4391 161 4443 l.
182 4395 208 4442 ln
221 4397 312 4442 Peteon·
324 4396 430 4456 editione,
447 4400 504 4444 certe
519 4397 543 4442 in
556 4396 661 4455 ctpn'en-
694 4393 742 4455 diq.
760 4395 824 4442 earm
839 4384 904 4446 ditat
919 4389 1097 4460 καυιρυφαῑως-

99 4465 135 4517 sa',
160 4463 337 4511 mendosissime
353 4467 476 4511 excretum
495 4463 586 4512 tacente
607 4462 662 4518 πῶς
1022 4465 1025 4480 ’

99 4525 146 4581 ria
163 4525 203 4585 εἰς
219 4527 268 4592 Xp.
