3110 4984
317 285 452 339 ennann
470 287 546 339 nov.
563 285 733 340 nonnosus
749 289 812 342 cro.
826 291 845 345 1.
862 291 944 344 rou.
959 291 992 344 n.
1170 281 1230 346 137

85 415 127 470 rat
145 406 323 490 regreditur.
369 405 455 491 Quod
476 406 512 471 ud
531 403 679 472 Christum
692 405 819 486 illinet,
851 409 982 475 eiusdem
996 409 1166 498 impostoris
1185 427 1233 480 est

85 509 197 592 dogma,
222 527 288 572 cnm
307 509 371 572 sola
388 509 468 573 illurn
488 509 613 574 bominis
632 510 724 594 bguru
742 523 828 596 atque
847 512 941 596 effigie
958 515 1095 596 venisse,
1120 517 1231 580 omnia-

84 631 133 694 que
153 611 191 674 ab
214 631 251 675 eo
273 611 372 697 specie
394 621 480 675 tenus
501 612 649 697 perlecta,
673 613 835 678 cuiusmodi
853 615 923 695 luit,
947 617 1045 696 uesci,
1069 618 1229 698 ambulare,

83 712 188 790 rideri,
213 712 285 798 peti.

158 813 240 879 lliuc
259 815 309 880 illa
328 814 403 880 lulso
419 815 562 901 appellata
582 814 791 880 Gnosticorum
807 828 890 883 seete
906 819 941 884 ad
958 821 1129 905 profundam
1145 821 1230 886 buius
1249 835 1308 904 cap.
1327 835 1359 886 n.

83 925 175 980 sectae
197 917 357 1002 nequitiam
377 918 529 1002 plurimum
552 918 674 999 adiecit,
707 941 781 1003 qnae
799 941 816 984 a
834 917 956 985 Simone
972 921 1083 986 initium
1101 924 1231 986 occasio

83 1039 201 1103 nemque
217 1029 303 1082 uncta
320 1018 406 1102 longe
421 1020 547 1085 maiores
562 1039 655 1104 nugas
670 1023 876 1101 accumulavit,
896 1023 1135 1107 quemadmodum
1150 1034 1230 1109 post-

84 1139 112 1183 ea
131 1122 161 1184 iu
183 1120 250 1185 eins
272 1121 448 1185 refutatione
470 1122 650 1186 docebimus.
694 1122 738 1186 At
754 1121 922 1188 Saturnilns
940 1145 1028 1189 nuum
1046 1145 1087 1190 ex
1102 1125 1139 1190 iis
1157 1145 1230 1210 qnos

83 1222 228 1287 coustituit
249 1222 375 1308 Angelis
399 1223 491 1286 luisse
514 1221 687 1288 ludaeorum
710 1224 795 1288 deum
819 1225 985 1306 existimat,
1017 1247 1052 1290 ao
1073 1237 1132 1290 tem
1153 1227 1230 1291 bunc

83 1347 159 1409 qnam
177 1325 261 1390 illum
283 1345 300 1389 a
321 1345 376 1390 sne
391 1326 501 1389 virtute
518 1326 690 1392 desciuisse.
737 1324 923 1392 salvatorem
941 1347 1013 1390 vero
1031 1328 1066 1392 de
1083 1329 1229 1392 communi

83 1424 227 1492 Virtutum
243 1428 390 1490 scatentia
408 1447 425 1489 a
445 1424 535 1490 Patre
551 1428 690 1506 missum,
714 1438 745 1491 nt
763 1439 793 1492 et
810 1425 983 1493 ludaeorum
1000 1431 1085 1494 deum
1103 1430 1132 1494 in
1152 1430 1229 1494 ordi·

83 1549 141 1592 nem
157 1529 325 1612 redigeret,
350 1538 380 1592 et
394 1528 434 1592 iis
450 1528 499 1613 qni
517 1529 571 1592 sibi
588 1530 744 1594 crederent
760 1530 882 1596 salutem
899 1533 1031 1596 aberret.
1076 1530 1230 1596 Eiusmodi

84 1650 142 1696 esse
160 1641 264 1696 sectae
281 1629 524 1708 illinsbomines,
547 1631 596 1715 qul
612 1633 749 1698 coelestis
766 1631 843 1697 illius
859 1633 990 1718 parentis
1006 1634 1161 1698 scintillam
1178 1634 1230 1698 ba-

82 1731 171 1797 beant.
219 1731 305 1797 Duos
326 1733 431 1818 qnippe
450 1732 582 1797 homines
605 1732 748 1819 principio
767 1754 833 1798 esse
856 1737 965 1814 iactos,
996 1735 1101 1799 bonnm
1125 1755 1226 1816 unum,

84 1836 198 1899 altem
216 1835 341 1914 malum,
372 1832 511 1918 aquibus
529 1836 639 1921 duplex
654 1836 722 1898 item
739 1856 832 1920 genus
851 1835 1016 1917 bominum,
1046 1837 1153 1901 bonnm
1170 1837 1228 1901 sci·

83 1936 144 2000 licet
164 1959 199 2000 ac
223 1936 347 2014 mamm,
380 1935 411 2000 in
429 1937 779 2022 mnndoproseminetum
801 1947 858 2002 est.
903 1935 942 2001 Et
960 1937 1228 2022 quoniamdsemo-

83 2059 130 2102 nes
145 2039 233 2103 malis
252 2035 584 2124 opitulabantur,''oieu
601 2037 773 2124 pesssimis,
804 2049 921 2103 utente
939 2039 1018 2120 dixi,
1049 2039 1228 2127 temporibus

83 2142 113 2202 ad
135 2141 231 2206 bonos
253 2139 386 2204 bomiues
407 2161 462 2226 opo
486 2159 540 2204 sua
561 2141 757 2207 sublevandos
777 2141 930 2226 molosque
952 2163 1017 2205 cnm
1038 2142 1228 2207 daemonibus

84 2242 274 2328 prodigendos
287 2241 419 2306 salvator
435 2242 566 2306 advenit.
611 2240 673 2306 lam
693 2259 805 2308 uxores
822 2244 929 2308 ducere
945 2243 1111 2328 liberosque
1125 2245 1228 2326 gigne-

83 2365 112 2407 re
132 2345 168 2408 ab
186 2341 299 2410 Salona
325 2363 393 2408 esse
415 2343 572 2408 circulator
592 2345 667 2408 idem
690 2346 873 2430 pronunciat.
918 2343 1117 2429 Quamobrem
1140 2345 1227 2430 pleri·

84 2468 132 2530 qne
159 2467 200 2511 ex
225 2447 327 2509 borum
351 2445 502 2531 disciplina
526 2445 661 2510 animatis
687 2448 819 2512 omnibus
844 2447 1008 2527 abstinent,
1039 2457 1072 2509 nt
1092 2447 1228 2510 affectato

83 2550 125 2612 illo
145 2549 306 2612 senodocio
328 2548 407 2611 ritae
431 2567 541 2632 genere
564 2549 720 2612 nonnullos
743 2569 827 2612 sunm
855 2549 885 2612 in
912 2567 1043 2612 errorem
1067 2549 1224 2634 pellicient.

84 2648 122 2714 lle
147 2649 356 2736 prophetarum
376 2649 502 2714 orncnlis
531 2650 571 2713 ita
596 2651 745 2714 renedcus
769 2649 818 2714 ille
843 2649 985 2735 disputat,
1019 2669 1054 2714 ea
1076 2649 1179 2736 partim
1209 2670 1226 2713 a
1262 2679 1267 2686 ·

83 2753 173 2816 nundi
190 2749 343 2837 opilicibus
359 2751 500 2835 Angelis,
530 2751 632 2834 purtim
651 2773 667 2815 a
686 2749 796 2816 Salona
815 2754 963 2838 proiectu,
993 2763 1024 2816 et
1039 2753 1115 2816 bunc
1132 2755 1225 2838 ipsum

17 2931 18 2936 ἵ
85 2851 215 2917 Somnum
232 2864 315 2938 putat
326 2853 473 2936 Angelum
489 2873 567 2932 esse,
591 2853 639 2937 qui
654 2855 753 2918 mnndi
769 2853 967 2918 conditoribus
984 2854 1118 2940 Angelis,
1143 2875 1230 2941 praeq

17 2945 18 2985 ³
85 2955 218 3041 cipneque
242 2953 416 3019 ludaeorum
438 2955 510 3031 deo,
538 2955 668 3020 resistat.

158 3055 247 3142 erue
270 3077 336 3120 cnm
358 3057 393 3120 ab
412 3057 459 3121 illu
480 3059 590 3143 pecude
608 3056 685 3120 bono
702 3057 732 3122 iu
751 3059 868 3124 modum
886 3059 1085 3140 disseruntur,
1116 3058 1164 3122 vel
1182 3059 1227 3122 io·
1245 3065 1306 3134 ctu.
1318 3067 1363 3118 111.

83 3157 152 3222 ritus
177 3159 365 3222 convincitur
387 3158 629 3223 unum‘cooliteri
652 3161 755 3237 deum,
791 3171 878 3246 atque
902 3162 1075 3227 adonicum
1099 3161 1227 3243 singulu-

17 3247 19 3386 ἱ
83 3281 193 3346 remque
210 3262 389 3324 dominatum
408 3262 545 3326 universa
563 3265 686 3325 referre.
732 3261 1029 3327 Etooimsimundns
1047 3261 1083 3324 ab
1101 3260 1226 3344 Angelis

83 3363 168 3428 lactus
183 3375 249 3442 est,
274 3385 338 3427 enm
358 3363 475 3448 ipsimet
493 3376 561 3427 ante
579 3385 596 3428 a
613 3365 733 3428 coelesti
750 3366 860 3429 virtute
879 3363 1048 3451 principium
1065 3373 1151 3446 atque
1168 3361 1226 3424 ori-

17 3511 18 3524 ,
83 3465 169 3546 grem
188 3464 357 3544 habuerint,
381 3486 438 3528 uon
457 3463 499 3529 illi
514 3466 640 3550 fingendi
657 3465 782 3530 bominis
798 3477 935 3531 unctores
952 3475 1032 3544 sunt,
1056 3465 1107 3526 sed
1124 3481 1225 3545 supre-

17 3545 19 3634 l
83 3587 123 3629 na
136 3567 232 3632 uirtus
249 3567 298 3630 illu
317 3568 430 3653 potius,
454 3587 528 3650 qnae
546 3567 680 3650 Angelos
696 3569 841 3650 condidit,
866 3567 1003 3653 aquibus
1021 3566 1107 3628 bomo
1123 3573 1225 3648 postea

84 3665 216 3733 tumeam
235 3680 293 3732 est.
336 3667 414 3732 Nam
432 3689 486 3734 uec
502 3669 574 3732 ortis
590 3670 812 3735 instrumentum
829 3691 931 3734 eornm
945 3688 1050 3731 caussa
1064 3677 1126 3746 cst,
1150 3687 1225 3751 quae

84 3767 197 3856 abipso
223 3773 312 3851 bont,
346 3771 397 3834 sed
422 3771 471 3835 ille
494 3771 590 3857 potius
614 3771 661 3855 qui
686 3793 751 3836 oum
774 3773 970 3836 instrumento
992 3788 1056 3833 enm
1080 3769 1226 3854 actionem

87 3955 217 4090 3325,ng
225 3959 377 4076 ιὲννιὶςιίγῦιννο.
403 3953 440 4018 sie
453 3962 567 4025 eposium
583 3960 635 4010 cod.
667 3965 724 4076 ξαν..
741 3951 883 4042 cloipslnccc
897 3937 984 4026 (cinnii
997 3958 1047 4008 cod.
1062 3956 1172 4023 metu.)
1188 3970 1225 4008 re·

17 4135 18 4146 ,
113 4093 134 4142 i.
153 4041 357 4160 communituri<
374 4095 425 4144 cod.
444 4097 519 4146 Votis.
563 4096 636 4157 Vulgo
675 4030 822 4145 tpraporph
840 4121 873 4132 -
891 4093 914 4146 1.
930 4090 1095 4162 δειχθήσεται
1110 4093 1161 4144 eod.
1179 4093 1226 4140 Vc·

87 4160 252 4228 τννςναητῆς.
294 4163 342 4212 Sed
364 4164 414 4212 cod.
432 4165 529 4226 nusum.
551 4177 637 4214 mooun
668 4165 706 4212 tic.
720 4168 742 4213 et
755 4165 810 4214 edit.
825 4165 905 4214 Petov.
940 4158 1088 4228 erubuissem
1104 4159 1226 4212 cennm-

17 4265 18 4290 ,
88 4231 239 4282 monton
254 4229 369 4280 indicium
383 4245 442 4291 prce
458 4245 482 4280 se
499 4233 550 4292 sert.
669 4231 718 4292 etp.
732 4236 754 4280 et
769 4232 823 4280 edil.
839 4233 913 4292 pono.

17 4304 18 4360 J
118 4293 139 4343 5·
152 4297 378 4364 comnmodatior
393 4299 444 4348 cort.
461 4300 533 4348 l'ntlc.
564 4299 636 4361 l'ulgo
702 4297 728 4349 2.
745 4299 819 4361 Vulgo
843 4287 900 4364 ἆρα.

17 4385 19 4472 e
89 4365 320 4495 motu·
537 4369 563 4417 ν

17 4501 18 4552 l
120 4467 266 4568 ὓνᾶγγίλονς
280 4465 333 4551 cod
347 4468 430 4563 vulliel,
445 4507 466 4552 el
480 4503 636 4554 rosconm-
702 4469 726 4550 δί
747 4501 879 4570 γινομένων
896 4503 947 4553 cod
967 4473 1041 4551 Vertit.
