3112 4984
350 313 486 366 rauaau
503 315 566 368 nra.
580 317 599 366 r.
616 315 697 368 rou.
716 317 745 368 u.
764 313 861 368 ussa.
878 315 970 391 xxm.
1172 305 1232 366 245

88 447 116 500 et
137 435 258 500 castitas
281 433 401 500 omniuo
422 433 608 519 prohibetur,
631 433 659 496 id
679 435 753 518 quod
774 445 804 500 et
822 445 940 498 ceterae
964 453 1066 498 omues
1090 433 1234 499 eiusmodi

87 539 225 602 haereses
241 547 395 622 usurpant.
427 534 505 600 Nam
525 535 593 600 clim
610 537 646 600 de
660 535 829 619 virginitate
845 534 966 620 gloriari
980 536 1125 618 solebant,
1149 539 1234 603 ainri-

86 661 144 704 rum
163 639 202 702 oh
220 636 358 704 lecchum
376 639 494 702 lretrem
514 637 636 717 domini,
660 638 790 722 adeoque
806 637 898 702 libros
914 658 985 701 suos
1001 639 1037 701 nd
1054 641 1188 704 seniores
1204 651 1237 704 et

85 742 214 825 uirgines
238 739 411 804 inscribunt.
457 737 518 803 Sed
543 738 628 802 huius
652 739 786 804 lectionis
805 739 958 802 exordium
979 751 1044 824 post
1060 739 1234 828 Hierosoly-

84 844 210 906 mitanae
229 842 310 906 urbis
330 841 476 906 excidium
492 839 602 925 coepit.
646 839 713 924 Quo
729 852 860 924 tempore
874 837 1033 906 Christiani
1050 863 1152 906 omnes
1167 865 1233 906 cnm

84 944 110 1006 in
126 942 245 1008 Peraea
260 943 419 1025 degerent,
443 953 531 1026 atque
547 941 578 1006 in
594 941 667 1006 urbe
682 940 764 1006 Pella
782 943 976 1027 potissimum,
999 963 1075 1028 quae
1092 944 1121 1006 in
1138 942 1234 1008 Deca-

84 1047 209 1130 politana
227 1045 378 1131 provincia
397 1054 454 1124 est,
478 1045 563 1108 ouius
580 1055 663 1108 extat
682 1044 711 1108 iu
727 1045 882 1127 cvangelio
896 1043 1019 1124 mentio,
1042 1065 1131 1129 prope
1146 1043 1234 1108 Batu-

84 1169 183 1210 naenm
203 1168 239 1210 ac
255 1145 472 1210 Bssenitidern:
497 1167 561 1211 aum
580 1145 651 1225 illic,
674 1146 803 1230 inquam,
828 1146 1002 1210 domicilium
1023 1147 1383 1226 collocassentmnmuss.

84 1249 146 1312 hinc
161 1247 272 1312 Ebioai
293 1248 361 1312 date
379 1257 425 1312 cst
442 1247 622 1332 propagandi
642 1247 753 1312 erroris
772 1247 900 1311 occasio.
946 1245 1004 1330 Qui
1021 1249 1052 1312 in
1067 1269 1142 1332 pago
1157 1236 1313 1342 quc-Masi,
1322 1238 1383 1331 {ffb

83 1351 142 1414 dam
163 1346 285 1414 Cocabe
301 1349 332 1413 in
348 1350 469 1434 regione
487 1345 731 1427 Carnaimorum,
756 1349 878 1412 Arnemi
895 1361 925 1413 et
939 1352 1177 1428 Astarotharum,
1202 1363 1232 1414 et

84 1449 260 1516 llesauitidis
275 1463 370 1516 tractu
384 1451 517 1516 habitare
531 1453 639 1535 eoepit,
663 1452 901 1535 quemadmodum
916 1461 1004 1515 vetus
1019 1454 1055 1514 ad
1071 1473 1125 1514 nos
1142 1473 1233 1536 usque

86 1557 154 1616 luna
172 1555 304 1638 pertulit.
340 1552 411 1618 lade
427 1555 516 1638 igitur
532 1553 648 1638 pessimi
666 1551 850 1638 praedicandi
866 1553 1008 1636 dogmatis
1025 1552 1137 1618 initium
1154 1574 1233 1616 sum·
1346 1586 1352 1600 ·

85 1655 153 1736 psit,
184 1655 263 1718 unde
290 1666 320 1720 et
342 1655 446 1739 impios
466 1653 643 1720 Nazareaos
668 1653 801 1738 coepisse
826 1654 988 1720 docuimus.
1036 1654 1133 1718 umbo
1155 1655 1232 1718 euim

85 1757 192 1822 collatis
209 1757 288 1820 iuter
306 1777 340 1820 se
359 1757 500 1842 capitibus
517 1751 599 1820 suam
616 1756 690 1820 alter
706 1777 770 1818 eum
789 1755 881 1819 altero
897 1755 1108 1840 improbitatem
1128 1778 1162 1820 ac
1181 1777 1232 1819 ne·

83 1858 198 1939 quitiam
217 1859 457 1922 comrauuioevit.
501 1859 601 1942 Atque
623 1859 678 1922 etsi
703 1858 913 1942 quadamtenus
936 1879 953 1920 a
971 1879 1004 1920 se
1024 1869 1124 1923 mutuo
1147 1857 1232 1922 dissi·

84 1961 183 2040 deant,
208 1959 239 2024 ia
263 1961 460 2044 exa-ogitando
480 1971 576 2024 temen
600 1959 772 2043 pravissimo
790 1960 923 2043 dogmate
946 1980 1013 2024 sese
1028 1959 1154 2024 ironicam
1179 1981 1231 2024 cx-

84 2073 264 2143 presserunt.
309 2059 450 2126 Ceterum
469 2062 585 2126 memini
602 2083 648 2124 me
665 2061 730 2124 aliis
747 2061 776 2124 ia
794 2061 886 2138 lonis,
910 2082 974 2124 curn
992 2063 1135 2125 adversus
1157 2061 1231 2126 alias

85 2161 220 2228 haereses
238 2165 467 2244 contenderem,
491 2165 526 2228 de
544 2159 726 2228 Cauchorum
748 2163 807 2228 sita
824 2173 910 2248 atque
926 2163 1034 2227 Arabia
1053 2163 1228 2248 disputasse.

159 2365 312 2454 Principio
328 2368 418 2452 igitur
432 2367 546 2446 Edico,
571 2380 603 2433 ut
617 2367 696 2447 dixi,
721 2364 870 2433 Christum
889 2389 906 2430 e
924 2368 980 2431 viri
996 2368 1120 2446 semine,
1146 2367 1230 2430 uimi-
1250 2373 1368 2441 Capru

84 2487 142 2530 ram
162 2466 297 2554 losepbi‚
325 2471 455 2554 genitum
479 2471 648 2534 affirmabat.
684 2467 959 2553 Verum·aliquauto
977 2469 1081 2534 abhinc
1099 2479 1230 2554 tempore

85 2567 109 2632 iu
128 2571 301 2636 hodiernam
321 2593 414 2656 usqua
434 2571 509 2634 diem
533 2571 582 2656 qui
604 2572 667 2634 eius
685 2589 815 2634 errorem
833 2573 925 2635 secuti
943 2583 1028 2651 sunt,
1056 2571 1161 2634 animis
1178 2591 1229 2634 oo·

84 2691 141 2736 rum
159 2675 189 2736 iu
206 2673 333 2736 absurda
350 2694 384 2736 ac
400 2673 540 2758 perplexe
557 2673 696 2756 quaedam
713 2672 859 2758 abreptis,
883 2673 931 2737 alii
950 2674 1037 2738 aliter
1054 2673 1089 2737 dc
1110 2669 1230 2738 Christo

83 2776 281 2852 pronuntiant.
325 2776 372 2837 Ac
397 2775 540 2859 suspicari
566 2793 637 2838 saue
663 2775 731 2838 lieet
754 2774 791 2842 ab
815 2795 853 2838 eo
879 2787 1009 2860 ternpore
1038 2797 1094 2859 quo
1117 2795 1150 2838 se
1172 2775 1229 2837 illis

86 2873 214 2940 lllxaeus
237 2877 370 2940 adiunxit
397 2876 487 2940 lalsus
511 2878 623 2960 quidam
647 2878 807 2962 propheta,
839 2879 886 2960 qui
908 2878 982 2963 apud
998 2875 1178 2962 Sampsenos
1201 2887 1231 2938 et

85 2973 216 3042 Oscenos
235 2989 321 3061 atque
340 2977 516 3054 Eleosseeos
543 2979 658 3056 extitit,
689 2977 723 3042 ab
748 2981 851 3044 eodem
875 2979 995 3042 edoctos
1017 2979 1171 3042 condictum
1194 2979 1229 3040 de

84 3074 200 3144 Christo
225 3101 259 3142 ac
283 3079 385 3164 spiritu
408 3089 511 3142 saneto
537 3081 636 3143 nescio
662 3081 728 3162 quid
752 3082 869 3145 effutire
894 3082 1040 3166 coepisse.
1084 3077 1228 3144 Nonnulli

83 3181 154 3244 enim
171 3201 211 3246 ex
229 3181 267 3244 iis
280 3181 423 3246 Adamum
442 3181 532 3244 luisse
548 3177 697 3244 Christum
711 3182 891 3266 praedicant,
914 3183 992 3246 illum
1012 3183 1128 3265 iuquam
1148 3181 1229 3242 Ada-

85 3303 169 3362 nrum,
195 3283 244 3368 qui
264 3285 372 3368 primus
388 3304 406 3348 a
423 3284 477 3346 deo
496 3286 638 3346 formatus
654 3283 783 3347 eiusdem
802 3296 849 3349 est
865 3283 1010 3348 animatus
1026 3283 1132 3346 efflatu.
1168 3281 1228 3344 Alii

83 3403 97 3444 e
113 3387 197 3450 coelo
215 3381 365 3449 Christum
384 3405 451 3448 esse
470 3387 662 3463 contuentur,
685 3384 737 3448 sed
755 3397 823 3449 anta
838 3385 934 3448 omnia
950 3397 1095 3462 creatum,
1120 3403 1154 3446 ac
1171 3381 1229 3467 spi-

83 3485 164 3550 ritum
190 3507 259 3552 esse
284 3486 446 3570 quendem,
474 3487 644 3570 angelisque
670 3496 839 3570 praestare,
868 3497 955 3570 atqua
980 3484 1108 3548 omnium
1131 3503 1228 3548 rerum

84 3587 258 3652 dominatum
278 3599 399 3666 maere,
423 3589 562 3672 appellari
578 3609 665 3673 porro
684 3585 846 3653 Christum.
892 3585 951 3670 Qui
974 3609 1038 3650 cum
1061 3596 1228 3670 perpetuam

82 3686 137 3750 illic
159 3689 370 3754 aabiuuccem
394 3692 517 3754 sortitus
536 3689 591 3767 sit,
614 3690 729 3774 quoties
751 3690 870 3754 libuerit
887 3690 917 3752 iu
939 3689 1010 3752 haec
1030 3687 1128 3751 infima
1150 3689 1228 3752 dola-

82 3787 171 3870 bitur,
202 3792 443 3875 qaemadmodum
470 3791 500 3854 in
521 3790 635 3854 Adamo
659 3791 827 3869 descendit,
857 3802 886 3854 et
910 3789 1082 3874 patriarchis
1104 3809 1229 3876 corpore

83 3889 275 3958 circumfusus
290 3893 439 3978 apparuit,
463 3893 543 3956 velut
558 3913 622 3956 cum
640 3893 677 3956 ab
692 3892 903 3970 Abrahumum,
927 3889 1077 3969 haecum,
1101 3904 1132 3956 et
1150 3890 1230 3956 lacc-

82 3990 144 4056 bam
167 3993 252 4058 adiit.
297 3989 379 4058 ldem
403 3994 526 4080 denique
548 3993 704 4080 postremis
722 3993 899 4079 temporibus
916 3994 1013 4072 venit,
1038 3994 1143 4058 Adami
1164 4015 1229 4058 cor-

83 4115 150 4177 pore
171 4105 344 4174 contectus,
368 4107 399 4158 et
417 4097 502 4160 homo
521 4095 602 4160 visus
624 4107 687 4174 est,
711 4096 741 4158 iu
760 4116 875 4160 erucem
897 4096 1026 4160 sublatus
1050 4098 1228 4174 resurrexit,

82 4207 108 4260 et
122 4199 258 4264 ascendit
273 4199 303 4260 in
322 4199 447 4264 eoelum.
492 4197 611 4265 Rursus
627 4198 675 4262 ubi
693 4198 811 4262 libuerit
826 4199 865 4262 ita
883 4219 950 4264 sese
968 4219 1028 4264 rem
1048 4199 1156 4264 hebere
1176 4217 1228 4260 ne-

79 4399 242 4454 lleleesssece
259 4402 417 4470 appellatos,
434 4403 503 4454 velat
517 4403 559 4454 ille
575 4402 640 4454 ims-
674 4419 747 4466 „cum
760 4401 802 4453 ille
815 4401 958 4472 figmentum
972 4401 1098 4471 quoddam
1110 4417 1140 4452 ac
1152 4416 1229 4468 coges

77 4469 232 4534 finctionem
250 4471 374 4538 quandam
394 4469 427 4521 de
445 4471 544 4523 Christo
562 4481 588 4522 et
608 4469 640 4522 de
674 4471 759 4523 nescio
783 4489 842 4538 quus
864 4471 897 4522 de
915 4472 1014 4523 Christo
1037 4480 1063 4521 et
1086 4467 1119 4520 de
1141 4479 1229 4520 saneto

15 4571 17 4598 ,
77 4550 167 4590 uncto
182 4539 278 4607 Spiritu
292 4547 431 4592 recensent.
459 4543 570 4592 Verterlm
584 4555 641 4604 eqo:
673 4539 761 4608 spiritu
777 4547 888 4593 amet.“

15 4753 19 4949 l
