3100 4984
372 285 505 336 rinnau
521 285 583 338 crs.
593 287 612 336 r.
629 280 710 338 rous.
730 287 761 336 n.
778 285 876 336 utun.
891 285 992 336 xxxi.
1192 269 1251 336 att

103 399 185 468 Nam
202 403 230 468 si
246 404 362 470 veritati
379 403 429 468 ille
445 415 644 469 consentanea
661 406 775 483 lorent,
798 416 879 468 certe
897 404 1047 484 domiuus,
1070 404 1119 489 qui
1138 403 1174 468 ad
1190 403 1254 468 illu-

104 505 272 572 miuaudnm
295 506 395 571 orbem
418 518 557 588 venerat,
588 518 618 571 et
639 517 706 570 aute
728 505 807 570 illum
829 506 1004 594 prophetae,
1034 517 1097 570 tum
1115 505 1252 591 apostoli,

105 610 156 694 qui
172 609 311 674 falsorum
327 610 445 673 deorum
462 609 697 694 superstitionem
711 629 746 672 ao
759 608 933 692 llugitiorum
948 609 1148 693 scelerumque
1162 628 1255 692 genus

104 733 194 776 omne
220 713 449 796 redarguerunt,
483 733 538 776 neo
561 712 676 796 impium
701 732 815 775 cmrrcm
839 710 1072 794 contrariumque
1096 709 1254 774 doctrinam

103 813 223 902 scriptis
239 814 300 878 suis
316 815 471 901 prodigere
488 826 556 878 suut
570 814 675 892 veriti,
698 812 739 878 illi
754 813 870 897 inquam
886 824 987 897 aperte
1004 812 1089 877 nobis
1102 810 1153 876 illa
1165 811 1256 895 signi·

103 915 262 996 beassent3
293 919 463 1002 praesertim
483 939 547 981 cum
565 915 695 980 salvator
711 914 752 979 ita
768 917 831 1001 ipsc
848 915 989 978 dixisset:
1022 917 1128 977 Ceteris
1147 917 1255 996 pardem
1268 921 1393 979 eccene.

103 1024 133 1081 r'n
142 1021 301 1100 parabolus,
323 1021 398 1082 uobis
409 1031 503 1081 cutem
512 1021 667 1101 parobolae
681 1014 719 1080 od
730 1021 816 1098 regui
825 1020 951 1079 coelestes
965 1001 1170 1080 enarrationem
1182 1017 1255 1080 edir-

101 1125 239 1184 serendoc
259 1133 335 1184 sunt.
382 1119 529 1204 Quocirca
551 1140 748 1207 quaecumque
770 1120 799 1182 iu
817 1119 972 1203 evaugelio
990 1119 1146 1204 parabolae
1165 1118 1201 1183 ab
1219 1137 1256 1182 eo

101 1224 270 1310 propositae
289 1235 375 1303 suot,
406 1223 503 1288 statim
522 1223 635 1288 illarum
653 1243 770 1286 sensum
790 1222 942 1308 aperuisse
959 1221 1085 1285 videtur.
1131 1217 1208 1284 Nam
1227 1231 1257 1284 et

100 1345 228 1410 gram
250 1327 360 1414 sinapis
383 1327 450 1411 quid
468 1325 524 1389 sibi
542 1327 631 1390 vellet
647 1325 800 1411 exposuit,
833 1324 900 1408 quid
919 1325 1109 1402 termentum,
1141 1343 1253 1408 quaeve

101 1427 211 1492 mulier
227 1441 307 1494 esset
322 1429 371 1494 illa
387 1450 461 1514 quac
476 1429 506 1492 iu
524 1428 579 1492 tria
596 1429 706 1492 luricae
725 1437 787 1492 sete
804 1428 978 1491 termentum
995 1425 1163 1504 immiserit,
1187 1425 1254 1510 quid

101 1529 154 1596 illa
177 1530 247 1610 vitis
268 1552 303 1595 ao
326 1531 414 1609 licus,
450 1532 514 1617 quis
536 1531 584 1594 ille
606 1531 655 1614 qui
673 1530 814 1608 seminat,
848 1549 961 1613 quaere
980 1528 1088 1615 optimo
1107 1529 1146 1592 sit
1163 1539 1253 1592 terra.

102 1629 210 1718 ltaque
231 1634 339 1698 trustra
358 1633 398 1697 illi
419 1655 507 1698 caeco
525 1632 673 1697 daemonis
690 1632 797 1718 impetu
817 1631 923 1695 conciti
941 1634 1109 1718 rapiuntur3
1141 1633 1177 1696 do
1194 1631 1257 1716 qui·

101 1733 160 1800 bus
178 1735 283 1800 merito
301 1747 421 1800 sanctus
440 1734 548 1800 Paulus
566 1735 605 1798 ita
625 1735 765 1820 loquitur:
797 1737 963 1798 Nesmeimis
985 1735 1152 1816 temporibus
1170 1755 1251 1797 cuer·
1265 1741 1406 1794 tuimet.

103 1848 167 1900 tent
178 1860 211 1901 ee
225 1841 338 1920 puidam
353 1861 371 1900 o
387 1841 533 1912 doctriua,
558 1842 730 1900 obtendentes
736 1839 866 1920 subules,
891 1848 920 1898 ct
932 1840 1068 1917 doctrinis
1082 1841 1253 1900 memorum.

102 1937 163 2005 Cui
184 1950 214 2004 et
238 1937 362 2004 lacobus
383 1941 591 2027 adstipuletur,
626 1941 662 2004 de
683 1939 826 2004 eiusmodi
848 1939 1030 2024 dogmatibus
1052 1939 1092 2002 ite
1114 1940 1255 2025 loquense

102 2045 172 2106 Non
187 2054 233 2106 est
247 2049 319 2106 entim
336 2047 391 2106 t'rtc
408 2049 547 2126 scpt'entt'o
562 2047 708 2106 desursum
725 2046 908 2118 descendens,
931 2047 982 2105 sed
998 2055 1127 2116 terreno,
1151 2047 1258 2106 anma-
1270 2047 1314 2094 ¹⁸⁸·
1328 2049 1349 2103 ³.
1363 2036 1394 2094 ib

103 2148 156 2220 ta,
192 2147 342 2208 debboliru.
389 2149 466 2226 Quae
486 2159 578 2210 cutem
598 2150 743 2208 desursum
766 2156 810 2207 est
825 2150 979 2226 supientia,
1008 2149 1131 2226 prbrum
1148 2149 1256 2226 paridem

96 2251 209 2330 podica
230 2259 287 2324 est,
320 2252 419 2312 demde
434 2251 573 2331 porfiro,
606 2251 746 2324 modesto,
776 2249 938 2321 suuddbe‘b’s,
971 2249 1051 2310 bouis
1070 2251 1254 2320 comentem,

98 2354 189 2432 plenu
206 2355 398 2415 mortorum
414 2363 443 2414 ct
449 2353 597 2436 fructibus
613 2351 691 2412 tota
708 2360 765 2414 etc.
784 2348 867 2413 ouius
887 2369 923 2412 ne
941 2348 1075 2413 mittimus
1093 2348 1207 2432 quidem
1225 2347 1255 2412 in

102 2453 151 2517 bia
174 2475 249 2538 quos
271 2453 562 2519 commemoravimus
585 2455 696 2516 tructus
718 2450 858 2516 cernitur.
903 2449 1017 2536 Quippe
1038 2451 1111 2535 apud
1129 2451 1195 2516 illos
1212 2449 1258 2514 in·

103 2555 271 2620 consucta
285 2576 320 2620 ec
336 2556 448 2620 nelarie
467 2555 564 2620 omnia
582 2555 728 2632 facinora,
752 2554 981 2637 daemonumque
999 2553 1075 2616 letus
1091 2564 1121 2616 et
1136 2573 1257 2639 serpeu-

103 2667 166 2722 tnm
189 2656 267 2720 sibili
290 2659 485 2742 reperiuntur.
532 2657 628 2722 Aliter
649 2656 713 2720 eliis
736 2656 930 2741 temporibus,
960 2665 1048 2739 atque
1069 2654 1145 2720 aliud
1168 2675 1257 2720 unus·

101 2760 231 2844 quisque
252 2761 411 2846 praedicat.
456 2757 546 2824 Nulla
567 2758 627 2823 illie
644 2757 843 2822 misericordia
863 2758 909 2822 vel
927 2757 1098 2836 clementia,
1129 2759 1181 2822 sed
1199 2757 1258 2822 dis·

102 2861 265 2927 sensioues
280 2883 314 2926 ac
329 2861 509 2940 discordiae,
534 2861 745 2944 nullumquam
762 2861 946 2942 castimonie,
970 2860 1048 2925 uulda
1065 2881 1136 2945 pax,
1159 2859 1258 2945 acqui·

103 2975 151 3030 tes
176 2963 266 3030 animi
289 2965 379 3029 nulla.

192 3069 240 3132 Aa
262 3068 330 3132 milri
352 3088 424 3134 saue
446 3067 532 3145 libet,
562 3065 696 3151 quoniam
719 3067 753 3130 ed
777 3067 805 3130 id
822 3067 965 3130 sermonis
988 3077 1018 3129 et
1031 3063 1194 3149 argumenti
1211 3083 1257 3128 me
1311 3071 1370 3138 cip.

102 3170 272 3236 necessitas
288 3169 419 3257 impellit,
444 3168 557 3234 tametsi
572 3169 659 3232 linem
676 3169 772 3232 lucere
788 3168 1008 3246 constitueram,
1032 3187 1123 3252 panca
1138 3185 1178 3230 ex
1193 3164 1257 3228 illo·
1274 3138 1409 3191 mvn·

106 3295 176 3338 rum
193 3271 320 3336 decretis
336 3271 371 3335 ad
384 3272 567 3336 refutandum
583 3269 720 3354 seligere.
759 3268 864 3354 Neque
878 3270 954 3334 enim
969 3267 1112 3334 orationis
1124 3266 1259 3346 artifieio,

103 3377 160 3440 sed
177 3375 320 3438 lectorum
339 3374 454 3438 utilitati
471 3373 539 3438 mibi
553 3372 739 3448 serviendum
756 3371 893 3437 arbitror.
939 3371 1031 3435 Aiunt
1045 3370 1134 3453 igitur
1149 3369 1258 3433 duode-

104 3479 216 3542 cimum
233 3477 385 3555 Aeonem,
418 3497 483 3540 cum
503 3475 677 3555 deiecisset,
708 3475 921 3539 aduodenario
938 3475 989 3538 illo
1006 3473 1259 3558 numeropeoitus

103 3579 272 3656 excidisse,
296 3589 383 3665 atquc
396 3579 436 3642 itu
452 3579 650 3644 duodecimum
666 3576 742 3641 bunc
757 3595 908 3640 numerum
923 3595 990 3640 esse
1004 3575 1161 3640 sublatum.
1196 3572 1260 3638 lloc

104 3694 208 3748 autem
229 3692 288 3744 tum
306 3681 482 3766 contigisse,
516 3703 580 3746 cum
598 3678 686 3745 ludas
702 3678 900 3764 apostolorum
918 3678 1105 3744 duodecimus
1122 3676 1260 3742 exclusus

105 3797 171 3867 estg
198 3784 301 3868 sicque
317 3784 504 3848 duodecimus
523 3803 661 3848 uumerus
681 3780 729 3846 ille
746 3781 844 3866 periit.
891 3777 1033 3844 Similiter
1049 3791 1079 3844 et
1093 3781 1123 3844 iu
1139 3780 1260 3844 muliere

103 3886 174 3967 itta,
202 3905 276 3969 quae
294 3886 444 3968 sanguinis
460 3885 602 3972 profluvio
621 3883 787 3963 laborabat,
812 3893 842 3946 et
860 3883 890 3946 iu
907 3881 981 3962 ulia,
1012 3904 1086 3967 quae
1104 3883 1204 3946 decern
1221 3901 1261 3944 ex

105 3987 257 4054 drachmis
275 4009 359 4052 uuam
377 3989 552 4074 perdiderat.
592 3987 681 4073 Atqui
697 3984 891 4050 demonstrari
906 3984 975 4048 illud
989 3995 1103 4070 potest,
1128 3984 1260 4048 Aeonem

103 4087 190 4156 illum
210 4090 410 4154 duodecimum
425 4088 516 4156 ludae
534 4111 686 4177 personam
701 4088 818 4152 minime
835 4108 921 4172 posse
939 4087 1098 4153 sustinere.
1143 4085 1262 4150 Etenim

105 4191 200 4258 ludas
222 4193 349 4257 ineditus
372 4193 474 4277 periit,
506 4192 692 4258 duodecimus
714 4200 810 4254 autem
829 4191 915 4254 Aeon
936 4189 1001 4271 ille,
1033 4190 1130 4256 velut
1148 4189 1263 4274 ipsimet

106 4296 186 4361 dctis
209 4295 283 4358 iisce
306 4295 408 4360 tubulis
431 4297 552 4374 docent,
586 4317 643 4361 non
660 4294 775 4380 penitus
791 4293 939 4358 extinctus
958 4305 1014 4358 est.
1061 4289 1151 4357 Stetit
1170 4290 1259 4370 euim,

106 4399 212 4476 aiunt,
237 4417 277 4461 ex
292 4399 355 4462 eius
371 4399 496 4464 adverso
510 4395 721 4483 Metagogeus,
747 4396 802 4460 boc
816 4406 863 4461 est
877 4397 1035 4474 traductor,
1059 4393 1108 4478 qui
1122 4403 1152 4457 et
1166 4391 1262 4458 lloro·

159 4533 423 4587 cir.xxxv11.-
445 4535 467 4589 l.
485 4537 576 4600 depone
592 4530 607 4590 ὁ
624 4531 653 4590 δὲ
670 4531 829 4598 δωδέκατος,
846 4537 882 4585 uel
900 4528 914 4585 ὁ
932 4531 1076 4592 δωδέκατος
1091 4527 1129 4585 δὲ.
