3112 4984
396 254 531 306 suuntur
550 255 611 307 ura.
626 257 645 306 ι.
662 255 744 308 rou.
760 256 791 308 u.
808 255 906 312 unet.
922 257 1030 308 xxvu.
1226 249 1287 312 203

142 383 243 459 reptas
263 371 336 436 elias
358 373 423 437 vias
445 393 481 437 ac
500 373 667 439 salebrosas
684 393 731 438 me
752 376 919 454 conferam,
943 397 1002 438 uon
1023 386 1053 439 ut
1072 375 1129 440 iter
1150 395 1203 462 per
1222 377 1288 442 illas

141 475 262 553 faciam,
286 474 337 538 sed
355 485 387 538 ut
403 475 518 538 emiuus
534 475 570 539 iis
589 486 813 539 commonstrem
834 478 882 560 qui
899 477 1073 561 asperitates
1091 477 1157 542 illas
1178 500 1288 564 coguo-

141 596 243 655 scere,
268 588 298 640 et
313 576 349 639 ad
365 588 475 640 arctam
492 578 569 640 illam
587 589 798 661 angustamque
816 579 910 656 viam,
935 599 1009 661 quac
1026 583 1060 641 ad
1077 589 1227 644 aeternam
1244 581 1289 644 ui-

141 690 198 743 tam
224 679 373 764 perducit,
398 679 557 762 confugere
580 677 744 757 voluerint,
768 679 855 742 latam
874 699 946 740 vero
970 699 1004 742 ac
1023 681 1179 764 spatiosam
1202 682 1288 744 aliam

140 780 319 864 relinquere,
343 801 416 863 quae
432 779 522 865 spinis
535 781 698 865 intercepta
714 790 745 842 et
760 780 942 844 offendiculis
958 780 1105 863 impedita,
1129 803 1222 846 coeuc
1236 783 1289 847 ub-

141 982 298 1068 pudioitiae
313 1003 348 1046 ac
365 982 491 1046 libidinis
508 981 725 1046 similitudinem
744 983 836 1046 refert
853 1003 948 1067 genus
962 983 1031 1046 illud
1048 985 1193 1070 serpentis
1209 997 1288 1048 atro·

138 1083 288 1147 dissimum
307 1085 353 1148 cui
372 1095 476 1164 porco
492 1091 616 1165 eapertr's
631 1090 741 1165 asperae
759 1105 865 1148 nomeu
886 1093 1019 1148 vetustas
1032 1086 1147 1151 indidit.
1192 1085 1288 1152 Huius

138 1187 215 1248 enirn
233 1197 337 1250 natura
354 1185 468 1248 illorum
487 1186 633 1268 nequitiae
651 1207 735 1270 quam
754 1185 899 1249 simillima
916 1198 977 1266 est3
1003 1188 1133 1271 quicum
1149 1189 1288 1252 masculis

138 1299 189 1352 ant
211 1287 327 1351 leminis
344 1286 549 1370 turpitudinem
567 1298 718 1372 patrantes
733 1306 833 1350 semen
850 1287 1004 1352 infundere
1023 1289 1192 1374 prohibent,
1214 1289 1287 1354 iusi-

12 1459 13 1466 *
138 1399 255 1472 umque
279 1388 387 1452 creatis
407 1387 495 1451 rebus
517 1409 534 1452 a
558 1389 613 1452 deo
637 1390 887 1474 propagandorum
906 1387 964 1451 viru
983 1391 1093 1453 ictuum
1116 1392 1284 1474 extingunt.

12 1555 13 1584 p
137 1488 221 1555 Unde
240 1501 272 1554 et
290 1490 439 1576 apostolus
458 1489 499 1552 ita
519 1490 652 1576 scripsit:
682 1494 838 1552 Mercedem
863 1511 944 1570 quom
965 1497 1089 1571 oportuit
1109 1499 1218 1555 errores
1238 1498 1287 1556 ιιιι·
1296 1505 1362 1552 uem
1371 1507 1393 1563 r,
1404 1509 1438 1552 rr.

138 1597 167 1654 ιἰι
186 1597 288 1674 seipsos
308 1596 474 1672 recapitules
495 1601 552 1654 ete.
599 1588 651 1656 Sic
673 1592 749 1655 enim
773 1595 888 1654 lerunt:
913 1603 1011 1671 partus
1031 1605 1182 1677 expertem
1204 1595 1284 1659 illam

137 1695 269 1778 viperam
288 1693 422 1756 titillante
442 1693 569 1758 libidinis
586 1694 735 1778 voluptate
753 1714 861 1756 marem
885 1693 969 1758 simul
991 1715 1026 1756 ao
1050 1696 1186 1760 feminam
1208 1696 1287 1762 iuter

12 1785 13 1800 ¹
138 1817 170 1858 se
187 1794 391 1874 commisceri,
415 1815 449 1856 sc
467 1815 519 1879 per
538 1815 571 1858 os
586 1795 743 1877 congredi3
767 1795 863 1858 triante
879 1794 1021 1878 siquidem
1045 1798 1152 1861 lomina
1174 1817 1285 1864 marem

139 1999 228 2077 dere,
253 1999 456 2081 exhaustoque
478 1999 553 2080 quod
574 2018 614 2060 ex
630 2018 681 2061 ere
698 1997 825 2060 destillat
841 2017 956 2062 veneno
973 2001 1061 2061 letum
1079 2001 1168 2064 muris
1185 2023 1220 2064 ac
1242 2003 1286 2066 le-

136 2100 233 2165 minae
249 2121 303 2186 per
317 2101 346 2164 iu
364 2111 447 2164 utero
463 2119 580 2182 gerere.
626 2095 658 2162 ld
676 2098 723 2161 ubi
739 2099 886 2177 creverit,
910 2121 974 2162 eum
993 2101 1100 2164 nullum
1119 2123 1176 2184 quo
1193 2103 1223 2166 in
1241 2105 1286 2166 lu·

12 2287 13 2290 Ἴ
137 2223 198 2266 cem
225 2212 359 2286 erumpat
382 2203 493 2264 exitum
516 2202 644 2284 reperit,
674 2213 836 2264 maternum
860 2201 936 2265 latus
961 2203 1155 2286 pertundere,
1185 2203 1285 2287 itaque

137 2325 200 2367 cum
216 2303 368 2386 utriusque
386 2303 516 2386 parentis
535 2301 654 2365 interitu
673 2303 766 2366 nasci.
811 2299 882 2366 lude
896 2314 1000 2383 partus
1016 2315 1156 2382 cepertem
1174 2325 1284 2388 coguo-

137 2405 253 2468 miuari.
300 2403 356 2468 Est
378 2425 451 2467 vero
477 2423 545 2488 prae
572 2404 698 2468 caeteris
725 2404 788 2466 dira
810 2403 994 2487 serpentibus
1021 2425 1056 2468 ac
1081 2403 1281 2483 formidabilis,

12 2517 13 2548 t
155 2528 211 2572 uae
235 2507 314 2570 intra
339 2525 407 2568 sese
430 2525 540 2568 marem
559 2515 663 2568 enecet
703 2517 732 2568 et
773 2526 790 2568 e
813 2506 948 2568 creiso
970 2505 1137 2570 foeditatem
1159 2507 1281 2570 exciit.

12 2575 13 2598 l
137 2531 213 2673 illuic
229 2628 319 2695 porro
338 2607 453 2690 gemina
468 2607 571 2669 insana
586 2607 634 2668 illa
650 2525 782 2670 tiereiis
799 2617 855 2686 est,
880 2526 963 2670 cicius
981 2627 1035 2670 uos
1052 2608 1146 2692 cupite
1163 2629 1199 2672 au
1217 2529 1283 2672 citr-

137 2731 226 2795 pore,
251 2708 374 2792 eiusque
393 2711 453 2772 teto
475 2709 554 2772 omui
573 2708 651 2771 vitae
675 2707 779 2772 baculo
796 2708 929 2772 contritis
946 2709 1069 2772 edatius
1086 2720 1283 2788 transcamus,

137 2813 290 2898 implorata
317 2811 443 2875 numinis
464 2831 536 2896 ope,
561 2809 608 2874 cui
630 2810 723 2873 horror
745 2819 776 2873 et
794 2809 945 2894 imperium
963 2810 993 2874 in
1014 2811 1132 2876 saecula
1149 2812 1283 2877 saeculo·

12 2909 13 2936 ³
137 2937 217 2994 rum,
242 2915 352 2978 Amen.

365 3459 590 3537 coutet
616 3461 1059 3553 cnRPucttnsms

338 3605 421 3676 quae
458 3587 510 3656 est
543 3581 691 3657 haeresis
717 3583 816 3675 vlt,
852 3583 906 3658 rel
934 3579 1080 3656 XXVII.

219 3728 389 3797 Secundum
408 3732 461 3796 hos
482 3732 555 3796 alius
570 3733 685 3816 quidam
703 3729 871 3818 Carpocras
887 3729 1002 3810 extitit,
1027 3729 1131 3814 quiex
1148 3729 1280 3794 mendaci
1299 3732 1357 3801 cup.
1371 3735 1391 3783 1.

137 3833 257 3917 iugenio
280 3853 335 3896 suo
357 3835 502 3918 propriam
521 3835 664 3919 quandam
684 3855 719 3898 ac
739 3833 880 3898 nefariam
901 3843 1010 3896 sectam
1030 3831 1227 3916 excogitavit,
1251 3843 1283 3896 et

137 3935 274 3999 omuibus
300 3955 413 3997 morum
441 3936 495 3999 tuit
520 3936 664 4021 pravitate
689 3938 829 4000 deterior.
873 3933 956 3998 Haec
982 3933 1058 3998 euim
1084 3935 1215 4000 haeresis
1242 3955 1282 3998 ex

136 4036 266 4100 omnium
285 4037 439 4101 erroribus
454 4039 592 4117 effloruit,
617 4035 764 4117 Simonis,
787 4037 917 4121 inquam,
941 4034 1153 4117 etMenaudri‚
1178 4033 1281 4102 Satur·

137 4139 184 4201 uili
200 4161 237 4202 ac
252 4136 401 4202 Basilidas
417 4150 447 4202 et
464 4139 593 4220 Nicolai‚
617 4141 748 4223 adeoque
762 4137 952 4224 Carpocratis
969 4141 1072 4224 ipsius,
1097 4151 1156 4203 tum
1173 4135 1281 4202 vaten-

137 4238 206 4320 tini,
230 4263 248 4304 ιι
269 4261 326 4326 quo
349 4253 509 4326 propagata
527 4243 575 4305 illa
599 4263 750 4326 perperam
770 4243 845 4306 dicta
866 4243 1012 4327 cognitio,
1036 4261 1110 4327 quae
1125 4238 1281 4304 Gnostico-

136 4407 219 4474 sepes
236 4412 275 4460 ed.
286 4413 380 4472 princ,
404 4413 464 4461 unde
479 4416 590 4464 Petour'ur
607 4417 631 4464 tu
647 4428 691 4464 sac
758 4411 782 4463 5.
799 4409 912 4482 decepto
931 4416 981 4464 cod.
992 4415 1087 4474 ttltedtp.
1102 4415 1123 4460 ct
1135 4395 1280 4470 editprinc,

136 4481 188 4528 sctit.
205 4481 299 4542 efttnsr't
315 4479 469 4544 προςθῶμιι.
722 4496 767 4544 pro
781 4496 851 4533 ιιιιιιι.
