3100 4984
378 312 514 365 rinnau
531 313 593 366 nra.
607 315 626 365 r.
643 314 723 366 non.
739 315 770 365 n.
787 314 886 365 naen.
901 314 1000 366 xxxr.
1202 299 1264 366 tut

112 433 269 515 imaficntu
283 443 327 495 act
341 438 481 514 capientia
496 435 598 514 cfilri'c
610 438 680 496 eras.
728 431 818 497 Velut
834 455 849 496 a
867 431 957 498 Paulo
972 455 1037 498 cum
1053 434 1185 520 scripsit,
1209 439 1263 497 Su·
1278 447 1296 490 1.
1306 445 1356 491 cor.
1366 447 1415 502 cs.

106 541 242 616 pientiam
266 539 406 618 topminur
427 541 501 598 inter
517 537 668 619 perfector.
716 533 811 620 Quem
833 536 952 622 insuper
970 536 1170 622 coniugiorum
1189 557 1263 622 quac

112 639 190 703 iutra
206 633 344 703 Pleroma
359 649 428 702 sunit
443 638 619 703 mentionem
636 639 666 702 iu
683 659 741 702 uno
756 640 876 716 iecisse,
898 659 962 703 cum
976 639 1012 702 de
1028 639 1172 703 bominum
1189 640 1266 704 inter

112 763 146 806 sc
169 743 356 828 copulatione
377 742 453 806 bunc
475 741 505 805 in
528 743 643 806 modum
665 742 798 827 scripsit:
830 747 1041 806 Sacramentum
1063 744 1115 805 dor
1134 763 1263 824 inagnum
1277 753 1404 812 aptata

109 857 169 908 est.-
193 867 248 927 cgo
270 868 336 908 cero
357 849 420 908 dabo
441 849 471 907 in
493 847 606 908 Cdrc'ctc
626 857 656 908 et
673 849 802 908 cceleer'c.

196 947 336 1013 loannem
359 949 468 1012 domini
490 947 660 1032 discipulum
679 949 823 1012 affirmant
840 948 961 1034 primam
981 945 1150 1032 Ogdoadem
1169 948 1261 1010 nomi·
1305 967 1363 1033 cap

107 1051 199 1116 cutim
218 1051 447 1116 demonstrasse.
492 1048 545 1115 Sic
564 1051 641 1114 enim
662 1052 818 1136 disputant.
864 1048 991 1115 ioannes
1009 1049 1116 1114 domini
1136 1049 1261 1135 discipu·
1279 1036 1381 1087 X'Vx·

110 1155 156 1218 ius
174 1155 302 1218 omnium
320 1175 417 1218 rerum
433 1153 576 1239 originem
594 1155 743 1240 explicare
760 1154 897 1240 cupiens,
922 1175 977 1238 qna
991 1173 1008 1217 a
1023 1151 1111 1216 Patre
1126 1153 1264 1216 uniuersa
1314 1237 1316 1242 Ι

111 1267 268 1342 procreata
283 1267 364 1336 sutrt,
385 1255 556 1342 principium
571 1257 672 1322 statuit
687 1279 703 1320 c
718 1258 773 1321 deo
787 1257 929 1342 genitum,
947 1275 1033 1341 quem
1047 1266 1077 1319 et
1092 1256 1178 1320 filium
1192 1253 1264 1320 Uni·

109 1360 241 1445 genitum
258 1371 289 1423 et
304 1361 388 1424 deum
407 1361 544 1446 appellat,
569 1381 621 1446 per
637 1379 722 1445 quem
736 1360 833 1424 omnia
848 1357 939 1424 Pater
955 1361 1077 1443 quodam
1094 1358 1183 1423 ueluti
1199 1367 1263 1420 satu

110 1461 295 1550 propagarit.
336 1461 384 1526 Ab
401 1463 455 1527 boc
471 1463 641 1548 productum
657 1483 725 1528 esse
739 1461 868 1526 Verbum
885 1463 1009 1542 asserit3
1033 1482 1085 1547 per
1098 1460 1174 1524 istud
1191 1481 1263 1524 nero

108 1577 201 1630 totam
227 1571 363 1630 Aeonum
393 1576 544 1645 naturam,
577 1586 661 1650 quam
687 1567 778 1652 ipsum
800 1575 904 1651 postea
930 1563 1059 1629 Verbum
1082 1563 1260 1627 informavit.

109 1665 185 1733 Cum
204 1669 293 1754 igitur
310 1669 346 1732 dc
364 1668 456 1754 prima
472 1667 664 1753 generatione
682 1689 847 1733 sermonem
867 1668 1017 1747 instituat,
1049 1677 1128 1730 recte
1145 1687 1162 1730 a
1179 1663 1262 1728 Prin·

109 1771 203 1858 cipio,
229 1772 285 1836 boc
303 1781 348 1836 cst
363 1769 429 1836 Deo
446 1767 606 1856 Verboque
625 1771 746 1834 docendi
763 1770 876 1835 initium
898 1771 977 1834 iecit.
1023 1767 1066 1834 ita
1083 1790 1171 1855 porro
1188 1769 1261 1834 scri·

107 1875 167 1940 bite
201 1880 234 1938 In
250 1879 392 1956 mauricio
408 1885 471 1936 erut
488 1875 623 1948 Verbum,
654 1885 683 1936 er
702 1875 820 1936 Vmbria
838 1885 903 1936 erut
916 1878 993 1956 apud
1009 1879 1112 1948 Bcum,
1142 1885 1172 1936 et
1186 1877 1261 1935 neue
1274 1891 1350 1937 terne.
1361 1895 1380 1939 1.

108 1989 174 2040 erut
193 1979 324 2040 Verbum.
372 1981 421 2039 Sic
441 1988 505 2039 erut
520 1981 550 2038 in
568 1981 711 2057 Princept'o
727 1981 804 2057 apud
820 1981 917 2038 Deum.
963 1974 1120 2060 Postquam
1139 1975 1195 2038 tria
1213 1975 1262 2039 ilia

109 2080 270 2159 discrerit,
294 2077 404 2158 Deum,
428 2077 606 2165 Principium
622 2089 652 2143 et
666 2077 814 2160 Verbum,
837 2099 939 2142 rursus
954 2079 984 2142 in
1000 2099 1087 2143 unum
1103 2077 1260 2157 connectit,

108 2194 140 2246 ut
164 2183 332 2267 utriusque,
362 2179 430 2245 Filii
454 2181 591 2246 uidelicet
613 2203 647 2246 ac
671 2179 780 2260 Verbi,
814 2181 1033 2268 productionem
1058 2179 1262 2265 amborumque

109 2285 271 2349 cumintcr
288 2305 339 2362 sc,
363 2295 423 2348 tum
443 2305 507 2348 cum
524 2282 612 2348 Patre
630 2284 863 2349 coniunctionem
881 2284 1018 2348 declaret.
1065 2279 1213 2368 Siquidem
1231 2282 1261 2346 iu

106 2384 197 2450 Patre
211 2397 298 2472 atque
318 2407 357 2451 cx
371 2383 460 2452 Patre
475 2385 652 2472 Principium
668 2399 725 2466 est,
746 2388 775 2450 in
790 2385 939 2472 Principio
955 2407 1029 2451 vero
1045 2397 1074 2450 et
1091 2407 1132 2450 cx
1146 2383 1261 2449 Princi-

109 2490 157 2575 pio
174 2486 318 2553 Verbum.
364 2487 524 2554 Praeclare
539 2490 629 2572 igitur
646 2491 736 2570 dixit,
759 2494 794 2552 In
806 2495 947 2572 praccepta
961 2501 1025 2551 erat
1040 2491 1172 2563 Verbum,
1198 2499 1262 2552 erat

110 2593 187 2655 enim
204 2593 234 2655 in
248 2587 338 2672 Filio,
364 2604 404 2670 et,
431 2595 549 2655 Verbum
564 2597 714 2674 crctcpud
726 2597 825 2668 Dmem,
851 2593 1007 2657 eratenim
1025 2603 1055 2655 ct
1070 2589 1259 2677 Principium,

107 2691 148 2758 Et
166 2699 243 2757 nece
258 2707 322 2758 erut
339 2697 469 2758 Verbum.
517 2691 726 2759 Consentaneo
745 2696 1001 2759 omninodictum.
1045 2693 1130 2779 Quod
1149 2694 1261 2758 enima

109 2794 174 2862 Deo
187 2799 320 2883 genitum
336 2809 393 2878 cst,
416 2795 499 2862 Deus
518 2809 575 2862 est.
621 2794 684 2877 Sic,
708 2802 823 2860 Eraria
833 2803 976 2880 principio
989 2802 1065 2880 apud
1077 2803 1175 2872 Oeam,
1195 2817 1261 2880 pro·

108 2900 256 2966 ductionis
272 2901 401 2966 ordinem
420 2901 558 2964 ostendit.
604 2905 702 2963 Omnia
715 2923 770 2983 per
784 2907 873 2983 ipsum
881 2904 966 2985 sacta
980 2913 1062 2976 suut,
1086 2913 1114 2962 ct
1126 2905 1187 2963 siae
1200 2905 1260 2981 ipsc

99 3007 215 3084 seratum
228 3015 274 3065 ecc
285 3007 366 3065 arbit.
413 3001 533 3068 Etenim
549 3001 679 3068 Verbum
695 3003 840 3084 omnibus,
860 3004 909 3089 qni
924 3015 989 3090 post
1002 3025 1035 3068 se
1050 3014 1128 3079 sunt,
1148 3001 1260 3064 Aeoni-

106 3105 162 3170 buc
178 3105 395 3170 informationis
411 3129 446 3170 ac
461 3105 680 3194 propagationis
698 3118 801 3171 auctor
817 3107 926 3171 extitit.
972 3105 1095 3184 Verum,
1120 3107 1200 3182 Quod
1207 3105 1260 3184 sc·

107 3220 182 3270 etum
199 3219 258 3283 eet,
284 3209 396 3293 iuquit,
420 3214 450 3272 r'a
467 3215 527 3292 ipsc
543 3215 601 3272 m'rc
619 3222 700 3284 erut,-
724 3209 773 3274 ubi
789 3221 819 3274 ct
836 3209 1000 3293 coniugium
1018 3207 1137 3271 indicat.
1181 3201 1258 3267 Nam

108 3309 207 3374 omnia
224 3331 277 3394 per
290 3311 383 3396 ipsum
401 3313 476 3376 iacta
496 3333 562 3378 esse
582 3313 662 3392 dicit,
687 3315 776 3377 ritem
793 3323 890 3377 cutem
907 3310 1029 3395 inipso.
1074 3307 1155 3372 flacc
1170 3306 1260 3391 igitur

108 3411 229 3498 quaein
246 3411 297 3477 itto
313 3415 388 3478 ducta
405 3425 462 3493 est,
487 3414 604 3501 propius
622 3416 657 3479 ad
675 3415 754 3480 iilum
771 3414 800 3477 in
818 3417 883 3500 ipso
899 3412 1025 3499 pertinet
1037 3431 1120 3495 quam
1136 3431 1170 3473 ea
1187 3429 1260 3494 quac

107 3535 160 3601 per
178 3513 273 3601 ipsum
292 3517 369 3581 facta
387 3527 466 3582 eunt.
513 3513 588 3582 Cum
605 3519 655 3582 itto
672 3518 776 3603 quippe
793 3526 943 3595 versatur,
967 3536 1002 3578 ac
1020 3533 1073 3600 per
1090 3514 1183 3598 ipsum
1200 3515 1260 3576 iru-

108 3631 173 3684 ctus
196 3618 313 3684 emittit.
360 3617 436 3684 Nam
459 3619 526 3704 quia
547 3621 644 3684 statim
661 3619 795 3698 subiicit,
829 3623 943 3681 Eccita
959 3619 1091 3680 crottum
1106 3619 1256 3690 dommum,

107 3741 143 3784 co
159 3719 226 3807 ipso
244 3722 319 3806 quod
338 3720 493 3787 Hominem
509 3733 730 3803 commemorat,
755 3720 854 3786 eadem
869 3739 943 3783 voce
960 3731 990 3784 ct
1003 3717 1165 3784 Ecclesiam
1180 3739 1260 3782 com·

106 3824 260 3908 plectitur,
284 3835 317 3888 ut
332 3825 458 3911 coniugii
476 3825 647 3891 societatem
661 3825 818 3909 inteiligas.
863 3819 942 3887 Nam
960 3843 1000 3887 ex
1017 3821 1116 3886 Verbo
1131 3819 1259 3906 Vitaque

107 3925 204 3992 Homo
229 3937 316 4011 atque
340 3925 477 3992 Ecclesia
497 3939 669 3992 nascuntur.
715 3925 854 3993 Ceterum
874 3926 967 3989 lucem
985 3926 1131 3992 bominum
1149 3925 1258 3990 idcirco

106 4031 195 4094 iitam
216 4027 396 4112 nominavit,
429 4031 506 4116 quod
523 4031 559 4094 ab
577 4051 611 4095 ea
629 4030 671 4094 itti
689 4028 851 4095 collustrati
871 4029 947 4108 sint,
979 4031 1054 4114 quud
1070 4029 1147 4093 idem
1163 4038 1209 4094 est
1224 4047 1259 4090 uc

136 4214 162 4270 4.
180 4216 205 4271 du
217 4217 247 4274 ab
260 4218 294 4287 τῇ
307 4214 389 4289 'Appii
400 4233 460 4283 quae
472 4221 668 4271 ecctdmcntucr-
736 4219 760 4272 7.
778 4215 804 4272 dc
819 4221 1011 4283 praepositionem
1029 4219 1153 4270 mtcndcm
1173 4219 1260 4269 amur

103 4288 141 4349 bu,
156 4301 217 4350 quoe
232 4295 284 4338 tam
296 4291 349 4352 ipsc
362 4291 474 4338 mntcntic
485 4303 558 4351 quom
574 4292 619 4340 Vct.
630 4291 668 4340 tm·
702 4289 793 4340 iiidice.

103 4359 191 4419 terprec
206 4359 329 4418 utndtcot,
346 4370 375 4406 cc
391 4358 441 4406 cod.
459 4358 513 4407 Veri.
530 4361 628 4420 reponit
736 4357 761 4408 8.
776 4352 903 4423 νοήματος
918 4357 970 4407 cod.
986 4357 1040 4406 rm.

135 4425 160 4474 ὁ.
181 4416 258 4476 αὐτοῦ
273 4425 514 4489 accrementum.
527 4428 583 4490 ttep.
605 4426 670 4477 naut
736 4423 760 4478 9.
778 4419 913 4492 c’rcpuciuc
930 4425 980 4474 cod.
998 4425 1051 4474 Ver.

106 4491 161 4541 iibri
179 4492 264 4542 bobert
281 4490 380 4544 ἐαυτοῦ.
739 4493 777 4545 10.
794 4493 963 4562 recutiebat
982 4493 1033 4542 cod.
1054 4492 1107 4542 tm.

139 4558 165 4612 b.
185 4557 253 4626 ζωὴν
269 4575 318 4611 noa
334 4567 453 4624 comparet
471 4564 495 4612 in
512 4563 562 4613 cod.
579 4563 634 4612 Vre.
