3112 4984
384 325 519 378 delhllll
536 325 599 377 Lib.
609 325 628 376 l.
644 325 727 378 T0hl.
743 325 775 377 ll.
792 325 890 376 natu.
904 325 994 376 XXX.
1203 313 1261 376 25l

112 445 216 510 horum
237 445 325 530 igitur
340 457 420 509 areta
438 444 561 509 alterum
578 465 614 508 se
631 441 849 508 matrimonium
865 443 968 508 iniisse
987 443 1119 523 dicebat,
1152 465 1209 529 quo
1232 463 1266 508 se

113 549 150 612 ab
173 548 223 612 illa
244 567 382 611 manuam
403 547 589 631 impositione
612 546 763 610 liberaret.

198 647 259 716 Sed
277 649 313 714 ad
330 649 514 734 patriarchae
531 649 694 728 historiam,
716 659 748 711 ct
760 647 850 732 ipsius
867 647 941 712 adeo
958 645 1075 732 losephi
1091 647 1263 713 redeamosa
1284 655 1345 726 cap.
1358 655 1401 708 vt.

112 771 200 837 quasa
220 751 251 814 in
273 752 415 816 laetorum
436 751 557 835 gratiam
577 751 678 815 iisdem
697 749 802 834 quihus
817 749 871 814 illa
889 750 1037 814 referebat
1059 750 1157 813 rerhis
1180 771 1267 816 acea·

112 863 180 918 rato
201 853 256 916 lide
278 853 576 938 repraesentabimus.
621 848 697 916 Com
720 853 818 936 itaquo
839 851 1003 937 patriarcha
1024 851 1168 936 baptismo
1190 853 1266 916 hooc

111 955 143 1022 ia
162 955 280 1019 modam
297 955 473 1033 initiaretur,
497 975 565 1037 eqo,
589 954 749 1038 inquiebat,
774 975 826 1038 per
843 955 948 1018 ianuae
967 954 1187 1018 commissuram
1208 956 1268 1018 lur-

112 1057 165 1120 tioa
185 1058 402 1142 introspectaus
422 1057 520 1120 omnia
538 1075 614 1140 qaae
634 1055 671 1119 ah
689 1055 827 1141 episcopo
845 1056 1028 1141 patriarchae
1045 1057 1148 1120 tierent
1164 1057 1267 1119 ohser-

111 1159 240 1236 aaham,
270 1177 306 1221 ac
321 1159 478 1240 diligenter
492 1157 588 1222 animo
603 1157 790 1222 retinebam·
823 1155 879 1222 Uhi
896 1158 974 1220 iuter
988 1167 1088 1222 cetera
1102 1157 1266 1243 patriarcha

112 1261 173 1324 rim
189 1261 331 1346 quandam
347 1260 410 1344 anri
427 1279 485 1322 aon
501 1259 679 1324 mediocrem
693 1269 798 1324 teaens
813 1259 888 1323 hano
903 1259 1042 1345 episeopo
1055 1261 1200 1344 porrexit,
1223 1269 1266 1337 at,

112 1367 171 1425 Pro
188 1384 248 1436 rae,
273 1361 382 1446 iuquit,
405 1363 519 1446 qfferto.
564 1366 708 1442 Saeptum
726 1374 769 1423 est
784 1367 873 1437 caira,
897 1363 1122 1424 oamerdotrhara
1139 1365 1188 1424 ἀοι·
1201 1365 1267 1422 otla'·

111 1469 186 1546 geri
195 1469 322 1546 aolm‘qae
333 1467 363 1525 ia
378 1467 464 1526 terrai
478 1468 580 1538 omnia,
604 1467 741 1526 elendona
757 1469 788 1525 a'n
802 1467 879 1526 roelo
893 1467 1063 1547 mlatasore
1075 1467 1122 1525 uel
1132 1467 1265 1544 alligato.

113 1565 190 1632 Post
205 1567 280 1630 haec
293 1565 402 1650 aperus
418 1564 530 1628 lorihns
546 1565 821 1650 sciscitantibusque
836 1567 873 1630 dc
889 1566 1053 1651 patriarcha
1066 1565 1116 1650 qui
1132 1567 1266 1642 odorant,

114 1668 358 1754 quemadmodum
372 1688 413 1730 ex
425 1686 462 1731 eo
476 1667 605 1730 remedio
620 1668 743 1746 valeret,
760 1670 964 1752 percommodo
977 1687 1010 1732 se
1026 1667 1133 1730 habero
1147 1687 1269 1752 respou-

115 1771 175 1848 ditq
199 1768 267 1854 qnid
286 1769 361 1832 euim
381 1768 492 1832 dicaret
509 1769 660 1853 praeclare
678 1781 813 1832 nouerat.
858 1767 952 1834 Biduo
970 1768 1076 1834 dehinc
1092 1770 1139 1833 vel
1159 1768 1267 1845 tridino,

114 1873 244 1937 deuote
259 1869 376 1954 saepius
391 1889 444 1954 per
459 1869 561 1934 medici
575 1869 703 1954 speciem
718 1871 866 1957 episcopo,
892 1871 968 1936 lelioi
983 1891 1022 1935 ex
1039 1871 1094 1935 hac
1109 1871 1170 1934 rita
1186 1871 1269 1934 exitu

114 1973 282 2061 patriarcha
298 1970 442 2051 decessit,
466 1991 533 2035 conr
548 1973 627 2054 prius
644 1969 768 2056 losepho
785 1984 815 2036 et
830 1972 916 2036 alteri
932 1974 1044 2038 cuidam
1062 1973 1269 2036 honestissimo

115 2075 184 2140 viro
202 2074 381 2138 tenerrimae
402 2073 496 2138 adhuc
517 2073 623 2138 aetatis
646 2073 732 2138 lilium
753 2073 960 2139 commisisset.
1006 2071 1154 2156 Quocirca
1172 2074 1270 2138 onuoia

116 2175 229 2241 abillis
245 2175 385 2240 ambobus
402 2174 691 2254 administrabantur,
715 2177 791 2260 quod
807 2188 888 2241 esset
901 2175 1064 2262 patriarcha
1080 2175 1174 2240 adhuc
1187 2186 1270 2238 aeta·

116 2289 148 2342 te
164 2298 241 2363 puer
256 2299 291 2340 ac
309 2277 515 2363 propemodum
535 2277 650 2357 iulans,
682 2288 713 2342 et
729 2277 809 2342 inter
824 2279 939 2342 illorum
958 2299 1061 2342 manus
1080 2279 1268 2340 educaretur.

116 2377 179 2446 Per
199 2378 276 2444 idem
294 2391 406 2465 tempus
421 2377 539 2464 losephi
555 2380 682 2444 animum
701 2380 856 2445 sollicitum
871 2380 996 2444 habehat
1014 2401 1114 2444 corum
1132 2380 1270 2442 recorda·

117 2483 178 2560 tio,
210 2501 284 2565 quaa
304 2482 333 2544 in
355 2482 497 2566 baptismo
522 2482 583 2544 lieri
602 2486 726 2567 mystica
744 2501 907 2566 arcanoque
925 2481 1055 2561 viderat,
1085 2491 1115 2544 et
1134 2481 1270 2565 quidnam

115 2594 224 2668 ageret
237 2579 326 2646 auxie
339 2583 498 2666 cogitabat.
545 2579 736 2648 Commodum
752 2583 812 2648 illio
826 2583 1027 2670 gazophylacii
1043 2583 1116 2646 cella
1130 2583 1271 2666 quaedam

117 2695 186 2751 erat
201 2685 356 2770 obsignata
373 2689 460 2768 (qaae
479 2705 568 2770 porro
583 2683 730 2749 Hebraico
748 2686 915 2750 thesaurum
932 2683 1108 2769 significans
1132 2686 1214 2748 curios
1231 2684 1271 2748 si·

117 2787 182 2874 gilli
206 2788 300 2870 qratia
323 2787 469 2874 plerisque
488 2787 569 2864 varia
591 2789 627 2849 da
646 2807 683 2850 eo
699 2787 912 2873 gazophylacio
927 2786 1159 2872 suspicantibus,
1191 2785 1272 2851 lose·

117 2889 196 2977 phos
214 2890 288 2952 olam
306 2909 393 2954 ausus
410 2889 526 2973 aperire
542 2889 612 2952 nihil
628 2889 815 2974 pecuniarum
834 2891 961 2975 reperit,
991 2890 1042 2954 sed
1061 2889 1150 2954 libros
1168 2888 1271 2953 duola·

117 3003 176 3056 xat
196 2989 329 3075 pecuniis
350 2989 483 3055 omnihus
501 2991 743 3076 praestantiores.
789 2988 873 3074 Quos
895 2991 962 3054 duur
985 2991 1112 3069 evolvit,
1145 2993 1219 3054 forte
1241 2991 1270 3053 in

118 3094 191 3158 illud
208 3092 311 3156 incidit
326 3093 361 3155 da
378 3113 434 3176 quo
449 3091 556 3156 dictam
573 3103 636 3171 ast,
660 3090 779 3156 loannis
794 3093 978 3178 evangelium
994 3115 1011 3156 a
1027 3091 1144 3157 Graeco
1162 3093 1192 3154 io
1209 3090 1271 3154 He·

119 3195 252 3260 hraicum
267 3193 455 3272 translatum,
479 3215 537 3258 una
553 3215 617 3258 oum
634 3195 842 3280 Apostolorum
859 3195 995 3261 Actibus.
1040 3195 1087 3257 Ad
1105 3193 1176 3255 baec
1191 3190 1271 3255 Mat·

117 3297 202 3362 thaei
218 3315 333 3382 quoque
350 3295 526 3362 Hebraioam
540 3294 741 3380 genealogiam
757 3295 882 3361 invonit.
925 3293 1039 3379 Quibus
1054 3294 1190 3379 perlectis
1205 3313 1271 3356 rar-

118 3422 174 3467 aas
190 3399 257 3464 eina
274 3397 389 3462 aoimns
405 3396 529 3461 cruciari
545 3398 653 3482 coepit,
677 3407 708 3464 ct
722 3394 1051 3482 Christianamtquidam
1069 3397 1151 3460 idem
1169 3413 1271 3478 capes·

117 3521 190 3568 aera
207 3500 362 3564 nolestm
379 3499 407 3564 ei
425 3499 595 3578 ridebatur,
623 3499 675 3564 scd
694 3500 765 3564 haec
780 3499 837 3562 duo
855 3497 1057 3576 nihilomiuus,
1088 3508 1117 3560 et
1131 3497 1269 3560 librorum

118 3603 212 3670 lectio
232 3613 261 3666 et
284 3601 466 3686 patriarchae
487 3601 613 3666 initiatio
633 3602 826 3666 uchemntar
845 3601 989 3666 hominem
1008 3599 1167 3684 angebant.
1211 3597 1271 3683 Qui

117 3705 266 3771 obdurato
287 3713 402 3782 tanco,
425 3714 458 3768 ut
476 3703 603 3782 assolet,
626 3704 725 3768 animo
746 3705 917 3789 permansit.

210 4005 293 4074 inter
317 4007 389 4073 hauc
410 4009 596 4075 adolescente
619 4011 676 4075 iam
700 4007 803 4074 Ellotis
825 4009 882 4074 lilio
903 4006 1030 4095 pupillo,
1062 4009 1110 4093 qui
1132 4009 1167 4072 od
1189 4029 1269 4094 spem
1289 4015 1413 4086 capvtt.

119 4110 338 4199 patriarehatua
356 4112 534 4176 educabatur
547 4118 656 4197 (oeque
672 4111 749 4176 enisa
765 4111 953 4196 magistratus
967 4113 1041 4198 apud
1060 4109 1183 4176 ludaeos
1199 4111 1273 4174 ullus

121 4214 283 4300 praeripit,
315 4213 365 4276 sed
384 4214 553 4299 parentibus
570 4216 619 4278 lilii
638 4217 829 4296 succedunt),
861 4235 932 4278 mox
950 4224 983 4278 ut
998 4215 1102 4280 aetatis
1120 4214 1220 4276 florem
1236 4233 1272 4276 ac

122 4317 255 4400 rigorem
275 4314 387 4399 attigit,
417 4317 452 4379 ad
475 4318 539 4380 eius
562 4316 785 4382 familiaritatem
810 4318 947 4402 aequales
970 4317 1086 4401 quidam
1109 4314 1273 4400 perniciose

121 4417 270 4504 obrepunt
294 4415 382 4480 otiosi
407 4417 607 4482 adolescentes
636 4439 671 4482 ac
695 4419 825 4482 moribus
848 4419 976 4504 corrupti
1001 4413 1122 4498 (ludas,
1156 4415 1272 4500 opinor,

160 4552 219 4604 Gar.
231 4553 287 4606 vlt.
303 4579 338 4592 -
357 4552 379 4604 1.
398 4556 537 4606 Carnarius:
557 4555 618 4606 Corn
635 4564 719 4606 autem
735 4553 761 4605 in
778 4553 817 4606 his
833 4565 983 4606 attereretur
999 4555 1044 4619 (ac.
1059 4551 1187 4618 tumtur).
