3100 4984
293 319 354 380 414
720 325 841 378 ειαοτι
859 327 1027 379 εειειικιιιι

294 445 438 528 τοσαύτης
451 447 606 530 ληρωδίας,
629 441 681 508 α’π’
695 441 787 526 αὐτῆς
802 444 834 510 δέ
847 451 900 528 τῆς
913 442 1088 542 ύποθέσεαρς
1100 452 1159 511 τῶν
1173 445 1241 532 παρ’
1255 444 1356 524 αύτοΐς
1370 455 1445 532 λεγο-

295 550 391 632 μένων
408 545 461 630 τὴν
480 544 650 632 ῶνατροπην
665 551 778 613 εἰσεται.
821 543 1002 634 Ἐλέγχονται
1018 548 1073 635 γῶρ
1092 541 1177 616 ούτοι
1194 550 1362 616 παντάπασι
1378 545 1447 616 καθ’

295 653 407 717 ἑαυτῶν
428 648 612 734 ὅπλιζόμενοι
633 649 669 716 τῶ
690 651 790 736 ψεύδη
813 659 867 736 τῆς
885 650 984 717 αὐτῶν
1002 657 1222 736 ματαιοπονίας.
1270 651 1376 718 Πόθεν
1392 650 1444 738 γδρ

294 751 380 835 ύμῖν,
409 745 434 819 ῶ
451 747 534 820 οὗτοι
555 759 736 836 Πτολεμαῖοί
751 781 780 820 τε
797 758 849 821 καλ
868 761 1064 837 Πτολεμαῖαι,
1093 763 1148 820 τοῦ
1167 763 1275 822 Βυθοῠ
1293 755 1328 821 ιδ
1344 758 1443 840 μέτρα,

294 858 345 921 καὶ
362 859 395 921 αἰ
407 857 547 937 μαιῶσεις
560 863 619 922 τῶν
630 865 755 924 τοκετῶν
770 860 820 923 καί
838 866 1014 945 γεννητικῶν
1029 855 1206 924 ὑποθέσεων
1221 856 1376 944 ηγνῶσιςς
1396 855 1444 933 Ὡς

294 959 349 1046 γύρ
364 959 508 1044 παρόντες
522 962 571 1025 καλ
585 967 644 1026 τῶν
658 963 844 1048 ἐπουρανίων
856 959 908 1038 τοὶς
921 960 1027 1042 φύσεις
1041 960 1230 1043 θεασόμενοι,
1244 959 1348 1038 καλῶς
1364 957 1445 1026 αύτοὶ

293 1061 434 1149 προόντες
449 1070 503 1128 τοῦ
519 1059 587 1147 παρ’
606 1061 713 1146 8ύμῶν
729 1071 836 1130 Βυθοῦ
851 1066 1051 1147 καλουμένου,
1074 1065 1283 1149 ἐπαγγέλλεσθε
1302 1063 1353 1146 την
1371 1065 1444 1145 εἰδη-

294 1187 341 1232 σιν
357 1163 428 1248 ημῖν
446 1163 671 1246 ύποδεικνύναι,
701 1165 823 1243 ούδενδς
839 1165 961 1232 πῶποτε
976 1173 1036 1232 τῶν
1051 1173 1214 1251 προφητῶν
1228 1174 1315 1234 τοῦτο
1332 1164 1443 1252 εἰρηκό-

292 1295 353 1348 τος,
375 1266 431 1336 ούκ
447 1266 540 1336 αύτοῦ
556 1271 724 1348 Μωύσέως,
747 1269 783 1336 ού
801 1277 860 1336 τῶν
875 1268 933 1354 πρδ
952 1267 1056 1348 αύτοῦ,
1079 1268 1116 1336 ού
1132 1277 1191 1336 τῶν
1205 1267 1263 1353 μετ’
1279 1267 1388 1350 αύτδν,
1409 1265 1444 1333 ον’

293 1379 353 1437 τῶν
366 1369 583 1458 εύαγγελιστῶν,
606 1370 644 1438 ού
657 1378 715 1438 τῶν
731 1370 911 1438 υἷποστόλων.
955 1375 999 1436 Εἰ
1009 1370 1049 1455 μη
1064 1370 1122 1455 ῶρα
1134 1371 1171 1436 τοί
1186 1371 1346 1456 ἐθνόμυθα
1360 1368 1442 1452 ποιή-

295 1501 373 1556 ματα
389 1477 484 1550 είποις
496 1482 557 1540 τῶν
571 1475 638 1560 περί
650 1473 761 1560 Ὀρφέα
775 1499 803 1540 τε
817 1477 868 1540 καί
880 1472 1017 1541 Ἡσίοδον
1033 1477 1082 1540 καλ
1100 1481 1296 1562 Στησίχορον,
1319 1472 1387 1560 παρ’
1402 1469 1444 1548 οἶς

293 1583 327 1644 αί
340 1586 400 1644 τῶν
417 1576 588 1664 όνθρῶπων
603 1579 699 1663 γενεαὶ
714 1578 955 1662 μετεποιήθησαν
973 1581 1014 1655 εἰς
1030 1583 1112 1643 θεῶν
1128 1581 1314 1662 ἐπωνυμίας,
1345 1578 1397 1642 καλ
1410 1573 1442 1640 τό

294 1685 325 1748 ἐν
346 1679 520 1767 όνθρῶιιοις
536 1681 718 1764 τετελεσμένα
735 1688 894 1764 ποιητικῶς
914 1680 1189 1767 ἐδραματουργήθη.
1235 1679 1375 1746 Κῶκεῖνοι
1391 1677 1442 1766 γδρ

295 1783 390 1860 οὕτως
406 1783 558 1866 ἐνόμισαν,
588 1783 794 1865 ἐκθειάσαντες
810 1781 880 1860 τούς
897 1785 965 1870 περλ
983 1789 1041 1849 Δία
1057 1785 1107 1849 καλ
1123 1780 1204 1850 Ῥέαν
1222 1781 1380 1869 καὶἭραν
1395 1783 1442 1848 καλ

294 1885 427 1970 Ἀθηνῶν
442 1889 491 1952 καί
505 1885 672 1952 Ἀπόλλωνα
685 1889 735 1952 καί
748 1884 936 1974 Ἀφροδίτην,
959 1889 1008 1952 καλ
1022 1885 1075 1962 τῶς
1090 1885 1203 1952 τούτων
1216 1891 1322 1964 κακίας
1335 1884 1443 1972 4γοιιιίς

292 1989 479 2073 τιμήσαντες,
511 1993 554 2065 εἰς
573 1994 738 2069 φαντασίαν
758 1995 923 2068 πολυθεΐας
943 1991 994 2055 καί
1010 1991 1244 2076 εἰδωλολατρείας
1264 1989 1317 2055 τόν
1333 1987 1442 2071 κόσμον

293 2095 440 2176 ἐνέβαλον.
484 2089 568 2156 'And
586 2089 685 2158 ούκέτι
702 2119 752 2175 μοι
771 2091 862 2176 πολλή
877 2119 921 2170 τις
935 2096 1015 2178 χρεία
1030 2091 1178 2177 γενήσεται
1195 2097 1236 2168 εἰς
1251 2091 1307 2175 τήν
1319 2111 1391 2169 σου,
1420 2083 1444 2154 ού

296 2203 473 2278 Πτολεμαῖε,
496 2193 668 2280 α’νατροπήν
680 2221 710 2260 τε
723 2197 773 2260 καί
787 2197 916 2281 ἐλεγχον,
937 2197 989 2261 καὶ
1003 2201 1062 2260 τῶν
1076 2193 1151 2260 κατῶ
1166 2217 1214 2274 σε,
1236 2193 1294 2278 ἤδη
1310 2202 1370 2260 τῶν
1384 2199 1442 2258 σῶν

293 2297 489 2386 προπατόρων
510 2297 561 2363 τόν
586 2299 701 2383 ἔλεγχον
722 2300 831 2374 δκανῶς
852 2296 1024 2380 εἰληφότων.
1068 2297 1128 2364 Διό
1148 2305 1207 2363 τῶν
1226 2299 1441 2383 προειρημένων

169 2431 221 2478 1¹¹!-
232 2417 278 2460 ffl·
293 2401 347 2485 τήν
365 2400 441 2468 κατό
456 2423 511 2466 σου
527 2399 668 2483 αἰσχύνην
684 2399 901 2483 συστησάμενος
918 2402 1034 2482 διέξειμι
1051 2398 1104 2483 τήν
1120 2407 1179 2466 τῶν
1197 2401 1303 2484 ἐτέρων
1320 2396 1440 2480 πλόνην,

291 2503 365 2570 θεόν
383 2501 613 2588 ἐπικαλούμενος
629 2505 790 2588 ἐπίκουρον
806 2510 859 2586 τῆς
876 2500 960 2586 ἡμῶν
977 2501 1177 2588 μετριότητος,
1203 2501 1285 2579 ὅπως
1302 2501 1357 2586 τὴν
1373 2497 1440 2584 παρ’

292 2605 403 2695 ἕκόστφ
424 2608 504 2672 έθνει
525 2612 625 2681 κακῶς
646 2607 876 2689 έπινενοημένην
896 2603 1043 2672 ύιτόθεσιν
1062 2604 1195 2690 φωρύσω
1214 2629 1245 2669 τε
1263 2607 1314 2670 καί
1333 2615 1439 2690 θριαμ-

291 2707 403 2792 βεύσω,
437 2710 485 2774 ἐπὶ
512 2715 548 2798 τῇ
571 2709 725 2796 ἐπαγγελίᾳ
754 2714 807 2792 τῆς
826 2709 960 2792 σπουδῆς
982 2705 1062 2794 παρῶ
1089 2714 1166 2773 θεοῦ
1187 2706 1361 2789 αἰτούμενος
1388 2704 1440 2788 τὴν

290 2836 381 2897 χαριν.

153 3130 219 3196 Κεφ.
238 3121 271 3180 θ’.
363 3117 432 3184 Ἵνα
450 3118 483 3182 δέ
502 3116 542 3200 μη
559 3113 741 3200 ύβασόνιστα
757 3109 778 3208 ᾖ
795 3115 831 3182 τῶ
847 3121 913 3204 τρία
929 3140 984 3184 σου
1000 3121 1138 3196 λεξείδια,
1169 3114 1244 3200 δίδη
1262 3117 1339 3202 πρός
1358 3115 1440 3182 Φλῶ-

289 3247 344 3308 ραν
363 3219 397 3287 τό
419 3220 543 3307 γύναιον
564 3221 737 3286 ἐπιστέλλων
754 3219 929 3303 ἐκομπόσω,
960 3213 1180 3302 ῶΠτολεμαῖε,
1202 3257 1244 3270 -
1273 3215 1321 3285 όελ
1337 3219 1392 3307 γύρ
1410 3221 1441 3283 αἰ

248 3312 255 3322 ’
288 3323 430 3407 α’φιῶδεις
440 3327 622 3390 διδασκαλίαι
635 3322 811 3410 γυναικάρια
823 3324 1023 3406 σεσωρευμένα
1036 3320 1191 3408 δμαρτίαις
1204 3313 1350 3402 όπατῶσι,
1365 3317 1437 3388 κιττῶ

287 3426 340 3493 τόν
360 3435 413 3494 τοῦ
432 3423 598 3494 όποστόλον
617 3424 720 3512 λόγον,
743 3463 784 3477 ·-
815 3427 866 3490 καλ
886 3423 978 3502 αύτύς
996 3423 1034 3508 δὴ
1052 3424 1105 3501 τός
1121 3427 1210 3502 λέξεις
1230 3429 1376 3510 ικαιρίως
1394 3426 1436 3490 ἐν·

287 3537 387 3595 ταῦθα
401 3529 629 3616 παραθήσομαι,
651 3530 700 3594 καλ
716 3526 771 3611 τὴν
787 3527 885 3593 αὐτῶν
901 3525 1084 3614 ύνατροπήν,
1107 3525 1270 3613 ῶναγκαίαν
1287 3519 1381 3593 οὖσαν
1397 3527 1438 3601 εἰς

288 3631 321 3698 τδ
338 3630 379 3715 μὴ
394 3641 628 3716 καταλειφθῆναι
645 3634 726 3716 ῥίζαν
740 3637 792 3713 τῆς
808 3629 996 3709 ζιζανιῶδους
1009 3651 1064 3696 σου
1083 3637 1211 3716 σπορᾶς,
1233 3631 1299 3712 ἑξῆς
1316 3627 1437 3696 οἰτολού-

288 3743 354 3809 θως
369 3733 538 3819 ποιήσομαι.
585 3733 714 3808 Φόσκεις
728 3731 801 3818 γύρ,
824 3725 849 3798 ῶ
865 3725 967 3813 οὗτος,
989 3731 1041 3798 τόν
1057 3731 1150 3816 νόμον
1164 3739 1246 3818 τριχῆ
1263 3736 1436 3822 διῃρῆσθαι,

288 3837 339 3904 καλ
359 3834 393 3900 τδ
415 3837 467 3918 μέν
488 3840 562 3921 ἐχειν
584 3863 611 3902 τι
632 3839 664 3902 ἐκ
685 3840 740 3901 τοῦ
756 3841 831 3900 θεοῦ
838 3885 847 3915 ,
875 3834 908 3901 τύ
927 3835 960 3902 δέ
977 3838 1009 3900 ἐκ
1026 3836 1199 3915 Μωϋσίως,
1229 3833 1262 3902 τδ
1280 3836 1312 3900 δέ
1330 3837 1437 3902 ἐκτῶν

289 3939 502 4026 πρεσβυτέρων.
548 3941 607 4004 Καὶ
624 3937 669 4006 ὅτι
687 3939 739 4021 μέν
755 3940 788 4006 ίκ
799 3944 859 4002 τῶν
873 3939 1079 4024 πρεσβυτέρων
1097 3941 1151 4004 ολει
1167 3939 1369 4024 γεγραμμένον
1383 3935 1438 4004 ούιι

287 4045 359 4125 ἔχεις
371 4046 431 4105 ποῦ
446 4036 613 4118 α’ποδεῖξαι,
635 4039 722 4107 τοῦτό
738 4043 798 4108 ἐστι
810 4043 907 4122 δῆλον.
954 4037 1097 4123 Ου’δαμοῦ
1111 4039 1165 4126 γδρ
1180 4043 1212 4106 ἐν
1225 4039 1309 4130 νόμω
1327 4041 1437 4123 Εἐμφέ·

287 4165 388 4228 ρονται
401 4145 434 4207 αί
444 4149 504 4206 τῶν
518 4145 722 4228 πρεσβυτέρων
736 4141 922 4227 παραδόσεις.
956 4139 1040 4208 Ἀλλοί
1054 4141 1171 4229 ύγνοῶν
1184 4145 1236 4209 καλ
1250 4141 1302 4218 τῶς
1316 4146 1436 4227 βίβλους

286 4247 335 4311 καλ
355 4244 408 4330 τὴν
426 4241 570 4328 ἇλήθειαν
588 4243 719 4335 φαντόζγγ
740 4251 937 4327 συκοφαντῶν
943 4296 952 4326 ,
981 4249 1032 4311 καλ
1050 4243 1104 4322 τῶς
1122 4243 1304 4322 ιίκολουθίας
1321 4243 1436 4332 α’γνοῶν

288 4345 410 4431 ἐκοίστης
423 4345 566 4434 οίκριβοῦς
580 4343 725 4429 εἰδησεως.
757 4351 801 4414 Αἱ
811 4347 867 4436 γῶρ
881 4347 1060 4434 παραδόσεις
1071 4355 1130 4414 τῶν
1142 4333 1351 4436 πρεσβυτέρων
1364 4357 1436 4415 Δεν-

318 4503 343 4558 δ.
361 4501 419 4571 ύμῖν
435 4508 485 4556 eod.
501 4507 574 4556 νοτία.
910 4506 968 4556 cn.
979 4507 1026 4557 lx.
1035 4534 1067 4546 -
1082 4504 1104 4559 1.
1115 4504 1221 4573 καιρίως
1233 4507 1284 4558 οοδ.
1295 4509 1370 4560 vatic.
1395 4525 1436 4560 αν-

318 4569 343 4624 4.
362 4569 438 4639 μονὰς
455 4575 522 4625 τοδιλ
536 4573 632 4638 Rhodia.
650 4577 671 4626 ελ
685 4576 765 4627 Parin.
877 4573 937 4641 ρίιις
953 4577 1006 4626 λιστα·
1021 4577 1086 4626 ιδιλλ.
