3096 4988
314 279 375 342 292
736 283 857 338 εεαοτι
876 286 1046 338 εειειεεαιι

315 408 468 494 άνατέρα,
494 405 542 472 ὅτε
560 401 752 487 νηπιάζοντος
769 399 918 486 άνῆλθον,
941 405 1047 486 φησίν,
1070 405 1101 470 οί
1115 405 1183 491 περί
1197 401 1312 488 Ἰασάφ
1328 406 1381 472 καί
1399 390 1468 472 Μα-

314 511 386 596 ριάμ
403 513 444 587 είς
458 505 652 596 Ἰερουσαλὴμ
666 513 868 592 προςκννῆσαι
881 509 913 574 έν
927 514 964 597 τῇ
978 509 1077 597 έορτῇ,
1098 509 1150 574 καλ
1167 504 1369 592 άνέκαμτιτον,
1391 511 1465 592 έμει·

314 641 364 682 νεν
378 611 513 697 Ἰησοῦς,
534 613 585 678 καλ
601 606 722 692 ἐζήτουν
736 607 828 676 αάτόν
844 612 877 678 έν
892 618 928 701 τῇ
944 609 1102 698 ὁδοιπορίᾳ
1108 661 1118 690 ,
1139 613 1191 676 καί
1209 613 1241 678 έν
1255 620 1319 689 τοῖς
1333 613 1464 698 συγχενέ·

315 739 364 784 σιν
379 715 492 796 αάταῑν,
513 716 565 782 καί
582 710 635 796 οὐχ
650 711 803 799 ηὕρισκον.
847 709 919 796 Είχε
934 711 990 800 γάρ
1006 710 1028 795 ἦ
1043 717 1151 798 Μαρία
1166 715 1342 800 συγγένειαν.
1386 713 1466 780 Ἀνα-

314 819 461 903 κάμψασα
480 819 512 884 δὲ
527 818 579 884 καί
595 813 724 900 εάροῦσα
742 813 833 882 αάτάν
849 817 909 898 ἔφη
927 813 1015 905 αάτιβ,
1043 821 1077 882 Τί
1093 813 1165 900 ἡμῖν
1181 815 1331 900 ἐποίησας,
1349 818 1466 894 τέκνονς

314 920 397 988 Ἰδοό
418 920 475 1008 ίγοί
496 921 547 986 καλ
570 917 588 986 ό
609 918 705 1006 πατήρ
724 940 779 985 σου
798 916 982 1002 ὀδυνώμενοι
1000 921 1155 1003 έζητοῦμέν
1170 941 1210 986 σε.
1252 917 1303 986 Ἐν
1316 918 1399 999 τάξει
1413 917 1467 1006 γάρ

316 1023 429 1110 πατρός
443 1021 461 1090 ά
476 1020 591 1106 Ἰασηφ
609 1020 687 1110 αὐτῷ
705 1018 849 1109 άπῆρχεν,
879 1020 915 1088 οά
934 1021 991 1108 γάρ
1012 1015 1051 1106 ἦν
1072 1021 1152 1112 αὐτῷ
1164 1021 1260 1109 πατὴρ
1277 1021 1353 1090 κατά
1370 1021 1466 1104 φάσιν.

316 1125 395 1192 Είτα
410 1124 428 1194 ά
443 1126 547 1213 κάριος
562 1122 640 1212 πρός
654 1121 761 1208 αάτήν,
789 1129 823 1190 Τί
838 1123 884 1190 ότι
901 1125 1023 1208 ίζητεῖτέ
1038 1151 1087 1208 μοχ
1110 1123 1165 1192 οόκ
1181 1123 1278 1214 ᾔδειτε
1297 1125 1344 1192 ότι
1360 1128 1394 1192 έν
1408 1133 1469 1201 τοῖς

188 1287 193 1297 .
316 1238 370 1297 τοῦ
391 1227 505 1315 πατρός
526 1253 585 1311 μου
607 1232 656 1293 δεῖ
675 1224 750 1294 εἶναί
771 1253 820 1311 με;
849 1232 1000 1310 σημαίνων
1019 1229 1065 1294 δἐι
1084 1226 1102 1294 ά
1120 1226 1193 1305 ναός
1209 1231 1251 1305 είς
1268 1227 1364 1312 ὄνομα
1380 1234 1467 1306 θεοῦ,

315 1335 447 1400 τουτέστι
461 1339 514 1398 τοῦ
533 1327 626 1396 αότοῦ
644 1329 773 1418 πατρός,
795 1327 987 1419 ρι’κοδομήθη.
1032 1333 1075 1396 Εἰ
1087 1335 1188 1398 τοίνυν
1203 1329 1264 1398 dm*
1281 1335 1392 1414 νηπίου
1408 1327 1469 1398 οίδε

315 1434 368 1503 τόν
389 1437 464 1502 ναόν
479 1436 532 1500 καλ
547 1431 600 1499 τόν
616 1435 744 1519 ποντίου,
771 1430 827 1499 οόιι
846 1431 904 1518 άρα
922 1431 1012 1515 ψιλός
1029 1431 1192 1518 ἄνθρωπος
1209 1430 1397 1520 όχενεηθιλς
1409 1431 1468 1517 Ἰη·

316 1545 398 1618 σοιἰς,
421 1535 491 1604 οόδέ
507 1534 578 1619 μετά
592 1534 625 1601 τά
643 1534 818 1622 τριακοστόν
833 1539 909 1616 έτος,
931 1533 1003 1618 μετά
1017 1534 1050 1602 τό
1066 1539 1164 1603 έλθεῖν
1180 1539 1223 1613 είς
1238 1533 1328 1604 αάτάν
1341 1535 1375 1603 τό
1390 1533 1469 1612 είδος

317 1648 371 1724 τῆς
393 1645 578 1726 περιστερᾶς,
609 1637 676 1715 υἱός
693 1641 744 1704 καὶ
766 1634 895 1725 Χριστός
911 1640 1057 1719 ἐκαλεῖτο,
1085 1637 1157 1706 άλλά
1175 1637 1270 1716 εόθός
1286 1642 1319 1706 ίν
1336 1648 1399 1716 τοῖς
1414 1644 1469 1706 τοῦ

317 1741 430 1830 πατρός
446 1740 537 1808 αὐτοῦ
553 1745 615 1806 δεῖν
629 1739 720 1806 αότδν
732 1737 808 1808 εἶναι
821 1744 980 1808 έδίδασκεν.
1029 1740 1115 1808 ιὍτι
1127 1742 1159 1808 δὲ
1174 1738 1192 1808 ό
1204 1739 1319 1826 Ἰωσὴφ
1332 1738 1400 1825 οόχλ
1413 1767 1468 1808 ιτα-

317 1844 372 1932 τάχρ
392 1843 484 1912 αάτοῦ
500 1836 554 1928 ἦν,
584 1841 656 1908 άλλά
674 1845 707 1910 έν
722 1843 801 1922 τάξει
816 1843 943 1933 πατρός,
973 1843 1062 1912 άκουε
1082 1850 1136 1912 τοῦ
1155 1841 1247 1912 αόεοῦ
1266 1843 1470 1931 εὐαγγελιστοῦ

318 1951 467 2035 λέγοντος,
488 1954 542 2013 τοῦ
559 1945 731 2034 γράψαντος
747 1945 807 2015 άπά
822 1946 984 2034 προςεόπου
1002 1951 1127 2033 Μαρίας
1140 1946 1200 2028 ὅτι,
1220 1944 1295 2034 Ἐγά
1311 1950 1363 2014 καί
1381 1943 1400 2014 ά
1414 1973 1468 2012 ιτα-

318 2049 372 2138 τήρ
390 2073 445 2118 σου
463 2049 644 2134 ὀδυνώμενοι
662 2051 818 2134 έζητοῦμέν
836 2071 874 2117 σε.
921 2050 1019 2116 Πάλιν
1038 2055 1102 2126 πῶς
1117 2048 1225 2138 γράφει
1241 2051 1350 2136 λέγων,
1366 2041 1423 2116 Ἦν
1437 2051 1469 2116 δέ

318 2153 438 2238 Ἰησοῦς
459 2152 619 2240 άρχόμινος
640 2149 713 2218 είναι
735 2150 776 2229 άς
794 2156 867 2219 ἐτοῖν
882 2152 1054 2240 τριάκοντα,
1085 2150 1128 2220 άν
1144 2149 1225 2234 υίός,
1255 2150 1297 2229 ός
1313 2155 1467 2236 ίνομίζετο,

318 2255 441 2342 Ἰωσήφ.
482 2254 532 2322 Ἐν
547 2256 579 2322 δέ
592 2262 633 2346 τῷ
648 2258 749 2336 εἰπεῖν,
768 2252 821 2332 Ὡς
834 2258 991 2340 ίνομίῑετο,
1012 2259 1119 2335 ἔδειξεν
1130 2253 1222 2324 αάτάν
1236 2253 1278 2339 μὴ
1290 2251 1365 2324 εἶναι
1377 2251 1469 2323 αάτοῦ

318 2360 401 2442 υἱόν,
423 2356 493 2428 άλλό
514 2363 693 2442 νομίζεσθαι.

185 2571 252 2638 Κεφ.
271 2564 300 2621 λ’.
399 2563 561 2648 Ἐπιλείψει
582 2567 615 2630 δέ
636 2591 687 2649 μοι
708 2562 726 2630 ά
746 2563 851 2652 χρόνος
872 2565 1056 2654 διηγουμένῳ
1073 2566 1116 2642 είς
1131 2563 1314 2651 παράστασιν
1330 2570 1386 2647 τῆς
1402 2561 1469 2646 άλη-

318 2672 419 2748 θείας,
449 2671 501 2734 καλ
522 2669 565 2744 εἰς
586 2669 700 2754 έλεγχον
719 2675 771 2750 τῆς
793 2665 1053 2754 ματαιοφροσάνης
1071 2665 1212 2751 Ἐβίωνος
1231 2669 1283 2734 καί
1304 2673 1358 2734 τοῦ
1378 2665 1469 2732 αάεοῦ

317 2773 599 2857 παραπεποιημένου
626 2769 869 2857 ιματαιιίφρονος
886 2774 1100 2838 διδασκαλείου.
1146 2768 1274 2838 θΠόθεν
1290 2767 1347 2857 γάρ
1367 2767 1406 2836 οό
1420 2791 1469 2834 σα·

319 2875 374 2954 φές
395 2872 433 2940 άυ
454 2878 499 2957 εἴη
521 2871 567 2938 ότι
590 2870 627 2938 οδ
641 2871 738 2960 πατὴρ
757 2865 792 2956 ἦν
808 2871 939 2957 Ἰωσὴφ,
968 2870 1027 2938 ἄλλ’
1043 2875 1076 2940 έν
1090 2871 1167 2952 τάξει
1181 2871 1294 2959 καιρός
1308 2875 1469 2955 ίνομίξετος

317 2973 395 3042 Ἰδοό
411 2974 485 3063 γάρ,
514 2975 622 3058 φησίν,
651 2972 842 3062 ἡπαρθένος
856 2979 888 3041 έν
902 2978 1005 3062 γαστρί
1020 2978 1093 3056 έξει,
1121 2977 1171 3042 καλ
1187 2978 1296 3054 τέξεται
1309 2973 1390 3054 υἱόν,
1419 2977 1472 3040 καί

198 3075 492 3158 p.2.1w.m}mtmv‚
518 3076 596 3144 Ἰδοά
613 3074 731 3164 ἡγυνή.
776 3081 837 3144 Καλ
851 3077 940 3144 πάλιν
955 3081 986 3146 έν
1000 3079 1090 3166 έτέρηι
1104 3076 1185 3168 τόπμ
1201 3079 1291 3165 λέγει,
1322 3079 1381 3144 Καὶ
1396 3079 1471 3155 τίξε·

317 3209 366 3250 ται
381 3180 403 3266 ἡ
416 3180 555 3265 δάμαλις,
576 3183 628 3246 καί
644 3184 762 3267 ἐροῦσιν
768 3233 778 3262 ,
803 3178 849 3246 Οά
865 3183 988 3248 τέτοκεν.
1029 3179 1150 3264 Ἐπειδὴ
1165 3180 1221 3268 γάρ
1238 3205 1315 3258 τινες
1327 3187 1388 3248 τῶν
1402 3187 1474 3246 Μαι·

317 3289 438 3369 νιχαίαν
460 3287 511 3351 καί
533 3291 771 3372 Μαρτιανιστοῖν
791 3287 925 3370 λέγουσιν
945 3283 1036 3351 αότόν
1058 3282 1100 3368 μή
1122 3286 1269 3368 τετέχθαι,
1298 3283 1349 3350 διά
1373 3290 1472 3364 τοῦτο,

324 3389 449 3468 Τέξεται,
465 3389 517 3453 καί
532 3390 660 3475 ἐροῦσιν,
678 3385 724 3452 Οό
736 3388 866 3453 τέτοκεν·
888 3385 991 3470 ἐπειδὴ
1005 3383 1043 3452 οά
1057 3388 1175 3453 τέτοκεν
1186 3384 1208 3469 ἦ
1221 3390 1329 3473 Μαρία
1342 3389 1376 3452 έπ
1385 3387 1474 3472 σπέρ-

319 3517 412 3573 ματος
427 3488 544 3576 άνδράς.
590 3493 651 3556 Καὶ
667 3483 751 3556 οὗτοι
767 3491 905 3572 μανέντες
920 3493 1038 3575 λέγουσι
1051 3493 1173 3571 ψευδεῖς
1191 3493 1225 3558 έν
1239 3491 1408 3574 σπέρματος
1423 3487 1474 3556 άκ·

319 3591 390 3676 δρός
404 3591 497 3676 αότην
510 3593 717 3679 γεγεννηκέναι
747 3594 926 3677 Γεχίννητεν
939 3585 1028 3676 οάνῆ
1046 3591 1193 3675 3δάμαλις
1204 3594 1236 3658 έν
1246 3589 1385 3681 άληθείρ,
1399 3590 1475 3658 θεάν

318 3693 482 3780 άνθροιπον
496 3698 529 3761 έν
544 3693 676 3784 άληθείρ.
722 3696 784 3759 Καὶ
798 3693 842 3760 ότι
857 3696 911 3777 μέν
925 3694 1050 3779 δάμαλις
1064 3692 1085 3778 ἦ
1097 3695 1250 3781 παρθένος
1261 3703 1400 3775 καλεῖται,
1422 3696 1475 3762 καλ

318 3794 353 3862 τά
365 3795 474 3880 ταότης
486 3801 630 3880 λείψανον
640 3796 827 3882 καθαρισμάς
838 3790 878 3881 ἦν
889 3804 949 3864 τῶν
960 3800 1193 3881 κεκονιαμένην,
1208 3795 1300 3864 άκουε
1309 3805 1366 3864 τοῦ
1377 3796 1475 3881 νόμου

318 3899 467 3983 λέγοντος,
489 3899 575 3983 Λάβε
588 3928 640 3983 μοι
652 3899 777 3984 δάμαλιν
792 3899 922 3987 πυρράν·
944 3905 995 3966 ίνο
1010 3905 1089 3992 δείξη
1103 3899 1137 3967 τό
1153 3901 1288 3968 ἐκλεκτόν
1302 3907 1409 3977 σκεῦος
1422 3907 1478 3984 τῆς
1534 3959 1535 3993 χ

318 4003 457 4085 Μαρίας,
488 4000 538 4068 διά
558 4001 590 4070 τό
611 4004 767 4090 πυροειδὲς
787 4009 840 4086 τῆς
855 4009 910 4070 τοῦ
927 4011 1061 4091 σωτῆρος
1075 4002 1220 4088 θεότητος
1235 4004 1374 4090 χορηθὲν
1390 4005 1423 4069 έν
1439 4007 1478 4093 τῇ

317 4103 469 4192 παρθένῳ.
515 4109 583 4190 Πῦρ
600 4104 656 4191 γάρ
676 4102 800 4186 όθεός,
823 4108 915 4189 φησί,
936 4111 1155 4174 καταναλίσκον.
1201 4111 1262 4173 Καί
1276 4129 1369 4190 φησιν
1384 4104 1406 4173 ά
1424 4105 1475 4173 νά-

318 4232 374 4290 μσς
380 4257 389 4286 ,
412 4203 548 4289 Δάμαλιν
559 4205 692 4294 πυρράν,
715 4205 761 4288 ἐφ’
779 4200 798 4298 ᾖ
814 4207 901 4295 ζυγός
916 4207 975 4276 οόκ
988 4207 1172 4295 άναβέβηιιεν
1185 4211 1238 4276 iul
1252 4207 1306 4278 τόν
1319 4207 1477 4298 τράχηλον,
1533 4243 1534 4299 χ

320 4397 525 4517 γοβεεᾶΧίΧ.
540 4425 575 4438 -·-
592 4401 615 4451 1.
631 4396 676 4452 καλ
692 4392 733 4454 ’ότι
748 4402 877 4454 λοοτίοσιλ.
915 4401 1122 4522 ΜοιχβίΧΧ.
1145 4427 1177 4442 -
1213 4403 1236 4455 1.
1254 4399 1479 4470 ματαιοφροσιλκητ
1532 4471 1533 4482 χ

365 4483 394 4517 ιι.
961 4507 967 4522 .
1003 4487 1058 4522 αιο.
1532 4485 1533 4500 ί

948 4539 973 4592 ν.
990 4529 1221 4606 Πειγερισκει
1235 4535 1317 4608 σαφές
1332 4540 1478 4592 mrum.
