3106 4990
298 231 361 297 518
723 241 847 296 saum
862 243 1032 298 m’n’nml

168 363 235 432 Κεφ·
254 359 282 424 τ’·
389 357 452 425 Ούν
467 357 525 444 ίίρα
541 363 656 439 τοίνυν,
678 355 721 436 τίς
736 351 821 426 οῦτοί
835 381 924 442 φασι,
946 358 996 426 διαί
1010 367 1119 446 γνῦσιν
1133 359 1151 430 ό
1167 359 1287 439 Ἰούδας
1299 364 1464 448 παρίδωαε

300 461 352 528 τόν
372 469 505 547 σωτῆρα,
535 460 606 528 οῦδὲ
623 460 768 528 Ἰουδαῖοι
787 460 898 545 μισθόν
917 465 1015 546 ἔχουσι
1033 463 1253 548 σταυρύσαντες
1269 461 1321 530 τόν
1337 463 1462 550 πύρνον,

300 569 351 632 καί
365 569 457 649 τοίγε
473 564 523 630 διαί
538 573 669 651 σταυροῦ
685 563 811 648 ἐχόντων
827 562 912 648 ἡμῶν
929 564 984 649 τὴν
1000 572 1154 652 σωτηρίαν.
1201 565 1277 632 Ούτε
1293 565 1348 652 γὰρ
1367 569 1463 652 παρί-

301 673 395 735 δωκεν
418 665 508 733 αύτδν
533 665 553 733 ό
572 666 692 744 Ἰούδας
715 671 764 734 ἵνα
786 670 904 753 γίνηται
927 665 999 751 ἡμῖν
1023 672 1065 744 είς
1090 673 1250 756 σωτηρίαν,
1281 667 1351 734 ύλλιί
1382 668 1463 736 md

301 769 437 858 ίίγνοιαν,
469 778 555 853 ζῆλον
577 773 629 837 καί
650 775 846 856 φιλαργυρίαν
869 768 1068 856 όρνησιθεΐας.
1119 770 1186 838 Κύν
1209 797 1240 838 τε
1262 769 1319 857 γδρ
1340 775 1417 861 εἴπῃ
1442 769 1464 853 ἡ

300 870 402 960 γραφὴ
423 870 475 938 τόν
499 872 629 956 Χριστόν
650 875 788 957 μέλλοντα
810 881 928 962 σταυρῷ
948 877 1187 959 παραδίδοσθαι,
1215 873 1237 957 ἢ
1259 871 1315 938 κᾶν
1334 877 1421 940 εἴποι
1442 871 1463 956 τί

301 980 371 1041 θεία
391 973 495 1060 γραφὴ
518 976 554 1041 τοί
576 973 621 1043 ἐπ’
646 974 795 1060 Ιέσχύτων
816 973 937 1062 ἡμεροῦν
957 974 995 1042 δι’
1015 973 1101 1060 ἡμῶν
1119 974 1324 1060 ἐπιτελούμενα
1342 973 1463 1059 ύτοιτὴ-

302 1105 394 1162 ματα,
427 1075 463 1143 ού
483 1077 602 1156 ποίντως
622 1077 704 1164 εῦρσι
725 1077 763 1144 ῦν
784 1104 828 1155 τις
847 1075 933 1162 ἡμῶν
952 1086 1012 1146 τῶν
1033 1077 1069 1144 ταί
1090 1078 1247 1165 παρύνομα
1268 1076 1464 1164 πραττόντων

301 1179 464 1266 αἰτιολογίαν
477 1179 529 1263 τήν
544 1189 597 1264 τῆς
611 1189 728 1267 γραφῆς
743 1187 907 1267 μαρτυρίαν
921 1183 1096 1267 προφέρων,
1119 1179 1374 1268 προθεσπιζυύσης
1391 1189 1464 1246 ταῦ

302 1311 338 1350 τα
354 1286 481 1350 ἔσεσθαι.
529 1282 575 1349 Ού
592 1282 649 1370 γοίρ
665 1283 711 1350 ὅτι
728 1281 809 1350 είπεν
823 1281 845 1367 ἡ
859 1283 961 1370 γραφὴ
978 1291 1137 1367 ποιοῦμεν,
1166 1281 1226 1350 ἀλλ’
1241 1283 1287 1350 δτι
1302 1285 1464 1366 ἐμέλλομεν

302 1395 413 1465 ποιεῖν,
435 1395 574 1470 προεῖπεν
589 1385 611 1470 ἦ
624 1385 741 1472 γραφὴ,
763 1386 814 1452 διό
827 1386 881 1470 τήν
894 1395 948 1453 τοῦ
962 1394 1039 1453 θεοῦ
1053 1385 1237 1472 πρόγνωσιν,
1257 1387 1309 1452 καί
1320 1389 1371 1452 ’ίνα
1384 1386 1465 1464 θεός

303 1487 420 1575 ύγαθός
441 1486 597 1574 ύπύρχων,
628 1491 777 1575 ἐπιφέρων
799 1491 832 1556 δέ
852 1487 906 1573 τὴν
928 1487 1021 1575 ύργην
1043 1487 1118 1554 κατὰ
1139 1497 1201 1556 τοῖν
1219 1486 1464 1573 όμαρτανόντων,

305 1591 346 1676 μὴ
363 1589 528 1681 ύποληφθῇ
545 1591 638 1658 πείθει
655 1591 856 1675 συνεχόμενος.
896 1589 936 1656 Ἡ
948 1591 1004 1679 γαίρ
1021 1589 1092 1660 καθ’
1108 1593 1231 1658 ἕκαστον
1251 1597 1310 1656 τόν
1328 1587 1463 1677 ύμαρτα-

305 1694 416 1761 νύντων
437 1692 518 1778 παραί
537 1702 613 1760 θεοῦ
636 1693 709 1781 ύργίγ
732 1693 788 1760 οῦν
810 1692 870 1761 α’πδ
888 1693 1010 1771 πόθους
1027 1691 1161 1781 ύρμῦται.
1203 1691 1332 1769 ’Λπαθές
1349 1691 1412 1778 γοίρ
1430 1693 1463 1760 τό

304 1807 412 1864 θεῖον·
426 1798 559 1882 ἐπιφέρει
575 1798 607 1862 δέ
622 1796 676 1880 τὴν
690 1795 781 1882 ύργήν
796 1796 871 1864 κατοί
888 1795 1078 1882 Ξύίνθρωπον
1092 1795 1130 1864 ού
1145 1795 1239 1864 πόθει
1253 1797 1370 1880 ληφθὲν
1385 1795 1461 1883 αἶγα·

305 1898 488 1983 νακτύσεως,
520 1897 590 1966 ούδέ
610 1898 684 1990 ὀργῇ
701 1897 829 1981 ύττηθέν
850 1902 922 1966 ἐκαὶ
941 1899 1150 1986 κρατούμενον.
1194 1903 1332 1964 Δείκνυσι
1349 1895 1411 1984 γδρ
1430 1899 1464 1966 τό

306 2001 423 2078 ύπαθδς
445 2000 462 2067 ό
483 2002 557 2078 θεός
576 2000 727 2087 προειπεῖν
750 2000 846 2084 4ἦμῖν
865 2001 918 2086 τὴν
935 2004 1076 2086 ἐσομένην
1091 2001 1194 2088 κρίσινΙ
1206 2004 1258 2068 καλ
1272 2001 1324 2085 τὴν
1339 2004 1465 2068 διταίαν

309 2103 401 2191 5παρ’
416 2102 508 2172 αύτοῦ
522 2110 665 2191 τιμωρίαν
680 2107 845 2191 γινομένην,
867 2109 917 2172 ίνα
929 2104 963 2172 τδ
979 2102 1097 2182 ύπαθές
1110 2104 1226 2194 σημύνη
1241 2112 1294 2187 τῆς
1306 2102 1464 2186 θεότητος.

310 2214 442 2294 Προεῖπε
461 2213 565 2273 τοίνυν
585 2205 606 2290 τί
627 2205 727 2294 γραφὴ
743 2205 818 2272 κατοί
835 2207 1003 2293 πρόγνωσιν
1019 2209 1294 2294 προασφαλιζαμίνη
1311 2210 1363 2272 καὶ
1377 2205 1465 2272 διδύ-

307 2333 435 2391 σκουσα,
464 2315 515 2378 ’ίνα
532 2311 572 2396 μή
589 2313 759 2395 ἐμπέσωμεν
779 2313 821 2386 είς
836 2308 927 2396 ύργὴν
944 2309 1107 2393 ἀνήκεστον
1122 2318 1218 2390 θεοῦ,
1245 2307 1300 2392 τὴν
1316 2305 1352 2374 ού
1366 2307 1467 2374 πείθει

308 2412 496 2497 ὁρισθεῖσαν,
526 2413 593 2480 οῦδὲ
610 2417 830 2497 συμβαίνουσαν
848 2410 907 2480 ύπδ
923 2413 1028 2496 ἥττης,
1056 2411 1128 2478 ύλλοί
1146 2411 1315 2480 δικαιότατα
1331 2419 1393 2487 τοῖς
1412 2409 1466 2494 τὴν

186 2553 236 2598 ηις.
250 2539 294 2584 εει
308 2515 455 2604 ἁμαρτίαν
470 2519 632 2584 ἐκτελοῦσιν
648 2514 822 2601 ἀνθρώποις
835 2523 1130 2602 προετοιμασθεῖσαν,
1152 2518 1203 2581 καί
1216 2514 1257 2598 μὴ
1272 2519 1467 2598 μετανοοῦσιν

309 2623 339 2698 ἐξ
362 2618 509 2702 οίληθείας.

178 2935 246 3006 Κεφ.
266 2932 296 2998 ζ’.
400 2923 487 2991 Οῦτω
503 2925 553 2990 καί
568 2925 617 2989 ἐπὶ
630 2932 684 2990 τοῦ
699 2931 842 3010 σταυροῦ,
866 2921 920 3007 ούγ
935 2923 981 2991 ὅτι
996 2921 1109 3006 είπενῆ
1125 2927 1194 2990 θεία
1207 2921 1326 3010 γραφη,
1347 2919 1465 2988 Ἐσταύ-

311 3049 411 3116 ρωσαν
432 3031 464 3094 σί
482 3024 641 3107 Ἰουδαῖοι,
673 3030 739 3106 καί,
772 3029 950 3112 Παρίδωκεν
968 3025 1086 3102 Ἰούδας
1107 3025 1159 3092 τόν
1180 3033 1314 3111 σωτῆρα,
1344 3023 1403 3092 ἀλλ’
1421 3024 1467 3091 ’δτι

311 3135 407 3215 ἔμελλε
429 3127 628 3216 παραδιδόναι
646 3126 780 3210 Ἰούδας,
811 3131 860 3195 καί
884 3127 1031 3196 Ἰουδαῖοι
1054 3135 1217 3214 σταυροῦν,
1249 3126 1359 3194 τούτου
1381 3129 1466 3194 ἕνεκα

312 3243 453 3320 προεῖπεν
474 3230 495 3316 ἡ
518 3237 588 3298 θεία
609 3232 710 3319 γραφὴ
734 3236 766 3299 ἐν
786 3241 823 3322 τῇ
846 3239 956 3320 παλαιᾷ
979 3230 1113 3321 διαθήκη
1136 3233 1186 3298 καί
1207 3228 1226 3297 ό
1245 3228 1351 3316 κύριος
1372 3233 1403 3296 ἐν
1425 3239 1466 3318 τῷ

313 3335 477 3425 εύαγγελίιμ.
509 3335 599 3412 Ὥςτε
612 3328 667 3402 οῦν
680 3333 736 3403 ούκ
749 3338 780 3402 ἐν
793 3333 899 3420 γνοίσει
912 3343 964 3419 τῆς
977 3337 1117 3417 ἐσομένης
1131 3331 1295 3420 εύεργτσίας
1308 3341 1350 3422 τῷ
1363 3331 1464 3421 αύσμμ

313 3441 505 3525 παραδέδωκε
518 3436 570 3504 τόν
585 3437 690 3524 κύριον
705 3435 868 3518 όἸούδας,
892 3437 933 3514 ός
948 3441 1053 3504 ἐκεῖνοι
1065 3439 1213 3522 λέγουσιν,
1236 3433 1296 3500 ύλλ’
1311 3435 1398 3512 είδαίς
1411 3437 1466 3518 μὲν

314 3541 360 3608 ότι
373 3540 391 3608 ό
405 3539 497 3607 αύτοῦ
511 3540 656 3624 δεσπότης
669 3539 808 3626 ῦπῇργευ,
830 3539 948 3626 α’γνοοῖν
963 3541 994 3606 δὲ
1008 3539 1052 3606 ὅτι
1067 3543 1195 3624 σωτηρία
1208 3540 1287 3604 ἔσται
1299 3543 1341 3626 τῷ
1355 3536 1464 3627 κόσμῳ.

317 3651 391 3719 Παῖς
410 3641 465 3730 γοίρ
488 3642 524 3710 δν
545 3649 590 3727 τίη
608 3649 752 3726 σωτηρίας
768 3642 938 3730 ύνθροίπων
955 3641 1162 3726 ἐπιμελόμενος
1183 3639 1201 3706 ό
1218 3637 1287 3727 παρ’
1303 3639 1396 3706 αύτοῦ
1411 3648 1466 3706 τοῦ

316 3753 446 3837 σωτῆρος
461 3743 580 3814 ύκούων
594 3745 846 3826 Ἀπωλείαςυίόςς
869 3749 919 3812 καί
936 3745 986 3826 τδ,
1009 3747 1161 3830 Συμφίρει
1178 3740 1258 3832 αύτῷ
1275 3745 1303 3808 εί
1316 3742 1373 3810 ούτ
1388 3745 1463 3828 ἐγεν·

314 3851 412 3934 νήθη,
434 3852 483 3914 καί
499 3849 548 3928 τδ,
568 3847 696 3936 Ἑταῖρε,
717 3847 765 3931 ἐφ’
780 3849 798 3916 δ
812 3849 914 3938 πόρτις
937 3851 989 3916 καί
1002 3847 1053 3928 τό,
1077 3844 1134 3924 Ek
1149 3849 1178 3924 ἐξ
1195 3844 1279 3929 ύμῦν
1295 3844 1464 3932 παραδόσει

316 3980 368 4039 με,
389 3954 440 4018 καί
456 3951 506 4032 τό,
532 3947 566 4017 ‘0
583 3955 693 4018 ἐσθίων
711 3949 770 4035 μετ’
787 3954 861 4035 ἐμοῦ
876 3951 928 4020 τόν
945 3951 1033 4037 δίρτον
1048 3953 1138 4040 ἐπῇρε
1156 3947 1217 4016 κατ’
1234 3951 1309 4031 ἐμοῦ
1332 3954 1463 4034 1πτερυι-

317 4055 402 4142 σμδν,
425 4051 466 4131 είς
479 4057 535 4139 ἐχει
546 4053 580 4121 τό
595 4054 760 4142 εύαγγίλιον
776 4057 834 4120 θέκ
845 4054 1036 4142 προαγούσης
1050 4056 1211 4138 μαρτυρίας
1223 4059 1277 4118 τοῦ
1290 4055 1463 4137 ψαλτηρίου,

353 4215 411 4265 θεν.
426 4212 468 4265 VI.
486 4241 518 4252 -
542 4215 563 4264 1.
582 4209 695 4280 ἐσχάτων
712 4229 765 4264 cum
780 4217 876 4264 Ριλσυίο
942 4209 965 4264 4.
983 4209 1044 4280 ἡμῖν
1061 4213 1139 4261 adieci
1156 4223 1186 4260 ετ
1202 4211 1253 4260 ωδ.
1269 4209 1388 4261 mmo.

318 4288 411 4345 reposui
430 4297 475 4346 μτο
499 4274 600 4350 ἐσχάτῳ
625 4281 692 4348 ταῖν,
720 4285 784 4345 quod
805 4285 876 4346 υνίςο
943 4283 966 4330 5.
983 4277 1041 4346 παρ’
1056 4275 1143 4343 αύτοῦ,
1155 4280 1218 4342 quod
1230 4281 1256 4328 ίιι
1269 4279 1323 4328 αλλ
1337 4279 1411 4341 princ.
1424 4278 1465 4330 δτ-

318 4357 390 4402 extat.
908 4353 1040 4411 ιίσττσιια,
1057 4351 1167 4399 Ριεσυλιιι
1182 4348 1268 4397 adieci!
1282 4359 1312 4396 ιτ
1326 4347 1375 4398 cod
1393 4347 1463 4396 ῖαείι.

353 4421 378 4470 ‘l-
395 4413 533 4484 ἅνθρύπιον
548 4419 638 4482 placuit
653 4420 756 4470 Ρτίσυίο.
944 4418 1004 4468 Cn.
1019 4417 1074 4466 v11.
1091 4443 1124 4455 -
1151 4415 1173 4466 1.
1189 4413 1339 4480 πετριεσμδν
1354 4415 1403 4466 ωδ.
1417 4415 1462 4463 ro·

352 4485 378 4540 δ.
393 4485 437 4540 καὶ
450 4502 479 4538 τε
492 4489 543 4538 ωδ.
559 4489 632 4538 Vario.
643 4491 745 4550 reposuit
758 4490 876 4542 Ριίαυίια.
909 4490 948 4540 tic.
981 4483 1085 4552 πτίρναν
1100 4485 1199 4552 υμλρσίσ
1213 4485 1331 4546 mum
1348 4488 1386 4534 αλ
