3072 4986
349 307 484 359 Pderllll
503 309 578 358 ΛΜ.
597 309 763 360 nasassss
780 311 842 360 Lts.
860 312 879 360 Ι.
896 310 978 362 ΤΟΜ.
996 311 1014 360 l.
1218 301 1259 361 57

3 473 4 484 ,
114 423 349 508 lamiue'lagitur,
373 425 421 489 ulai
439 429 511 491 haee
528 427 624 492 omnio
640 439 776 492 accurate
792 429 936 512 descripta
953 439 1033 492 sunt.
1079 429 1140 494 lllic
1157 451 1257 516 porro,

3 581 4 596 ,
115 526 184 610 quud
206 547 225 589 a
250 527 334 592 uobis
356 549 445 612 saepe
465 531 651 607 dictumest,
682 540 712 594 et
730 532 866 596 hocloco
884 531 1052 596 successario
1069 533 1258 617 repetendum

115 627 179 704 tuit,
203 628 329 713 quinque
346 641 474 694 aetatum
491 633 585 716 spatio
604 643 839 718 permanserunt.
883 630 967 716 Quae
985 635 1099 718 quidem
1116 655 1133 698 a
1151 631 1258 696 lacobo

3 721 4 736 ¹
114 751 162 816 per
176 728 250 794 Leni
267 732 407 796 deductae
422 745 611 798 numerantur
628 755 746 814 omnes,
771 739 806 798 de
822 734 904 798 cuius
921 735 1010 820 stirpe
1027 736 1198 800 sacerdotes
1214 735 1259 799 iu-

3 879 4 906 ,
114 834 199 896 stituti
217 845 302 896 sunt:
334 834 385 897 sed
405 845 436 898 et
453 836 572 898 eaedem
588 847 700 900 aetates
718 858 771 922 per
787 835 886 900 ludam
901 838 1032 922 digestae
1050 847 1134 915 suut,
1166 858 1181 898 a
1201 858 1259 920 quo

3 947 4 950 ’
113 933 202 998 llarid
220 937 286 1015 ille,
316 937 365 1020 qui
383 947 483 1021 postea
501 938 653 1020 regnavit,
686 939 826 1002 oriundus
845 939 908 1002 luit.
955 938 1070 1002 Etenim
1087 935 1258 1002 Leviliaa·

113 1037 205 1116 dom,
229 1038 361 1122 aliosque
380 1039 498 1122 genuit,
521 1035 655 1104 lianthcs
673 1041 861 1118 Amramum,
887 1043 1043 1104 Amramus
1060 1039 1205 1126 Moysen,
1229 1051 1259 1102 et

111 1141 256 1202 Aaronem
279 1140 455 1224 pontificem.
500 1139 564 1205 lam
587 1161 659 1207 vero
677 1140 802 1228 Moyses
820 1141 968 1206 lsraelitas
990 1144 1088 1208 divina
1110 1143 1140 1206 vi
1166 1145 1258 1206 lretus
1287 1133 1289 1136 ’

111 1263 149 1305 ex
168 1241 308 1326 Aegypto
330 1243 478 1322 traduxit,
509 1253 541 1308 ut
565 1244 595 1306 in
617 1245 747 1307 secundo
769 1245 843 1329 legis
865 1245 1012 1308 volumine
1033 1245 1173 1329 scriptum
1199 1254 1256 1308 est.

189 1341 350 1409 Caeterum
369 1345 510 1426 quodnam
530 1346 565 1409 ad
583 1345 639 1408 hoc
655 1357 767 1431 tempus
787 1346 874 1410 tuerit
893 1345 1090 1410 lsraelitarum
1109 1346 1186 1410 vitae
1207 1367 1258 1430 ge·
1276 1367 1336 1435 cap.
1351 1368 1395 1418 ry,

110 1467 162 1512 nus
182 1457 271 1530 atque
289 1447 470 1524 institutum,
501 1448 651 1512 declarare
670 1449 754 1512 lacile
773 1469 858 1512 nemo
876 1459 990 1532 petest,
1023 1449 1079 1512 uisi
1098 1448 1167 1512 illud
1187 1449 1259 1511 dun-

109 1560 205 1626 taxat,
229 1548 387 1632 legitimum
406 1550 480 1635 apud
503 1569 555 1612 eos
573 1549 662 1614 divini
682 1550 808 1614 numinis
824 1550 931 1614 cultum
954 1571 1019 1612 cum
1036 1550 1258 1614 circumcisione

107 1650 247 1733 riguisse.
292 1649 425 1714 Tametsi
448 1649 586 1735 scriptum
609 1661 671 1730 est,
702 1652 906 1737 multiplicatos
927 1653 957 1715 in
979 1651 1116 1738 Aegypto
1138 1651 1258 1716 Israelis
1271 1667 1333 1713 meu
1351 1667 1371 1724 1,
1381 1668 1402 1710 r.

108 1754 197 1831 ilios,
234 1762 264 1816 et
292 1773 362 1838 prae
388 1754 471 1838 eopia
498 1753 574 1816 viles
602 1775 670 1817 esse
692 1755 797 1818 laotos.
843 1749 993 1838 Siquidem
1017 1755 1260 1839 peregrinationis

106 1857 152 1919 illa
174 1855 350 1918 diuturnitas
372 1855 647 1940 corrsuetudinisque
670 1877 734 1919 cum
757 1855 890 1920 externis
911 1875 1085 1942 percorum
1110 1857 1260 1940 negligen-

107 1958 175 2020 tiam
197 1957 243 2020 ad
258 1957 334 2020 illam
358 1978 410 2020 ecs
432 1957 572 2020 vilitatem
595 1958 713 2026 abierit.
756 1956 870 2023 Verum
892 1959 996 2041 quibus
1018 1959 1089 2020 cibis
1115 1960 1157 2022 las
1180 1968 1261 2021 esset

106 2061 163 2140 uti,
194 2069 248 2122 aut
264 2060 401 2143 aquibus
419 2059 620 2123 abstinendum
640 2062 732 2139 foret,
763 2071 937 2144 caeteraque
954 2059 1050 2123 omnia
1066 2080 1140 2144 quae
1160 2079 1200 2122 ex
1218 2059 1260 2122 le-

104 2165 149 2248 gis
165 2173 271 2248 postea
288 2161 469 2246 praescripto
486 2162 631 2226 servanda
647 2163 794 2248 proposita
808 2174 893 2240 suut,
927 2163 1053 2226 noudum
1069 2163 1141 2226 deus
1158 2171 1259 2246 aperte

104 2266 299 2350 sigmdcarat.
343 2260 539 2346 Posteaquam
554 2284 626 2328 vero
642 2284 681 2328 ex
696 2266 833 2349 Aegypto
851 2265 975 2347 digressi
991 2273 1071 2342 sunt,
1095 2285 1173 2327 annuo
1190 2283 1259 2347 pro-

104 2367 243 2432 tectionis
256 2366 398 2442 secundo,
422 2366 472 2428 lex
487 2365 544 2428 illis
560 2387 577 2428 a
593 2366 648 2429 deo
665 2367 824 2450 interprete
839 2364 926 2452 Mose
940 2365 1075 2444 traditur,
1099 2385 1173 2448 quae
1189 2384 1259 2449 pue·

102 2470 208 2554 dagcgi
228 2467 311 2532 vices
328 2487 435 2550 gerens
452 2469 574 2548 (revere
591 2469 668 2530 enim
686 2488 789 2530 munus
807 2468 876 2532 illud
894 2467 1071 2547 exercebat,
1103 2488 1168 2530 eum
1186 2487 1259 2550 quae

102 2575 135 2635 ad
153 2590 265 2654 corpus
282 2568 456 2654 pertinentia
473 2569 696 2654 praescriberet,
720 2569 870 2654 spirituale
886 2569 1019 2654 quiddam
1035 2591 1087 2654 spe
1102 2580 1188 2653 atque
1206 2589 1260 2632 ex-

102 2673 274 2760 pectatione
296 2671 496 2753 continerent)
515 2672 681 2736 circumcidi
703 2671 837 2749 iubebat,
871 2693 905 2736 ac
924 2672 1075 2737 celebrare
1094 2671 1258 2748 sabbatum,

102 2777 304 2857 dammasque
327 2774 442 2856 lrugum
464 2784 495 2835 et
515 2775 625 2836 fetuum
649 2774 794 2851 omnium,
826 2783 884 2837 tam
903 2773 1049 2836 dominum
1070 2795 1155 2859 quam
1174 2793 1261 2858 peco-

101 2899 188 2952 rum,
219 2896 276 2937 nec
294 2895 352 2937 non
369 2875 556 2959 etprimitias
573 2895 607 2937 ac
623 2875 877 2960 quinquagesimas
895 2874 1116 2960 tricesimusque
1134 2877 1189 2938 deo
1205 2873 1261 2938 soli

99 2995 304 3052 consecrare,
329 2976 405 3039 huuc
421 2977 543 3040 adorare
561 2977 667 3056 solum,
691 2977 774 3040 euius
792 2977 982 3041 etsi'nomiue
999 2977 1103 3040 unicus
1119 2979 1262 3040 duntaxat

99 3077 333 3164 praedicabatur
349 3078 477 3142 omnium
497 3079 664 3142 moderator
682 3099 717 3143 uc
733 3081 884 3165 princeps,
908 3099 967 3143 una
985 3090 1079 3143 umen
1100 3091 1130 3143 et
1145 3079 1261 3142 trinitas

99 3189 225 3264 semper
239 3179 269 3242 in
286 3179 335 3243 illa
349 3179 491 3264 singulari
508 3180 659 3246 diuinitate
675 3181 809 3245 nunciata
824 3181 991 3266 creditaque
1007 3181 1044 3244 ab
1061 3181 1119 3244 illis
1135 3191 1191 3257 est,
1211 3178 1260 3262 qui

99 3284 238 3348 metaris
262 3281 489 3360 antecellerent,
520 3282 680 3346 cuiusmodi
700 3283 857 3369 prophetae
876 3295 963 3367 atquc
982 3282 1089 3346 eximia
1104 3280 1261 3346 sanctitate

97 3385 236 3470 praediti
254 3382 387 3448 domines
403 3384 533 3448 luerunt.
576 3381 737 3450 Praeterea
756 3387 845 3449 certis
862 3385 1013 3449 sacrificiis
1030 3383 1180 3464 variisque
1197 3381 1261 3446 riti·

96 3489 158 3551 lus
178 3507 216 3549 ac
233 3486 410 3549 ceremoniis
425 3486 454 3549 iu
469 3487 588 3550 deserto
605 3487 802 3572 praepotentis
820 3487 915 3550 addai
932 3488 1038 3550 cultum
1053 3483 1162 3569 operati
1179 3495 1259 3564 sunt,

95 3611 172 3653 eum
199 3589 230 3652 iu
252 3587 431 3652 tabernaculi
447 3587 589 3672 religiono
613 3599 713 3653 essent
730 3589 857 3667 assidui,
887 3587 961 3672 quod
979 3609 996 3650 a
1012 3583 1120 3671 Moyse
1141 3587 1175 3649 ad
1191 3586 1261 3651 illud

95 3691 264 3775 exemplar
280 3690 356 3773 quod
373 3711 390 3753 a
408 3689 463 3752 deo
480 3700 669 3754 monstratum
685 3702 741 3770 est,
763 3693 858 3754 luerat
873 3701 1051 3754 extructum.
1096 3685 1156 3752 Sed
1173 3689 1262 3754 iidem

94 3792 210 3857 ludaei
235 3793 272 3854 de
296 3791 422 3856 adventu
444 3787 554 3855 Christi
576 3792 780 3877 prophetarum
802 3811 944 3876 accepere
965 3809 1123 3876 respousa,
1157 3791 1261 3876 quibos
1316 3825 1330 3848 .

94 3917 171 3958 en·
194 3894 245 3956 ille
262 3893 401 3978 propheta
418 3893 581 3972 diceretur,
610 3913 715 3958 revera
734 3906 829 3958 umen
848 3894 919 3955 deus
939 3901 1020 3970 erat,
1051 3894 1154 3977 deique
1171 3893 1259 3970 lilius,

94 4017 173 4060 curn
192 3995 316 4076 angelus
327 3995 533 4079 appellaretur,
559 4016 642 4081 quem
657 4005 687 4058 et
700 3995 844 4060 homiuem
859 3994 986 4058 futurum
1000 4015 1090 4079 seque
1103 3995 1138 4058 ad
1153 3997 1261 4057 tratres

92 4119 179 4162 snos
197 4105 424 4180 aggregaturum
441 4097 491 4160 illa
510 4097 609 4160 eadem
628 4099 745 4161 oracula
763 4095 961 4182 prodiderunt.
1006 4095 1099 4162 Cuius
1117 4096 1160 4158 rei
1177 4097 1261 4157 tidem

92 4201 229 4264 divinae
251 4217 354 4261 omues
371 4199 533 4283 scripturae
550 4199 677 4277 faciunt,
709 4199 761 4262 sed
779 4197 1002 4264 [deuteronomii
1019 4198 1093 4262 liber
1106 4195 1259 4282 imprimis,

92 4303 188 4386 quod
209 4311 258 4365 est
279 4299 409 4383 quintum
432 4301 505 4383 legis
527 4301 682 4380 volumen,
706 4321 741 4364 ac
763 4301 874 4386 reliqua
896 4302 1032 4387 deinceps
1055 4298 1163 4365 omniu.
