<?xml version="1.0" encoding="UTF-8"?>
<!DOCTYPE html PUBLIC "-//W3C//DTD XHTML 1.0 Transitional//EN"
    "http://www.w3.org/TR/xhtml1/DTD/xhtml1-transitional.dtd">
<html xmlns="http://www.w3.org/1999/xhtml" xml:lang="en" lang="en">
 <head>
  <title>
</title>
<meta http-equiv="Content-Type" content="text/html;charset=utf-8" />
  <meta name='ocr-system' content='tesseract 3.04.00' />
  <meta name='ocr-capabilities' content='ocr_page ocr_carea ocr_par ocr_line ocrx_word'/>
</head>
<body>
  <div class='ocr_page' id='page_1' title='image "./corporishaerese01oehlgoog_0312.png"; bbox 0 0 3096 4988; ppageno 0'>
   <div class='ocr_carea' id='block_1_1' title="bbox 370 303 1249 366">
    <p class='ocr_par' dir='ltr' id='par_1_1' title="bbox 370 303 1249 366">
     <span class='ocr_line' id='line_1_1' title="bbox 370 303 1249 366; baseline 0.005 -4"><span class='ocrx_word' id='word_1_1' title='bbox 370 311 504 362; x_wconf 71' lang='lat' dir='ltr'><strong>rinnau</strong></span> <span class='ocrx_word' id='word_1_2' title='bbox 523 311 617 362; x_wconf 80' lang='lat' dir='ltr'><strong>mne</strong></span> <span class='ocrx_word' id='word_1_3' title='bbox 635 311 718 364; x_wconf 83' lang='lat' dir='ltr'><strong>reu.</strong></span> <span class='ocrx_word' id='word_1_4' title='bbox 734 315 763 364; x_wconf 91' lang='lat' dir='ltr'><strong>n.</strong></span> <span class='ocrx_word' id='word_1_5' title='bbox 782 313 879 364; x_wconf 79' lang='lat' dir='ltr'><strong>uuna.</strong></span> <span class='ocrx_word' id='word_1_6' title='bbox 893 313 981 365; x_wconf 85' lang='lat' dir='ltr'>xxx.</span> <span class='ocrx_word' id='word_1_7' title='bbox 1188 303 1249 366; x_wconf 75' lang='lat'><strong>299</strong></span> 
     </span>
    </p>
   </div>
   <div class='ocr_carea' id='block_1_2' title="bbox 96 433 1400 4008">
    <p class='ocr_par' dir='ltr' id='par_1_2' title="bbox 99 433 1248 520">
     <span class='ocr_line' id='line_1_2' title="bbox 99 433 1248 520; baseline 0.003 -26"><span class='ocrx_word' id='word_1_8' title='bbox 99 443 256 514; x_wconf 70' lang='lat' dir='ltr'><strong>aegrotosq</strong></span> <span class='ocrx_word' id='word_1_9' title='bbox 279 453 376 517; x_wconf 86' lang='lat' dir='ltr'><strong>neque</strong></span> <span class='ocrx_word' id='word_1_10' title='bbox 390 433 507 496; x_wconf 34' lang='lat' dir='ltr'><strong>*curarit</strong></span> <span class='ocrx_word' id='word_1_11' title='bbox 519 433 625 510; x_wconf 89' lang='lat' dir='ltr'><strong>solnm,</strong></span> <span class='ocrx_word' id='word_1_12' title='bbox 648 433 701 495; x_wconf 88' lang='lat' dir='ltr'><strong>sed</strong></span> <span class='ocrx_word' id='word_1_13' title='bbox 716 433 821 518; x_wconf 82' lang='lat' dir='ltr'><strong>duplici</strong></span> <span class='ocrx_word' id='word_1_14' title='bbox 835 433 863 496; x_wconf 92' lang='lat' dir='ltr'><strong>id</strong></span> <span class='ocrx_word' id='word_1_15' title='bbox 876 433 991 498; x_wconf 84' lang='lat' dir='ltr'><strong>ratione</strong></span> <span class='ocrx_word' id='word_1_16' title='bbox 1005 435 1138 520; x_wconf 84' lang='lat' dir='ltr'><strong>perierit.</strong></span> <span class='ocrx_word' id='word_1_17' title='bbox 1172 433 1248 498; x_wconf 89' lang='lat' dir='ltr'><strong>Nam</strong></span> 
     </span>
    </p>

    <p class='ocr_par' dir='ltr' id='par_1_3' title="bbox 100 534 1250 622">
     <span class='ocr_line' id='line_1_3' title="bbox 100 534 1250 622; baseline 0.005 -26"><span class='ocrx_word' id='word_1_18' title='bbox 100 556 172 617; x_wconf 88' lang='lat' dir='ltr'><strong>quos</strong></span> <span class='ocrx_word' id='word_1_19' title='bbox 189 534 303 598; x_wconf 88' lang='lat' dir='ltr'><strong>sabbati</strong></span> <span class='ocrx_word' id='word_1_20' title='bbox 320 536 366 598; x_wconf 90' lang='lat' dir='ltr'><strong>die</strong></span> <span class='ocrx_word' id='word_1_21' title='bbox 384 545 556 613; x_wconf 74' lang='lat' dir='ltr'><strong>sanaverat,</strong></span> <span class='ocrx_word' id='word_1_22' title='bbox 581 534 731 617; x_wconf 83' lang='lat' dir='ltr'><strong>grabatum</strong></span> <span class='ocrx_word' id='word_1_23' title='bbox 750 536 787 598; x_wconf 90' lang='lat' dir='ltr'><strong>iis</strong></span> <span class='ocrx_word' id='word_1_24' title='bbox 802 537 905 601; x_wconf 88' lang='lat' dir='ltr'><strong>tollere</strong></span> <span class='ocrx_word' id='word_1_25' title='bbox 923 549 1009 622; x_wconf 88' lang='lat' dir='ltr'><strong>atque</strong></span> <span class='ocrx_word' id='word_1_26' title='bbox 1025 538 1171 602; x_wconf 86' lang='lat' dir='ltr'><strong>ambulare</strong></span> <span class='ocrx_word' id='word_1_27' title='bbox 1189 539 1250 602; x_wconf 89' lang='lat' dir='ltr'><strong>ius·</strong></span> 
     </span>
    </p>

    <p class='ocr_par' dir='ltr' id='par_1_4' title="bbox 99 635 1368 828">
     <span class='ocr_line' id='line_1_4' title="bbox 99 635 1368 720; baseline 0.006 -22"><span class='ocrx_word' id='word_1_28' title='bbox 99 638 149 699; x_wconf 91' lang='lat' dir='ltr'><strong>sit.</strong></span> <span class='ocrx_word' id='word_1_29' title='bbox 195 635 366 720; x_wconf 71' lang='lat' dir='ltr'><strong>Quinetiam</strong></span> <span class='ocrx_word' id='word_1_30' title='bbox 386 639 488 700; x_wconf 87' lang='lat' dir='ltr'><strong>eodem</strong></span> <span class='ocrx_word' id='word_1_31' title='bbox 505 637 657 701; x_wconf 83' lang='lat' dir='ltr'><strong>dielutuna</strong></span> <span class='ocrx_word' id='word_1_32' title='bbox 675 659 827 704; x_wconf 87' lang='lat' dir='ltr'><strong>macerans</strong></span> <span class='ocrx_word' id='word_1_33' title='bbox 844 641 924 704; x_wconf 89' lang='lat' dir='ltr'><strong>caeci</strong></span> <span class='ocrx_word' id='word_1_34' title='bbox 942 639 1034 705; x_wconf 88' lang='lat' dir='ltr'><strong>oculis</strong></span> <span class='ocrx_word' id='word_1_35' title='bbox 1050 640 1145 704; x_wconf 86' lang='lat' dir='ltr'><strong>illinit.</strong></span> <span class='ocrx_word' id='word_1_36' title='bbox 1191 640 1368 708; x_wconf 73' lang='lat' dir='ltr'><strong>rit-ranas</strong></span> 
     </span>
     <span class='ocr_line' id='line_1_5' title="bbox 100 740 1248 828; baseline 0.006 -28"><span class='ocrx_word' id='word_1_37' title='bbox 100 740 147 822; x_wconf 93' lang='lat' dir='ltr'><strong>qui</strong></span> <span class='ocrx_word' id='word_1_38' title='bbox 166 761 240 824; x_wconf 88' lang='lat' dir='ltr'><strong>opus</strong></span> <span class='ocrx_word' id='word_1_39' title='bbox 259 741 402 824; x_wconf 81' lang='lat' dir='ltr'><strong>quoddam</strong></span> <span class='ocrx_word' id='word_1_40' title='bbox 417 749 463 804; x_wconf 90' lang='lat' dir='ltr'><strong>est</strong></span> <span class='ocrx_word' id='word_1_41' title='bbox 478 740 526 803; x_wconf 92' lang='lat' dir='ltr'><strong>illa</strong></span> <span class='ocrx_word' id='word_1_42' title='bbox 544 740 596 804; x_wconf 90' lang='lat' dir='ltr'><strong>luti</strong></span> <span class='ocrx_word' id='word_1_43' title='bbox 612 741 797 826; x_wconf 87' lang='lat' dir='ltr'><strong>temperatio.</strong></span> <span class='ocrx_word' id='word_1_44' title='bbox 841 740 924 807; x_wconf 88' lang='lat' dir='ltr'><strong>Unde</strong></span> <span class='ocrx_word' id='word_1_45' title='bbox 940 744 1029 806; x_wconf 87' lang='lat' dir='ltr'><strong>etiarn</strong></span> <span class='ocrx_word' id='word_1_46' title='bbox 1045 743 1168 828; x_wconf 88' lang='lat' dir='ltr'><strong>apostoli</strong></span> <span class='ocrx_word' id='word_1_47' title='bbox 1184 765 1248 807; x_wconf 88' lang='lat' dir='ltr'><strong>cum</strong></span> 
     </span>
    </p>

    <p class='ocr_par' dir='ltr' id='par_1_5' title="bbox 98 841 1349 1340">
     <span class='ocr_line' id='line_1_6' title="bbox 100 841 1249 930; baseline 0.006 -27"><span class='ocrx_word' id='word_1_48' title='bbox 100 861 139 904; x_wconf 84' lang='lat' dir='ltr'><strong>ex</strong></span> <span class='ocrx_word' id='word_1_49' title='bbox 165 843 230 906; x_wconf 91' lang='lat' dir='ltr'><strong>eius</strong></span> <span class='ocrx_word' id='word_1_50' title='bbox 253 841 389 906; x_wconf 81' lang='lat' dir='ltr'><strong>conuictu</strong></span> <span class='ocrx_word' id='word_1_51' title='bbox 411 841 621 928; x_wconf 74' lang='lat' dir='ltr'><strong>disciplinaque</strong></span> <span class='ocrx_word' id='word_1_52' title='bbox 642 843 810 927; x_wconf 82' lang='lat' dir='ltr'><strong>abrogatam</strong></span> <span class='ocrx_word' id='word_1_53' title='bbox 832 865 899 909; x_wconf 88' lang='lat' dir='ltr'><strong>esse</strong></span> <span class='ocrx_word' id='word_1_54' title='bbox 920 845 1032 910; x_wconf 92' lang='lat' dir='ltr'><strong>sabbati</strong></span> <span class='ocrx_word' id='word_1_55' title='bbox 1055 847 1149 930; x_wconf 83' lang='lat' dir='ltr'><strong>legem</strong></span> <span class='ocrx_word' id='word_1_56' title='bbox 1175 845 1249 910; x_wconf 86' lang='lat' dir='ltr'><strong>baud</strong></span> 
     </span>
     <span class='ocr_line' id='line_1_7' title="bbox 98 943 1349 1032; baseline 0.005 -27"><span class='ocrx_word' id='word_1_57' title='bbox 98 943 283 1027; x_wconf 73' lang='lat' dir='ltr'><strong>ignorarent,</strong></span> <span class='ocrx_word' id='word_1_58' title='bbox 302 945 402 1009; x_wconf 84' lang='lat' dir='ltr'><strong>vulsas</strong></span> <span class='ocrx_word' id='word_1_59' title='bbox 417 965 469 1032; x_wconf 94' lang='lat' dir='ltr'><strong>per</strong></span> <span class='ocrx_word' id='word_1_60' title='bbox 483 946 633 1009; x_wconf 87' lang='lat' dir='ltr'><strong>sabbatum</strong></span> <span class='ocrx_word' id='word_1_61' title='bbox 649 949 745 1030; x_wconf 88' lang='lat' dir='ltr'><strong>spicas</strong></span> <span class='ocrx_word' id='word_1_62' title='bbox 762 958 900 1027; x_wconf 81' lang='lat' dir='ltr'><strong>suerunt,</strong></span> <span class='ocrx_word' id='word_1_63' title='bbox 919 971 953 1012; x_wconf 90' lang='lat' dir='ltr'><strong>ae</strong></span> <span class='ocrx_word' id='word_1_64' title='bbox 967 960 1137 1012; x_wconf 84' lang='lat' dir='ltr'><strong>vescuntur.</strong></span> <span class='ocrx_word' id='word_1_65' title='bbox 1175 946 1249 1010; x_wconf 81' lang='lat' dir='ltr'><strong>Erat</strong></span> <span class='ocrx_word' id='word_1_66' title='bbox 1261 963 1349 1011; x_wconf 55' lang='lat' dir='ltr'><strong>unat</strong></span> 
     </span>
     <span class='ocr_line' id='line_1_8' title="bbox 98 1047 1248 1136; baseline 0.005 -28"><span class='ocrx_word' id='word_1_67' title='bbox 98 1058 197 1110; x_wconf 87' lang='lat' dir='ltr'><strong>autem</strong></span> <span class='ocrx_word' id='word_1_68' title='bbox 218 1057 277 1110; x_wconf 87' lang='lat' dir='ltr'><strong>tnm</strong></span> <span class='ocrx_word' id='word_1_69' title='bbox 297 1047 752 1130; x_wconf 86' lang='lat' dir='ltr'><strong>secundoprimumsabbatum,</strong></span> <span class='ocrx_word' id='word_1_70' title='bbox 784 1050 1010 1136; x_wconf 80' lang='lat' dir='ltr'><strong>etevangelinm</strong></span> <span class='ocrx_word' id='word_1_71' title='bbox 1031 1051 1126 1114; x_wconf 85' lang='lat' dir='ltr'><strong>docet.</strong></span> <span class='ocrx_word' id='word_1_72' title='bbox 1170 1048 1248 1114; x_wconf 89' lang='lat' dir='ltr'><strong>Nam</strong></span> 
     </span>
     <span class='ocr_line' id='line_1_9' title="bbox 98 1148 1247 1238; baseline 0.004 -27"><span class='ocrx_word' id='word_1_73' title='bbox 98 1148 286 1213; x_wconf 75' lang='lat' dir='ltr'><strong>sabbatorum</strong></span> <span class='ocrx_word' id='word_1_74' title='bbox 307 1149 387 1214; x_wconf 84' lang='lat' dir='ltr'><strong>varia</strong></span> <span class='ocrx_word' id='word_1_75' title='bbox 404 1170 515 1234; x_wconf 77' lang='lat' dir='ltr'><strong>gerrem</strong></span> <span class='ocrx_word' id='word_1_76' title='bbox 531 1150 597 1235; x_wconf 78' lang='lat' dir='ltr'><strong>iege</strong></span> <span class='ocrx_word' id='word_1_77' title='bbox 616 1152 765 1236; x_wconf 82' lang='lat' dir='ltr'><strong>praefinita</strong></span> <span class='ocrx_word' id='word_1_78' title='bbox 784 1163 863 1216; x_wconf 90' lang='lat' dir='ltr'><strong>sunt.</strong></span> <span class='ocrx_word' id='word_1_79' title='bbox 909 1154 1044 1238; x_wconf 81' lang='lat' dir='ltr'><strong>Aequod</strong></span> <span class='ocrx_word' id='word_1_80' title='bbox 1061 1164 1247 1238; x_wconf 85' lang='lat' dir='ltr'><strong>septenorum</strong></span> 
     </span>
     <span class='ocr_line' id='line_1_10' title="bbox 98 1251 1249 1340; baseline 0.003 -26"><span class='ocrx_word' id='word_1_81' title='bbox 98 1252 213 1316; x_wconf 89' lang='lat' dir='ltr'><strong>dierum</strong></span> <span class='ocrx_word' id='word_1_82' title='bbox 228 1253 300 1316; x_wconf 90' lang='lat' dir='ltr'><strong>orbe</strong></span> <span class='ocrx_word' id='word_1_83' title='bbox 316 1255 450 1318; x_wconf 89' lang='lat' dir='ltr'><strong>revoluto</strong></span> <span class='ocrx_word' id='word_1_84' title='bbox 467 1253 633 1318; x_wconf 89' lang='lat' dir='ltr'><strong>celebratur</strong></span> <span class='ocrx_word' id='word_1_85' title='bbox 646 1255 763 1340; x_wconf 91' lang='lat' dir='ltr'><strong>proprie</strong></span> <span class='ocrx_word' id='word_1_86' title='bbox 776 1255 928 1320; x_wconf 86' lang='lat' dir='ltr'><strong>sabbatum</strong></span> <span class='ocrx_word' id='word_1_87' title='bbox 942 1255 1058 1318; x_wconf 88' lang='lat' dir='ltr'><strong>dicitnr.</strong></span> <span class='ocrx_word' id='word_1_88' title='bbox 1096 1251 1154 1318; x_wconf 91' lang='lat' dir='ltr'><strong>Sed</strong></span> <span class='ocrx_word' id='word_1_89' title='bbox 1171 1255 1249 1318; x_wconf 88' lang='lat' dir='ltr'><strong>aliud</strong></span> 
     </span>
    </p>

    <p class='ocr_par' dir='ltr' id='par_1_6' title="bbox 97 1353 1249 1438">
     <span class='ocr_line' id='line_1_11' title="bbox 97 1353 1249 1438; baseline 0.002 -22"><span class='ocrx_word' id='word_1_90' title='bbox 97 1365 144 1417; x_wconf 90' lang='lat' dir='ltr'><strong>est</strong></span> <span class='ocrx_word' id='word_1_91' title='bbox 163 1353 239 1438; x_wconf 88' lang='lat' dir='ltr'><strong>quod</strong></span> <span class='ocrx_word' id='word_1_92' title='bbox 257 1355 305 1418; x_wconf 85' lang='lat' dir='ltr'><strong>vel</strong></span> <span class='ocrx_word' id='word_1_93' title='bbox 320 1355 537 1420; x_wconf 75' lang='lat' dir='ltr'><strong>incurrentibus</strong></span> <span class='ocrx_word' id='word_1_94' title='bbox 554 1355 728 1435; x_wconf 83' lang='lat' dir='ltr'><strong>noviluniis,</strong></span> <span class='ocrx_word' id='word_1_95' title='bbox 751 1359 798 1421; x_wconf 87' lang='lat' dir='ltr'><strong>vei</strong></span> <span class='ocrx_word' id='word_1_96' title='bbox 818 1357 854 1420; x_wconf 92' lang='lat' dir='ltr'><strong>ob</strong></span> <span class='ocrx_word' id='word_1_97' title='bbox 872 1358 946 1422; x_wconf 89' lang='lat' dir='ltr'><strong>alios</strong></span> <span class='ocrx_word' id='word_1_98' title='bbox 963 1359 1054 1422; x_wconf 84' lang='lat' dir='ltr'><strong>destos</strong></span> <span class='ocrx_word' id='word_1_99' title='bbox 1071 1358 1133 1420; x_wconf 89' lang='lat' dir='ltr'><strong>dies</strong></span> <span class='ocrx_word' id='word_1_100' title='bbox 1147 1355 1249 1420; x_wconf 85' lang='lat' dir='ltr'><strong>iudici·</strong></span> 
     </span>
    </p>

    <p class='ocr_par' dir='ltr' id='par_1_7' title="bbox 96 1456 1250 1956">
     <span class='ocr_line' id='line_1_12' title="bbox 98 1456 1247 1545; baseline 0.002 -26"><span class='ocrx_word' id='word_1_101' title='bbox 98 1469 157 1535; x_wconf 91' lang='lat' dir='ltr'><strong>tur,</strong></span> <span class='ocrx_word' id='word_1_102' title='bbox 182 1467 252 1541; x_wconf 88' lang='lat' dir='ltr'><strong>puta</strong></span> <span class='ocrx_word' id='word_1_103' title='bbox 268 1456 522 1522; x_wconf 74' lang='lat' dir='ltr'><strong>tabernaculorum</strong></span> <span class='ocrx_word' id='word_1_104' title='bbox 536 1459 584 1523; x_wconf 85' lang='lat' dir='ltr'><strong>vei</strong></span> <span class='ocrx_word' id='word_1_105' title='bbox 598 1459 743 1544; x_wconf 85' lang='lat' dir='ltr'><strong>paschatis</strong></span> <span class='ocrx_word' id='word_1_106' title='bbox 757 1461 857 1541; x_wconf 76' lang='lat' dir='ltr'><strong>lenas,</strong></span> <span class='ocrx_word' id='word_1_107' title='bbox 881 1462 985 1545; x_wconf 89' lang='lat' dir='ltr'><strong>quibus</strong></span> <span class='ocrx_word' id='word_1_108' title='bbox 1002 1471 1129 1524; x_wconf 87' lang='lat' dir='ltr'><strong>muctare</strong></span> <span class='ocrx_word' id='word_1_109' title='bbox 1143 1479 1247 1542; x_wconf 78' lang='lat' dir='ltr'><strong>aquom</strong></span> 
     </span>
     <span class='ocr_line' id='line_1_13' title="bbox 97 1561 1247 1648; baseline 0.003 -26"><span class='ocrx_word' id='word_1_110' title='bbox 97 1561 270 1645; x_wconf 81' lang='lat' dir='ltr'><strong>azymisque</strong></span> <span class='ocrx_word' id='word_1_111' title='bbox 287 1561 368 1626; x_wconf 88' lang='lat' dir='ltr'><strong>vesci</strong></span> <span class='ocrx_word' id='word_1_112' title='bbox 385 1561 545 1646; x_wconf 86' lang='lat' dir='ltr'><strong>legitimum</strong></span> <span class='ocrx_word' id='word_1_113' title='bbox 563 1573 619 1624; x_wconf 87' lang='lat' dir='ltr'><strong>cst.</strong></span> <span class='ocrx_word' id='word_1_114' title='bbox 664 1561 711 1625; x_wconf 78' lang='lat' dir='ltr'><strong>Ad</strong></span> <span class='ocrx_word' id='word_1_115' title='bbox 727 1563 799 1628; x_wconf 85' lang='lat' dir='ltr'><strong>baec</strong></span> <span class='ocrx_word' id='word_1_116' title='bbox 815 1565 937 1628; x_wconf 87' lang='lat' dir='ltr'><strong>solenne</strong></span> <span class='ocrx_word' id='word_1_117' title='bbox 952 1563 1094 1648; x_wconf 88' lang='lat' dir='ltr'><strong>quoddam</strong></span> <span class='ocrx_word' id='word_1_118' title='bbox 1111 1561 1247 1628; x_wconf 80' lang='lat' dir='ltr'><strong>ieiutdum</strong></span> 
     </span>
     <span class='ocr_line' id='line_1_14' title="bbox 96 1663 1249 1749; baseline 0.002 -23"><span class='ocrx_word' id='word_1_119' title='bbox 96 1664 257 1746; x_wconf 74' lang='lat' dir='ltr'><strong>quotannis</strong></span> <span class='ocrx_word' id='word_1_120' title='bbox 274 1663 434 1728; x_wconf 86' lang='lat' dir='ltr'><strong>observant</strong></span> <span class='ocrx_word' id='word_1_121' title='bbox 448 1663 524 1748; x_wconf 92' lang='lat' dir='ltr'><strong>quod</strong></span> <span class='ocrx_word' id='word_1_122' title='bbox 541 1685 676 1748; x_wconf 85' lang='lat' dir='ltr'><strong>maguum</strong></span> <span class='ocrx_word' id='word_1_123' title='bbox 695 1677 818 1745; x_wconf 80' lang='lat' dir='ltr'><strong>vocarit,</strong></span> <span class='ocrx_word' id='word_1_124' title='bbox 842 1687 896 1730; x_wconf 88' lang='lat' dir='ltr'><strong>nec</strong></span> <span class='ocrx_word' id='word_1_125' title='bbox 912 1687 971 1730; x_wconf 89' lang='lat' dir='ltr'><strong>nort</strong></span> <span class='ocrx_word' id='word_1_126' title='bbox 990 1665 1156 1731; x_wconf 82' lang='lat' dir='ltr'><strong>stulterum</strong></span> <span class='ocrx_word' id='word_1_127' title='bbox 1173 1665 1249 1749; x_wconf 92' lang='lat' dir='ltr'><strong>quod</strong></span> 
     </span>
     <span class='ocr_line' id='line_1_15' title="bbox 97 1764 1250 1852; baseline 0.002 -24"><span class='ocrx_word' id='word_1_128' title='bbox 97 1785 220 1850; x_wconf 87' lang='lat' dir='ltr'><strong>parvum</strong></span> <span class='ocrx_word' id='word_1_129' title='bbox 244 1767 402 1852; x_wconf 79' lang='lat' dir='ltr'><strong>appeliant.</strong></span> <span class='ocrx_word' id='word_1_130' title='bbox 448 1764 572 1850; x_wconf 81' lang='lat' dir='ltr'><strong>Quoties</strong></span> <span class='ocrx_word' id='word_1_131' title='bbox 593 1767 683 1850; x_wconf 82' lang='lat' dir='ltr'><strong>igitur</strong></span> <span class='ocrx_word' id='word_1_132' title='bbox 704 1767 767 1832; x_wconf 88' lang='lat' dir='ltr'><strong>dies</strong></span> <span class='ocrx_word' id='word_1_133' title='bbox 790 1768 932 1834; x_wconf 88' lang='lat' dir='ltr'><strong>eiusmodi</strong></span> <span class='ocrx_word' id='word_1_134' title='bbox 954 1770 983 1837; x_wconf 92' lang='lat' dir='ltr'><strong>iu</strong></span> <span class='ocrx_word' id='word_1_135' title='bbox 1006 1769 1161 1832; x_wconf 90' lang='lat' dir='ltr'><strong>secundam</strong></span> <span class='ocrx_word' id='word_1_136' title='bbox 1184 1777 1250 1852; x_wconf 91' lang='lat' dir='ltr'><strong>post</strong></span> 
     </span>
     <span class='ocr_line' id='line_1_16' title="bbox 96 1868 1250 1956; baseline 0.002 -24"><span class='ocrx_word' id='word_1_137' title='bbox 96 1869 252 1932; x_wconf 84' lang='lat' dir='ltr'><strong>sabbatum</strong></span> <span class='ocrx_word' id='word_1_138' title='bbox 271 1869 363 1948; x_wconf 88' lang='lat' dir='ltr'><strong>diem,</strong></span> <span class='ocrx_word' id='word_1_139' title='bbox 388 1868 436 1932; x_wconf 87' lang='lat' dir='ltr'><strong>vel</strong></span> <span class='ocrx_word' id='word_1_140' title='bbox 453 1869 587 1948; x_wconf 89' lang='lat' dir='ltr'><strong>tertiam,</strong></span> <span class='ocrx_word' id='word_1_141' title='bbox 610 1881 661 1934; x_wconf 86' lang='lat' dir='ltr'><strong>aut</strong></span> <span class='ocrx_word' id='word_1_142' title='bbox 677 1880 807 1954; x_wconf 85' lang='lat' dir='ltr'><strong>quartam</strong></span> <span class='ocrx_word' id='word_1_143' title='bbox 822 1871 965 1950; x_wconf 89' lang='lat' dir='ltr'><strong>incidunt,</strong></span> <span class='ocrx_word' id='word_1_144' title='bbox 988 1871 1064 1936; x_wconf 90' lang='lat' dir='ltr'><strong>istud</strong></span> <span class='ocrx_word' id='word_1_145' title='bbox 1078 1872 1170 1956; x_wconf 89' lang='lat' dir='ltr'><strong>ipsum</strong></span> <span class='ocrx_word' id='word_1_146' title='bbox 1186 1869 1250 1934; x_wconf 91' lang='lat' dir='ltr'><strong>illn-</strong></span> 
     </span>
    </p>

    <p class='ocr_par' dir='ltr' id='par_1_8' title="bbox 97 1970 1251 2467">
     <span class='ocr_line' id='line_1_17' title="bbox 97 1970 1250 2060; baseline 0.003 -26"><span class='ocrx_word' id='word_1_147' title='bbox 97 1993 162 2035; x_wconf 88' lang='lat' dir='ltr'><strong>rum</strong></span> <span class='ocrx_word' id='word_1_148' title='bbox 186 1971 321 2034; x_wconf 89' lang='lat' dir='ltr'><strong>instituto</strong></span> <span class='ocrx_word' id='word_1_149' title='bbox 343 1971 494 2036; x_wconf 89' lang='lat' dir='ltr'><strong>sabbatum</strong></span> <span class='ocrx_word' id='word_1_150' title='bbox 519 1983 668 2036; x_wconf 86' lang='lat' dir='ltr'><strong>censetur.</strong></span> <span class='ocrx_word' id='word_1_151' title='bbox 714 1970 815 2056; x_wconf 75' lang='lat' dir='ltr'><strong>Quare</strong></span> <span class='ocrx_word' id='word_1_152' title='bbox 837 1976 996 2037; x_wconf 88' lang='lat' dir='ltr'><strong>secundum</strong></span> <span class='ocrx_word' id='word_1_153' title='bbox 1016 1995 1186 2060; x_wconf 83' lang='lat' dir='ltr'><strong>azymorum</strong></span> <span class='ocrx_word' id='word_1_154' title='bbox 1208 1975 1250 2038; x_wconf 87' lang='lat' dir='ltr'><strong>le·</strong></span> 
     </span>
     <span class='ocr_line' id='line_1_18' title="bbox 97 2073 1251 2162; baseline 0 -24"><span class='ocrx_word' id='word_1_155' title='bbox 97 2085 175 2138; x_wconf 91' lang='lat' dir='ltr'><strong>stum</strong></span> <span class='ocrx_word' id='word_1_156' title='bbox 198 2073 406 2159; x_wconf 84' lang='lat' dir='ltr'><strong>definitumque</strong></span> <span class='ocrx_word' id='word_1_157' title='bbox 426 2073 538 2138; x_wconf 87' lang='lat' dir='ltr'><strong>sabbati</strong></span> <span class='ocrx_word' id='word_1_158' title='bbox 560 2075 655 2155; x_wconf 88' lang='lat' dir='ltr'><strong>diem,</strong></span> <span class='ocrx_word' id='word_1_159' title='bbox 687 2097 724 2138; x_wconf 92' lang='lat' dir='ltr'><strong>en</strong></span> <span class='ocrx_word' id='word_1_160' title='bbox 746 2077 885 2156; x_wconf 88' lang='lat' dir='ltr'><strong>sabbato,</strong></span> <span class='ocrx_word' id='word_1_161' title='bbox 917 2079 992 2162; x_wconf 90' lang='lat' dir='ltr'><strong>quod</strong></span> <span class='ocrx_word' id='word_1_162' title='bbox 1018 2089 1047 2140; x_wconf 89' lang='lat' dir='ltr'><strong>et</strong></span> <span class='ocrx_word' id='word_1_163' title='bbox 1068 2077 1184 2162; x_wconf 90' lang='lat' dir='ltr'><strong>proprie</strong></span> <span class='ocrx_word' id='word_1_164' title='bbox 1209 2076 1251 2138; x_wconf 91' lang='lat' dir='ltr'><strong>ita</strong></span> 
     </span>
     <span class='ocr_line' id='line_1_19' title="bbox 97 2177 1249 2265; baseline 0.001 -26"><span class='ocrx_word' id='word_1_165' title='bbox 97 2177 207 2240; x_wconf 88' lang='lat' dir='ltr'><strong>dietum</strong></span> <span class='ocrx_word' id='word_1_166' title='bbox 231 2185 293 2256; x_wconf 88' lang='lat' dir='ltr'><strong>est,</strong></span> <span class='ocrx_word' id='word_1_167' title='bbox 324 2188 355 2240; x_wconf 92' lang='lat' dir='ltr'><strong>et</strong></span> <span class='ocrx_word' id='word_1_168' title='bbox 372 2197 542 2262; x_wconf 82' lang='lat' dir='ltr'><strong>azymorum</strong></span> <span class='ocrx_word' id='word_1_169' title='bbox 563 2177 637 2241; x_wconf 89' lang='lat' dir='ltr'><strong>diem</strong></span> <span class='ocrx_word' id='word_1_170' title='bbox 659 2178 807 2263; x_wconf 88' lang='lat' dir='ltr'><strong>sequitur,</strong></span> <span class='ocrx_word' id='word_1_171' title='bbox 839 2201 913 2264; x_wconf 88' lang='lat' dir='ltr'><strong>quae</strong></span> <span class='ocrx_word' id='word_1_172' title='bbox 931 2192 961 2244; x_wconf 88' lang='lat' dir='ltr'><strong>et</strong></span> <span class='ocrx_word' id='word_1_173' title='bbox 979 2179 1040 2264; x_wconf 88' lang='lat' dir='ltr'><strong>ipsa</strong></span> <span class='ocrx_word' id='word_1_174' title='bbox 1059 2178 1249 2265; x_wconf 85' lang='lat' dir='ltr'><strong>prosabbnto</strong></span> 
     </span>
     <span class='ocr_line' id='line_1_20' title="bbox 97 2279 1247 2368; baseline 0.001 -26"><span class='ocrx_word' id='word_1_175' title='bbox 97 2289 257 2358; x_wconf 83' lang='lat' dir='ltr'><strong>censetur,</strong></span> <span class='ocrx_word' id='word_1_176' title='bbox 288 2279 364 2342; x_wconf 82' lang='lat' dir='ltr'><strong>iente</strong></span> <span class='ocrx_word' id='word_1_177' title='bbox 387 2279 444 2344; x_wconf 92' lang='lat' dir='ltr'><strong>iter</strong></span> <span class='ocrx_word' id='word_1_178' title='bbox 463 2290 593 2363; x_wconf 86' lang='lat' dir='ltr'><strong>pensata</strong></span> <span class='ocrx_word' id='word_1_179' title='bbox 612 2282 746 2344; x_wconf 83' lang='lat' dir='ltr'><strong>iecerunt</strong></span> <span class='ocrx_word' id='word_1_180' title='bbox 763 2303 798 2345; x_wconf 88' lang='lat' dir='ltr'><strong>ao</strong></span> <span class='ocrx_word' id='word_1_181' title='bbox 817 2283 916 2346; x_wconf 87' lang='lat' dir='ltr'><strong>vulsas</strong></span> <span class='ocrx_word' id='word_1_182' title='bbox 933 2283 1030 2368; x_wconf 86' lang='lat' dir='ltr'><strong>spiens</strong></span> <span class='ocrx_word' id='word_1_183' title='bbox 1047 2281 1247 2360; x_wconf 65' lang='lat' dir='ltr'><strong>attinuerunt,</strong></span> 
     </span>
     <span class='ocr_line' id='line_1_21' title="bbox 97 2382 1251 2467; baseline 0 -21"><span class='ocrx_word' id='word_1_184' title='bbox 97 2393 188 2467; x_wconf 88' lang='lat' dir='ltr'><strong>atque</strong></span> <span class='ocrx_word' id='word_1_185' title='bbox 207 2382 414 2459; x_wconf 90' lang='lat' dir='ltr'><strong>comederunt,</strong></span> <span class='ocrx_word' id='word_1_186' title='bbox 446 2393 478 2446; x_wconf 86' lang='lat' dir='ltr'><strong>nt</strong></span> <span class='ocrx_word' id='word_1_187' title='bbox 500 2382 615 2446; x_wconf 89' lang='lat' dir='ltr'><strong>vinnula</strong></span> <span class='ocrx_word' id='word_1_188' title='bbox 638 2383 686 2446; x_wconf 90' lang='lat' dir='ltr'><strong>illa</strong></span> <span class='ocrx_word' id='word_1_189' title='bbox 703 2383 815 2448; x_wconf 86' lang='lat' dir='ltr'><strong>sabbati</strong></span> <span class='ocrx_word' id='word_1_190' title='bbox 833 2387 984 2450; x_wconf 87' lang='lat' dir='ltr'><strong>sanctione</strong></span> <span class='ocrx_word' id='word_1_191' title='bbox 1000 2383 1137 2448; x_wconf 89' lang='lat' dir='ltr'><strong>adstricta</strong></span> <span class='ocrx_word' id='word_1_192' title='bbox 1154 2383 1251 2446; x_wconf 89' lang='lat' dir='ltr'><strong>soluta</strong></span> 
     </span>
    </p>

    <p class='ocr_par' dir='ltr' id='par_1_9' title="bbox 96 2484 1400 3086">
     <span class='ocr_line' id='line_1_22' title="bbox 97 2484 1251 2568; baseline -0.001 -18"><span class='ocrx_word' id='word_1_193' title='bbox 97 2507 166 2550; x_wconf 84' lang='lat' dir='ltr'><strong>esse</strong></span> <span class='ocrx_word' id='word_1_194' title='bbox 183 2493 385 2548; x_wconf 88' lang='lat' dir='ltr'><strong>monstrarent</strong></span> <span class='ocrx_word' id='word_1_195' title='bbox 399 2484 496 2568; x_wconf 81' lang='lat' dir='ltr'><strong>magni</strong></span> <span class='ocrx_word' id='word_1_196' title='bbox 510 2485 587 2548; x_wconf 89' lang='lat' dir='ltr'><strong>illius</strong></span> <span class='ocrx_word' id='word_1_197' title='bbox 602 2486 773 2550; x_wconf 82' lang='lat' dir='ltr'><strong>accessione</strong></span> <span class='ocrx_word' id='word_1_198' title='bbox 788 2487 917 2566; x_wconf 86' lang='lat' dir='ltr'><strong>sabbati,</strong></span> <span class='ocrx_word' id='word_1_199' title='bbox 942 2487 996 2550; x_wconf 89' lang='lat' dir='ltr'><strong>boo</strong></span> <span class='ocrx_word' id='word_1_200' title='bbox 1012 2499 1058 2551; x_wconf 90' lang='lat' dir='ltr'><strong>est</strong></span> <span class='ocrx_word' id='word_1_201' title='bbox 1073 2484 1183 2552; x_wconf 85' lang='lat' dir='ltr'><strong>Christi</strong></span> <span class='ocrx_word' id='word_1_202' title='bbox 1200 2486 1251 2550; x_wconf 91' lang='lat' dir='ltr'><strong>dn·</strong></span> 
     </span>
     <span class='ocr_line' id='line_1_23' title="bbox 96 2587 1252 2676; baseline 0.001 -24"><span class='ocrx_word' id='word_1_203' title='bbox 96 2589 183 2668; x_wconf 88' lang='lat' dir='ltr'><strong>mini,</strong></span> <span class='ocrx_word' id='word_1_204' title='bbox 202 2587 252 2671; x_wconf 93' lang='lat' dir='ltr'><strong>qui</strong></span> <span class='ocrx_word' id='word_1_205' title='bbox 267 2597 329 2650; x_wconf 86' lang='lat' dir='ltr'><strong>uta</strong></span> <span class='ocrx_word' id='word_1_206' title='bbox 346 2589 473 2670; x_wconf 83' lang='lat' dir='ltr'><strong>peccatis</strong></span> <span class='ocrx_word' id='word_1_207' title='bbox 490 2588 599 2652; x_wconf 87' lang='lat' dir='ltr'><strong>nostris</strong></span> <span class='ocrx_word' id='word_1_208' title='bbox 616 2588 834 2673; x_wconf 84' lang='lat' dir='ltr'><strong>quiesceremus</strong></span> <span class='ocrx_word' id='word_1_209' title='bbox 847 2591 977 2654; x_wconf 88' lang='lat' dir='ltr'><strong>indulsit.</strong></span> <span class='ocrx_word' id='word_1_210' title='bbox 1022 2587 1116 2657; x_wconf 85' lang='lat' dir='ltr'><strong>Cuius</strong></span> <span class='ocrx_word' id='word_1_211' title='bbox 1132 2591 1252 2676; x_wconf 89' lang='lat' dir='ltr'><strong>iusuper</strong></span> 
     </span>
     <span class='ocr_line' id='line_1_24' title="bbox 96 2688 1251 2779; baseline 0.002 -25"><span class='ocrx_word' id='word_1_212' title='bbox 96 2694 221 2776; x_wconf 78' lang='lat' dir='ltr'><strong>liguram</strong></span> <span class='ocrx_word' id='word_1_213' title='bbox 237 2688 372 2755; x_wconf 81' lang='lat' dir='ltr'><strong>Nolimus</strong></span> <span class='ocrx_word' id='word_1_214' title='bbox 389 2689 456 2752; x_wconf 90' lang='lat' dir='ltr'><strong>olim</strong></span> <span class='ocrx_word' id='word_1_215' title='bbox 474 2691 627 2774; x_wconf 88' lang='lat' dir='ltr'><strong>praetulit,</strong></span> <span class='ocrx_word' id='word_1_216' title='bbox 657 2692 683 2754; x_wconf 91' lang='lat' dir='ltr'><strong>is</strong></span> <span class='ocrx_word' id='word_1_217' title='bbox 700 2712 785 2775; x_wconf 93' lang='lat' dir='ltr'><strong>quem</strong></span> <span class='ocrx_word' id='word_1_218' title='bbox 800 2703 900 2756; x_wconf 86' lang='lat' dir='ltr'><strong>oatrtm</strong></span> <span class='ocrx_word' id='word_1_219' title='bbox 917 2703 1000 2779; x_wconf 90' lang='lat' dir='ltr'><strong>pater</strong></span> <span class='ocrx_word' id='word_1_220' title='bbox 1015 2705 1046 2758; x_wconf 93' lang='lat' dir='ltr'><strong>ut</strong></span> <span class='ocrx_word' id='word_1_221' title='bbox 1063 2693 1151 2772; x_wconf 85' lang='lat' dir='ltr'><strong>vidit,</strong></span> <span class='ocrx_word' id='word_1_222' title='bbox 1184 2714 1251 2778; x_wconf 86' lang='lat' dir='ltr'><strong>pro·</strong></span> 
     </span>
     <span class='ocr_line' id='line_1_25' title="bbox 96 2791 1400 2880; baseline -0.004 -22"><span class='ocrx_word' id='word_1_223' title='bbox 96 2793 216 2877; x_wconf 88' lang='lat' dir='ltr'><strong>pitetico</strong></span> <span class='ocrx_word' id='word_1_224' title='bbox 239 2792 361 2876; x_wconf 90' lang='lat' dir='ltr'><strong>quodam</strong></span> <span class='ocrx_word' id='word_1_225' title='bbox 384 2792 480 2856; x_wconf 84' lang='lat' dir='ltr'><strong>afflatu</strong></span> <span class='ocrx_word' id='word_1_226' title='bbox 500 2791 646 2857; x_wconf 75' lang='lat' dir='ltr'><strong>Nurimum</strong></span> <span class='ocrx_word' id='word_1_227' title='bbox 667 2793 803 2879; x_wconf 89' lang='lat' dir='ltr'><strong>appellari</strong></span> <span class='ocrx_word' id='word_1_228' title='bbox 822 2796 931 2860; x_wconf 79' lang='lat' dir='ltr'><strong>rolnite</strong></span> <span class='ocrx_word' id='word_1_229' title='bbox 967 2802 1116 2877; x_wconf 60' lang='lat' dir='ltr'><strong>montem,</strong></span> <span class='ocrx_word' id='word_1_230' title='bbox 1144 2797 1400 2880; x_wconf 58' lang='lat' dir='ltr'><strong>inquinataque</strong></span> 
     </span>
     <span class='ocr_line' id='line_1_26' title="bbox 96 2897 1251 2978; baseline 0.003 -20"><span class='ocrx_word' id='word_1_231' title='bbox 96 2902 148 2959; x_wconf 72' lang='lat' dir='ltr'><strong>rite</strong></span> <span class='ocrx_word' id='word_1_232' title='bbox 170 2900 297 2977; x_wconf 74' lang='lat' dir='ltr'><strong>reqoa&#39;cm</strong></span> <span class='ocrx_word' id='word_1_233' title='bbox 318 2898 397 2958; x_wconf 85' lang='lat' dir='ltr'><strong>dabit</strong></span> <span class='ocrx_word' id='word_1_234' title='bbox 413 2897 494 2958; x_wconf 67' lang='lat' dir='ltr'><strong>nobo</strong></span> <span class='ocrx_word' id='word_1_235' title='bbox 511 2901 668 2978; x_wconf 76' lang='lat' dir='ltr'><strong>operculis</strong></span> <span class='ocrx_word' id='word_1_236' title='bbox 685 2903 806 2972; x_wconf 73' lang='lat' dir='ltr'><strong>annas,</strong></span> <span class='ocrx_word' id='word_1_237' title='bbox 839 2897 893 2962; x_wconf 88' lang='lat' dir='ltr'><strong>lton</strong></span> <span class='ocrx_word' id='word_1_238' title='bbox 911 2911 957 2964; x_wconf 88' lang='lat' dir='ltr'><strong>est</strong></span> <span class='ocrx_word' id='word_1_239' title='bbox 972 2899 1126 2965; x_wconf 82' lang='lat' dir='ltr'><strong>laboriosis</strong></span> <span class='ocrx_word' id='word_1_240' title='bbox 1142 2899 1251 2962; x_wconf 87' lang='lat' dir='ltr'><strong>nostris</strong></span> 
     </span>
     <span class='ocr_line' id='line_1_27' title="bbox 97 2996 1252 3086; baseline 0.001 -24"><span class='ocrx_word' id='word_1_241' title='bbox 97 2998 251 3085; x_wconf 86' lang='lat' dir='ltr'><strong>operibus.</strong></span> <span class='ocrx_word' id='word_1_242' title='bbox 294 2997 386 3082; x_wconf 78' lang='lat' dir='ltr'><strong>Atqui</strong></span> <span class='ocrx_word' id='word_1_243' title='bbox 398 2996 532 3062; x_wconf 75' lang='lat' dir='ltr'><strong>Netinos</strong></span> <span class='ocrx_word' id='word_1_244' title='bbox 548 3000 653 3062; x_wconf 91' lang='lat' dir='ltr'><strong>nullam</strong></span> <span class='ocrx_word' id='word_1_245' title='bbox 669 3021 686 3062; x_wconf 92' lang='lat' dir='ltr'><strong>a</strong></span> <span class='ocrx_word' id='word_1_246' title='bbox 702 3002 830 3085; x_wconf 87' lang='lat' dir='ltr'><strong>peccatis</strong></span> <span class='ocrx_word' id='word_1_247' title='bbox 845 3002 974 3086; x_wconf 87' lang='lat' dir='ltr'><strong>requiem</strong></span> <span class='ocrx_word' id='word_1_248' title='bbox 990 3003 1097 3082; x_wconf 86' lang='lat' dir='ltr'><strong>attulit,</strong></span> <span class='ocrx_word' id='word_1_249' title='bbox 1121 3012 1152 3066; x_wconf 89' lang='lat' dir='ltr'><strong>ot</strong></span> <span class='ocrx_word' id='word_1_250' title='bbox 1166 3001 1252 3065; x_wconf 90' lang='lat' dir='ltr'><strong>intel·</strong></span> 
     </span>
    </p>

    <p class='ocr_par' dir='ltr' id='par_1_10' title="bbox 96 3095 1250 3701">
     <span class='ocr_line' id='line_1_28' title="bbox 96 3095 1250 3189; baseline 0 -25"><span class='ocrx_word' id='word_1_251' title='bbox 96 3103 170 3187; x_wconf 83' lang='lat' dir='ltr'><strong>ligas</strong></span> <span class='ocrx_word' id='word_1_252' title='bbox 188 3101 227 3164; x_wconf 89' lang='lat' dir='ltr'><strong>dc</strong></span> <span class='ocrx_word' id='word_1_253' title='bbox 243 3095 362 3164; x_wconf 89' lang='lat' dir='ltr'><strong>Cbristn</strong></span> <span class='ocrx_word' id='word_1_254' title='bbox 376 3101 565 3166; x_wconf 87' lang='lat' dir='ltr'><strong>vaticinatum</strong></span> <span class='ocrx_word' id='word_1_255' title='bbox 579 3122 647 3166; x_wconf 88' lang='lat' dir='ltr'><strong>csse</strong></span> <span class='ocrx_word' id='word_1_256' title='bbox 663 3099 855 3182; x_wconf 67' lang='lat' dir='ltr'><strong>Lomentum,</strong></span> <span class='ocrx_word' id='word_1_257' title='bbox 874 3105 904 3167; x_wconf 92' lang='lat' dir='ltr'><strong>iu</strong></span> <span class='ocrx_word' id='word_1_258' title='bbox 920 3125 1005 3189; x_wconf 88' lang='lat' dir='ltr'><strong>quem</strong></span> <span class='ocrx_word' id='word_1_259' title='bbox 1020 3105 1106 3168; x_wconf 86' lang='lat' dir='ltr'><strong>etiem</strong></span> <span class='ocrx_word' id='word_1_260' title='bbox 1120 3105 1181 3189; x_wconf 89' lang='lat' dir='ltr'><strong>ipsa</strong></span> <span class='ocrx_word' id='word_1_261' title='bbox 1198 3125 1250 3164; x_wconf 89' lang='lat' dir='ltr'><strong>no-</strong></span> 
     </span>
     <span class='ocr_line' id='line_1_29' title="bbox 96 3202 1250 3291; baseline 0.002 -25"><span class='ocrx_word' id='word_1_262' title='bbox 96 3205 184 3268; x_wconf 89' lang='lat' dir='ltr'><strong>minis</strong></span> <span class='ocrx_word' id='word_1_263' title='bbox 210 3202 286 3266; x_wconf 88' lang='lat' dir='ltr'><strong>ratio</strong></span> <span class='ocrx_word' id='word_1_264' title='bbox 307 3205 456 3268; x_wconf 89' lang='lat' dir='ltr'><strong>convenit.</strong></span> <span class='ocrx_word' id='word_1_265' title='bbox 500 3202 635 3270; x_wconf 84' lang='lat' dir='ltr'><strong>Noie&#39;mus</strong></span> <span class='ocrx_word' id='word_1_266' title='bbox 657 3206 734 3269; x_wconf 90' lang='lat' dir='ltr'><strong>euim</strong></span> <span class='ocrx_word' id='word_1_267' title='bbox 756 3207 885 3291; x_wconf 86' lang='lat' dir='ltr'><strong>requiem</strong></span> <span class='ocrx_word' id='word_1_268' title='bbox 905 3207 1065 3291; x_wconf 81' lang='lat' dir='ltr'><strong>siguificat,</strong></span> <span class='ocrx_word' id='word_1_269' title='bbox 1097 3218 1129 3270; x_wconf 92' lang='lat' dir='ltr'><strong>ut</strong></span> <span class='ocrx_word' id='word_1_270' title='bbox 1146 3217 1177 3268; x_wconf 91' lang='lat' dir='ltr'><strong>et</strong></span> <span class='ocrx_word' id='word_1_271' title='bbox 1194 3202 1250 3268; x_wconf 88' lang='lat' dir='ltr'><strong>Se·</strong></span> 
     </span>
     <span class='ocr_line' id='line_1_30' title="bbox 98 3304 1249 3394; baseline 0.001 -26"><span class='ocrx_word' id='word_1_272' title='bbox 98 3305 184 3384; x_wconf 85' lang='lat' dir='ltr'><strong>beth,</strong></span> <span class='ocrx_word' id='word_1_273' title='bbox 220 3325 294 3390; x_wconf 89' lang='lat' dir='ltr'><strong>quae</strong></span> <span class='ocrx_word' id='word_1_274' title='bbox 315 3327 377 3370; x_wconf 84' lang='lat' dir='ltr'><strong>vox</strong></span> <span class='ocrx_word' id='word_1_275' title='bbox 399 3317 457 3370; x_wconf 90' lang='lat' dir='ltr'><strong>tam</strong></span> <span class='ocrx_word' id='word_1_276' title='bbox 479 3306 555 3370; x_wconf 89' lang='lat' dir='ltr'><strong>istud</strong></span> <span class='ocrx_word' id='word_1_277' title='bbox 579 3307 671 3393; x_wconf 86' lang='lat' dir='ltr'><strong>ipsum</strong></span> <span class='ocrx_word' id='word_1_278' title='bbox 693 3329 777 3392; x_wconf 90' lang='lat' dir='ltr'><strong>quam</strong></span> <span class='ocrx_word' id='word_1_279' title='bbox 798 3310 949 3373; x_wconf 88' lang='lat' dir='ltr'><strong>sabbatum</strong></span> <span class='ocrx_word' id='word_1_280' title='bbox 968 3309 1117 3394; x_wconf 83' lang='lat' dir='ltr'><strong>exprimit.</strong></span> <span class='ocrx_word' id='word_1_281' title='bbox 1163 3304 1249 3390; x_wconf 80' lang='lat' dir='ltr'><strong>Quod</strong></span> 
     </span>
     <span class='ocr_line' id='line_1_31' title="bbox 97 3404 1247 3496; baseline 0.001 -26"><span class='ocrx_word' id='word_1_282' title='bbox 97 3411 228 3496; x_wconf 87' lang='lat' dir='ltr'><strong>apprime</strong></span> <span class='ocrx_word' id='word_1_283' title='bbox 246 3404 365 3472; x_wconf 86' lang='lat' dir='ltr'><strong>Christo</strong></span> <span class='ocrx_word' id='word_1_284' title='bbox 380 3410 525 3492; x_wconf 84' lang='lat' dir='ltr'><strong>congruit,</strong></span> <span class='ocrx_word' id='word_1_285' title='bbox 549 3410 578 3472; x_wconf 91' lang='lat' dir='ltr'><strong>iu</strong></span> <span class='ocrx_word' id='word_1_286' title='bbox 594 3432 650 3494; x_wconf 92' lang='lat' dir='ltr'><strong>quo</strong></span> <span class='ocrx_word' id='word_1_287' title='bbox 667 3421 827 3496; x_wconf 85' lang='lat' dir='ltr'><strong>paternum</strong></span> <span class='ocrx_word' id='word_1_288' title='bbox 843 3411 945 3495; x_wconf 87' lang='lat' dir='ltr'><strong>spiritu</strong></span> <span class='ocrx_word' id='word_1_289' title='bbox 962 3421 1063 3476; x_wconf 88' lang='lat' dir='ltr'><strong>saneto</strong></span> <span class='ocrx_word' id='word_1_290' title='bbox 1078 3410 1247 3494; x_wconf 86' lang='lat' dir='ltr'><strong>requiescit,</strong></span> 
     </span>
     <span class='ocr_line' id='line_1_32' title="bbox 97 3512 1248 3598; baseline 0.002 -24"><span class='ocrx_word' id='word_1_291' title='bbox 97 3514 367 3597; x_wconf 79' lang='lat' dir='ltr'><strong>requieveruutque</strong></span> <span class='ocrx_word' id='word_1_292' title='bbox 385 3514 479 3576; x_wconf 79' lang='lat' dir='ltr'><strong>mucti</strong></span> <span class='ocrx_word' id='word_1_293' title='bbox 494 3513 529 3575; x_wconf 89' lang='lat' dir='ltr'><strong>ad</strong></span> <span class='ocrx_word' id='word_1_294' title='bbox 548 3533 635 3576; x_wconf 91' lang='lat' dir='ltr'><strong>onum</strong></span> <span class='ocrx_word' id='word_1_295' title='bbox 651 3534 765 3593; x_wconf 88' lang='lat' dir='ltr'><strong>omnes,</strong></span> <span class='ocrx_word' id='word_1_296' title='bbox 790 3525 978 3598; x_wconf 88' lang='lat' dir='ltr'><strong>posteaquam</strong></span> <span class='ocrx_word' id='word_1_297' title='bbox 994 3535 1010 3576; x_wconf 88' lang='lat' dir='ltr'><strong>a</strong></span> <span class='ocrx_word' id='word_1_298' title='bbox 1027 3523 1146 3598; x_wconf 87' lang='lat' dir='ltr'><strong>peccato</strong></span> <span class='ocrx_word' id='word_1_299' title='bbox 1160 3512 1248 3576; x_wconf 91' lang='lat' dir='ltr'><strong>desti-</strong></span> 
     </span>
     <span class='ocr_line' id='line_1_33' title="bbox 97 3611 1248 3701; baseline 0.003 -25"><span class='ocrx_word' id='word_1_300' title='bbox 97 3625 208 3680; x_wconf 84' lang='lat' dir='ltr'><strong>terunt.</strong></span> <span class='ocrx_word' id='word_1_301' title='bbox 256 3611 312 3677; x_wconf 83' lang='lat' dir='ltr'><strong>llic</strong></span> <span class='ocrx_word' id='word_1_302' title='bbox 331 3625 377 3678; x_wconf 89' lang='lat' dir='ltr'><strong>est</strong></span> <span class='ocrx_word' id='word_1_303' title='bbox 396 3635 530 3698; x_wconf 80' lang='lat' dir='ltr'><strong>magnum</strong></span> <span class='ocrx_word' id='word_1_304' title='bbox 549 3616 814 3701; x_wconf 90' lang='lat' dir='ltr'><strong>sempiternumque</strong></span> <span class='ocrx_word' id='word_1_305' title='bbox 833 3617 1000 3696; x_wconf 89' lang='lat' dir='ltr'><strong>sabbatum,</strong></span> <span class='ocrx_word' id='word_1_306' title='bbox 1030 3615 1112 3680; x_wconf 87' lang='lat' dir='ltr'><strong>ouius</strong></span> <span class='ocrx_word' id='word_1_307' title='bbox 1128 3636 1248 3701; x_wconf 88' lang='lat' dir='ltr'><strong>parvom</strong></span> 
     </span>
    </p>

    <p class='ocr_par' dir='ltr' id='par_1_11' title="bbox 97 3716 1248 3803">
     <span class='ocr_line' id='line_1_34' title="bbox 97 3716 1248 3803; baseline 0.002 -23"><span class='ocrx_word' id='word_1_308' title='bbox 97 3717 164 3782; x_wconf 89' lang='lat' dir='ltr'><strong>illud</strong></span> <span class='ocrx_word' id='word_1_309' title='bbox 181 3716 423 3801; x_wconf 67' lang='lat' dir='ltr'><strong>exemplarium,</strong></span> <span class='ocrx_word' id='word_1_310' title='bbox 447 3719 482 3781; x_wconf 91' lang='lat' dir='ltr'><strong>ad</strong></span> <span class='ocrx_word' id='word_1_311' title='bbox 499 3716 576 3782; x_wconf 89' lang='lat' dir='ltr'><strong>illius</strong></span> <span class='ocrx_word' id='word_1_312' title='bbox 594 3718 749 3782; x_wconf 89' lang='lat' dir='ltr'><strong>adventum</strong></span> <span class='ocrx_word' id='word_1_313' title='bbox 766 3741 857 3803; x_wconf 91' lang='lat' dir='ltr'><strong>nsque</strong></span> <span class='ocrx_word' id='word_1_314' title='bbox 874 3720 904 3783; x_wconf 91' lang='lat' dir='ltr'><strong>in</strong></span> <span class='ocrx_word' id='word_1_315' title='bbox 920 3739 1002 3782; x_wconf 89' lang='lat' dir='ltr'><strong>usum</strong></span> <span class='ocrx_word' id='word_1_316' title='bbox 1020 3717 1194 3796; x_wconf 84' lang='lat' dir='ltr'><strong>adhibitum,</strong></span> <span class='ocrx_word' id='word_1_317' title='bbox 1218 3731 1248 3782; x_wconf 96' lang='lat' dir='ltr'><strong>et</strong></span> 
     </span>
    </p>

    <p class='ocr_par' dir='ltr' id='par_1_12' title="bbox 98 3819 1247 3908">
     <span class='ocr_line' id='line_1_35' title="bbox 98 3819 1247 3908; baseline 0.006 -28"><span class='ocrx_word' id='word_1_318' title='bbox 98 3819 130 3882; x_wconf 92' lang='lat' dir='ltr'><strong>ab</strong></span> <span class='ocrx_word' id='word_1_319' title='bbox 145 3821 214 3906; x_wconf 92' lang='lat' dir='ltr'><strong>ipso</strong></span> <span class='ocrx_word' id='word_1_320' title='bbox 231 3819 297 3902; x_wconf 74' lang='lat' dir='ltr'><strong>lege</strong></span> <span class='ocrx_word' id='word_1_321' title='bbox 313 3819 519 3898; x_wconf 85' lang='lat' dir='ltr'><strong>constitutum,</strong></span> <span class='ocrx_word' id='word_1_322' title='bbox 542 3819 578 3884; x_wconf 90' lang='lat' dir='ltr'><strong>ab</strong></span> <span class='ocrx_word' id='word_1_323' title='bbox 596 3821 754 3906; x_wconf 83' lang='lat' dir='ltr'><strong>eodemque</strong></span> <span class='ocrx_word' id='word_1_324' title='bbox 770 3821 913 3900; x_wconf 88' lang='lat' dir='ltr'><strong>solutum,</strong></span> <span class='ocrx_word' id='word_1_325' title='bbox 938 3832 967 3885; x_wconf 90' lang='lat' dir='ltr'><strong>et</strong></span> <span class='ocrx_word' id='word_1_326' title='bbox 981 3821 1010 3884; x_wconf 93' lang='lat' dir='ltr'><strong>in</strong></span> <span class='ocrx_word' id='word_1_327' title='bbox 1028 3822 1181 3908; x_wconf 80' lang='lat' dir='ltr'><strong>evaugelio</strong></span> <span class='ocrx_word' id='word_1_328' title='bbox 1198 3824 1247 3887; x_wconf 94' lang='lat' dir='ltr'><strong>de·</strong></span> 
     </span>
    </p>

    <p class='ocr_par' dir='ltr' id='par_1_13' title="bbox 99 3919 1397 4008">
     <span class='ocr_line' id='line_1_36' title="bbox 99 3919 1397 4008; baseline 0.004 -24"><span class='ocrx_word' id='word_1_329' title='bbox 99 3945 172 3986; x_wconf 89' lang='lat' dir='ltr'><strong>mom</strong></span> <span class='ocrx_word' id='word_1_330' title='bbox 187 3921 350 4008; x_wconf 89' lang='lat' dir='ltr'><strong>impletum.</strong></span> <span class='ocrx_word' id='word_1_331' title='bbox 395 3919 441 3986; x_wconf 90' lang='lat' dir='ltr'><strong>lta</strong></span> <span class='ocrx_word' id='word_1_332' title='bbox 456 3921 533 3986; x_wconf 88' lang='lat' dir='ltr'><strong>euim</strong></span> <span class='ocrx_word' id='word_1_333' title='bbox 547 3923 596 3986; x_wconf 91' lang='lat' dir='ltr'><strong>ille</strong></span> <span class='ocrx_word' id='word_1_334' title='bbox 614 3922 706 3986; x_wconf 78' lang='lat' dir='ltr'><strong>disits</strong></span> <span class='ocrx_word' id='word_1_335' title='bbox 730 3929 865 3986; x_wconf 75' lang='lat' dir='ltr'><strong>donnas</strong></span> <span class='ocrx_word' id='word_1_336' title='bbox 878 3927 1014 4006; x_wconf 73' lang='lat' dir='ltr'><strong>mestuus</strong></span> <span class='ocrx_word' id='word_1_337' title='bbox 1030 3929 1148 3988; x_wconf 73' lang='lat' dir='ltr'><strong>dominis</strong></span> <span class='ocrx_word' id='word_1_338' title='bbox 1163 3931 1245 3988; x_wconf 76' lang='lat' dir='ltr'><strong>cnon</strong></span> <span class='ocrx_word' id='word_1_339' title='bbox 1255 3932 1397 3988; x_wconf 68' lang='lat' dir='ltr'><strong>merome.</strong></span> 
     </span>
    </p>
   </div>
   <div class='ocr_carea' id='block_1_3' title="bbox 99 4021 1247 4334">
    <p class='ocr_par' dir='ltr' id='par_1_14' title="bbox 99 4021 1247 4334">
     <span class='ocr_line' id='line_1_37' title="bbox 100 4021 1247 4112; baseline 0.005 -28"><span class='ocrx_word' id='word_1_340' title='bbox 100 4027 220 4088; x_wconf 67' lang='lat' dir='ltr'><strong>smdntr&#39;.</strong></span> <span class='ocrx_word' id='word_1_341' title='bbox 268 4021 318 4086; x_wconf 85' lang='lat' dir='ltr'><strong>Ex</strong></span> <span class='ocrx_word' id='word_1_342' title='bbox 337 4045 393 4108; x_wconf 94' lang='lat' dir='ltr'><strong>quo</strong></span> <span class='ocrx_word' id='word_1_343' title='bbox 414 4027 519 4090; x_wconf 87' lang='lat' dir='ltr'><strong>iactum</strong></span> <span class='ocrx_word' id='word_1_344' title='bbox 543 4036 604 4103; x_wconf 91' lang='lat' dir='ltr'><strong>est,</strong></span> <span class='ocrx_word' id='word_1_345' title='bbox 637 4036 667 4090; x_wconf 90' lang='lat' dir='ltr'><strong>ut</strong></span> <span class='ocrx_word' id='word_1_346' title='bbox 682 4027 821 4089; x_wconf 89' lang='lat' dir='ltr'><strong>audacter</strong></span> <span class='ocrx_word' id='word_1_347' title='bbox 837 4026 968 4112; x_wconf 87' lang='lat' dir='ltr'><strong>discipuli</strong></span> <span class='ocrx_word' id='word_1_348' title='bbox 983 4027 1133 4092; x_wconf 86' lang='lat' dir='ltr'><strong>sabbatum</strong></span> <span class='ocrx_word' id='word_1_349' title='bbox 1149 4029 1247 4092; x_wconf 84' lang='lat' dir='ltr'><strong>solve·</strong></span> 
     </span>
     <span class='ocr_line' id='line_1_38' title="bbox 99 4127 1246 4211; baseline 0.003 -23"><span class='ocrx_word' id='word_1_350' title='bbox 99 4139 181 4206; x_wconf 88' lang='lat' dir='ltr'><strong>rent,</strong></span> <span class='ocrx_word' id='word_1_351' title='bbox 205 4127 378 4211; x_wconf 86' lang='lat' dir='ltr'><strong>praesertim</strong></span> <span class='ocrx_word' id='word_1_352' title='bbox 398 4149 462 4192; x_wconf 93' lang='lat' dir='ltr'><strong>eum</strong></span> <span class='ocrx_word' id='word_1_353' title='bbox 477 4139 508 4192; x_wconf 91' lang='lat' dir='ltr'><strong>et</strong></span> <span class='ocrx_word' id='word_1_354' title='bbox 525 4128 695 4192; x_wconf 87' lang='lat' dir='ltr'><strong>sacerdotes</strong></span> <span class='ocrx_word' id='word_1_355' title='bbox 711 4140 779 4193; x_wconf 89' lang='lat' dir='ltr'><strong>aute</strong></span> <span class='ocrx_word' id='word_1_356' title='bbox 794 4129 860 4193; x_wconf 88' lang='lat' dir='ltr'><strong>illos</strong></span> <span class='ocrx_word' id='word_1_357' title='bbox 875 4127 950 4192; x_wconf 87' lang='lat' dir='ltr'><strong>idern</strong></span> <span class='ocrx_word' id='word_1_358' title='bbox 968 4131 1158 4198; x_wconf 77' lang='lat' dir='ltr'><strong>sacrificando</strong></span> <span class='ocrx_word' id='word_1_359' title='bbox 1175 4131 1246 4193; x_wconf 86' lang='lat' dir='ltr'><strong>od&#39;e-</strong></span> 
     </span>
     <span class='ocr_line' id='line_1_39' title="bbox 100 4229 1246 4334; baseline 0.003 -44"><span class='ocrx_word' id='word_1_360' title='bbox 100 4232 249 4314; x_wconf 90' lang='lat' dir='ltr'><strong>rendoque</strong></span> <span class='ocrx_word' id='word_1_361' title='bbox 272 4229 419 4334; x_wconf 66' lang='lat' dir='ltr'><strong>iacerent,</strong></span> <span class='ocrx_word' id='word_1_362' title='bbox 450 4251 487 4294; x_wconf 92' lang='lat' dir='ltr'><strong>ne</strong></span> <span class='ocrx_word' id='word_1_363' title='bbox 508 4231 576 4314; x_wconf 86' lang='lat' dir='ltr'><strong>iuge</strong></span> <span class='ocrx_word' id='word_1_364' title='bbox 597 4230 666 4294; x_wconf 92' lang='lat' dir='ltr'><strong>illud</strong></span> <span class='ocrx_word' id='word_1_365' title='bbox 689 4231 945 4318; x_wconf 89' lang='lat' dir='ltr'><strong>quotidianumque</strong></span> <span class='ocrx_word' id='word_1_366' title='bbox 965 4233 1137 4298; x_wconf 83' lang='lat' dir='ltr'><strong>sacrificium</strong></span> <span class='ocrx_word' id='word_1_367' title='bbox 1155 4231 1246 4295; x_wconf 91' lang='lat' dir='ltr'><strong>inter-</strong></span> 
     </span>
    </p>
   </div>
   <div class='ocr_carea' id='block_1_4' title="bbox 99 4414 1245 4607">
    <p class='ocr_par' dir='ltr' id='par_1_15' title="bbox 99 4414 1245 4607">
     <span class='ocr_line' id='line_1_40' title="bbox 128 4414 1245 4490; baseline 0.002 -20"><span class='ocrx_word' id='word_1_368' title='bbox 128 4416 154 4470; x_wconf 78' lang='lat'><strong>6.</strong></span> <span class='ocrx_word' id='word_1_369' title='bbox 177 4421 251 4470; x_wconf 67' lang='lat' dir='ltr'><strong>Vmbri</strong></span> <span class='ocrx_word' id='word_1_370' title='bbox 267 4415 312 4470; x_wconf 80' lang='lat' dir='ltr'><strong>scol</strong></span> <span class='ocrx_word' id='word_1_371' title='bbox 328 4414 489 4484; x_wconf 81' lang='grc' dir='ltr'><strong>πρόςκαιρον,</strong></span> <span class='ocrx_word' id='word_1_372' title='bbox 514 4434 574 4482; x_wconf 81' lang='lat' dir='ltr'><strong>quoe</strong></span> <span class='ocrx_word' id='word_1_373' title='bbox 595 4421 656 4470; x_wconf 85' lang='lat' dir='ltr'><strong>desi-</strong></span> <span class='ocrx_word' id='word_1_374' title='bbox 722 4419 747 4472; x_wconf 79' lang='lat'><strong>7.</strong></span> <span class='ocrx_word' id='word_1_375' title='bbox 766 4423 823 4473; x_wconf 73' lang='grc' dir='ltr'><strong>σοι.</strong></span> <span class='ocrx_word' id='word_1_376' title='bbox 834 4425 907 4474; x_wconf 81' lang='lat' dir='ltr'><strong>Velie.</strong></span> <span class='ocrx_word' id='word_1_377' title='bbox 918 4425 1009 4485; x_wconf 79' lang='lat' dir='ltr'><strong>plurios</strong></span> <span class='ocrx_word' id='word_1_378' title='bbox 1023 4419 1090 4473; x_wconf 67' lang='grc' dir='ltr'><strong>ἔλυον</strong></span> <span class='ocrx_word' id='word_1_379' title='bbox 1103 4418 1129 4473; x_wconf 80' lang='lat' dir='ltr'><strong>ds</strong></span> <span class='ocrx_word' id='word_1_380' title='bbox 1142 4421 1179 4490; x_wconf 83' lang='grc' dir='ltr'><strong>τῷ</strong></span> <span class='ocrx_word' id='word_1_381' title='bbox 1192 4419 1245 4489; x_wconf 78' lang='grc' dir='ltr'><strong>ναῷ</strong></span> 
     </span>
     <span class='ocr_line' id='line_1_41' title="bbox 99 4485 990 4607; baseline 0.007 -73"><span class='ocrx_word' id='word_1_382' title='bbox 99 4487 211 4607; x_wconf 50' lang='lat' dir='ltr'><strong>‘lm&#39;</strong></span> <span class='ocrx_word' id='word_1_383' title='bbox 230 4489 302 4550; x_wconf 78' lang='lat' dir='ltr'><strong>ootpn</strong></span> <span class='ocrx_word' id='word_1_384' title='bbox 321 4487 347 4536; x_wconf 84' lang='lat' dir='ltr'><strong>ln</strong></span> <span class='ocrx_word' id='word_1_385' title='bbox 367 4489 448 4550; x_wconf 68' lang='grc' dir='ltr'><strong>ιιιιιι,</strong></span> <span class='ocrx_word' id='word_1_386' title='bbox 473 4489 548 4538; x_wconf 66' lang='lat' dir='ltr'><strong>mmet</strong></span> <span class='ocrx_word' id='word_1_387' title='bbox 563 4503 592 4540; x_wconf 78' lang='lat' dir='ltr'><strong>ta</strong></span> <span class='ocrx_word' id='word_1_388' title='bbox 607 4489 658 4539; x_wconf 84' lang='lat' dir='ltr'><strong>cod.</strong></span> <span class='ocrx_word' id='word_1_389' title='bbox 691 4485 720 4541; x_wconf 79' lang='lat' dir='ltr'><strong>nd</strong></span> <span class='ocrx_word' id='word_1_390' title='bbox 738 4485 864 4559; x_wconf 70' lang='grc' dir='ltr'><strong>σάββατον</strong></span> <span class='ocrx_word' id='word_1_391' title='bbox 881 4487 990 4551; x_wconf 59' lang='grc' dir='ltr'><strong>θύοντες.</strong></span> 
     </span>
    </p>
   </div>
   <div class='ocr_carea' id='block_1_5' title="bbox 0 0 1556 4988">
    <p class='ocr_par' dir='ltr' id='par_1_16' title="bbox 0 0 1556 4988">
     <span class='ocr_line' id='line_1_42' title="bbox 0 0 1556 4988; baseline 0 0"><span class='ocrx_word' id='word_1_392' title='bbox 0 0 1556 4988; x_wconf 95' lang='lat' dir='ltr'><strong> </strong></span> 
     </span>
    </p>
   </div>
  </div>
 </body>
</html>
