3096 4988
360 293 499 346 seuseu
517 295 579 348 ure.
593 295 612 348 r.
629 295 710 348 rou.
725 297 756 346 n.
774 295 872 348 unus.
888 295 974 346 xxx.
1186 286 1247 348 295

90 411 249 478 semidam
264 434 332 480 esse
348 413 468 484 vitulam
485 413 642 497 significet,
663 435 738 499 quae
750 415 915 500 nuptiarum
932 415 1000 499 iuge
1015 418 1158 482 cervicem
1173 439 1246 482 een-

89 516 156 580 dnm
173 516 354 582 submiserit.
389 514 500 582 Verum
516 515 583 600 quid
602 515 648 582 lric
664 516 793 602 pluribus
808 517 957 601 disputare
972 538 1095 584 necessse
1110 521 1174 582 cst?
1197 530 1246 584 aut

88 619 158 684 illud
181 619 277 704 ipsum
299 639 548 698 commemorare,
581 620 656 704 qued
679 619 733 684 snb
754 619 862 684 demini
886 641 1011 704 persona
1034 621 1108 684 dixit
1130 619 1241 686 lsaias:

88 725 198 802 Accipe
217 735 388 802 segmentum
410 725 527 784 cdurtue
549 727 669 784 recentis
690 745 724 784 uc
747 726 885 784 mererr's?
929 719 983 786 Ubi
1006 725 1148 806 segmenti
1171 745 1241 790 usus
1255 721 1349 795 sestis,
1363 741 1381 786 r.

88 835 135 888 cst
155 824 314 902 vocabulo,
346 825 421 908 quod
441 825 497 888 etsi
517 845 533 888 c
551 824 629 889 virili
645 825 757 888 semiue
778 835 936 908 propagato
954 824 993 888 sit
1009 825 1111 908 virge,
1143 828 1242 890 eadem

88 938 186 992 tamen
211 927 251 990 sit
273 927 309 992 ab
331 927 456 991 humane
478 927 634 991 concubitu
658 927 841 1011 naturalique
864 926 1011 991 lremiuum
1032 928 1241 993 connsuetudine

86 1031 167 1094 relut
190 1040 285 1094 secta.
331 1025 471 1093 Universi
497 1030 601 1114 quippe
627 1029 758 1094 hemines
786 1051 803 1092 e
827 1029 905 1094 virili
930 1030 1041 1094 semiue
1068 1029 1238 1114 gignuntur.

84 1132 126 1196 m
145 1127 258 1196 Christi
275 1131 428 1215 generatio
449 1132 490 1194 uti
510 1131 684 1196 naturaliter
705 1153 745 1196 ex
765 1132 904 1210 muliere,
934 1127 1030 1196 Maria
1052 1132 1165 1196 scilicet
1181 1133 1241 1196 vir·

85 1235 174 1319 gine,
198 1243 334 1298 naturam
350 1234 433 1298 duxit
451 1232 623 1314 humanam,
653 1235 692 1300 ite
709 1245 825 1320 praeter
843 1245 975 1298 araturam
993 1235 1029 1298 ab
1049 1234 1169 1320 originis
1187 1235 1239 1298 hu·

84 1357 193 1402 manae
213 1335 424 1400 consuetudine
445 1348 561 1400 resecta
580 1349 642 1418 est,
674 1337 701 1400 id
723 1338 797 1421 qued
817 1334 939 1401 lacobus
960 1338 995 1401 de
1020 1358 1055 1401 ee
1074 1337 1240 1424 pronuntiat

84 1441 128 1506 ltis
142 1439 259 1504 uerbis:
274 1443 324 1502 ne
332 1444 471 1520 germine,
480 1441 593 1520 filimi,
610 1444 771 1504 ascendisti.
803 1437 834 1502 N
836 1460 872 1504 cn
887 1439 972 1519 dixit,
987 1444 1015 1502 E
1025 1445 1129 1502 sems'rm
1140 1461 1236 1504 oscen·
1251 1448 1347 1506 ceals,
1356 1451 1375 1495 ι·

83 1547 163 1604 detti.
210 1542 310 1624 Atque
331 1541 440 1606 idcirce
460 1539 553 1606 lsaias
576 1543 735 1626 propheta,
766 1541 830 1604 sire
854 1542 949 1626 petius
970 1538 1065 1606 isaiae
1092 1543 1236 1622 deminus,

83 1645 160 1710 huuc
177 1645 206 1708 in
222 1643 337 1709 medum
354 1643 469 1708 loeutus
486 1653 549 1708 cst:
573 1647 660 1708 Sume
671 1646 725 1706 tr'lr'
739 1648 854 1706 elertoe
866 1657 1047 1726 segmentum.
1095 1641 1162 1727 Quo
1176 1645 1238 1730 qui·

81 1748 146 1812 dem
180 1745 317 1812 usitatum
345 1746 508 1810 homiuibus
535 1746 681 1810 scribendi
708 1769 818 1812 merem
848 1769 883 1810 ec
908 1748 1050 1812 rationem
1078 1747 1235 1832 expressit.

82 1847 149 1934 Quo
165 1849 294 1936 pertinet
309 1849 377 1914 illud
395 1869 411 1912 e
427 1849 537 1934 psalmo
552 1845 783 1914 CXXXVHL:
807 1853 841 1912 In
856 1851 929 1912 lr'dre
945 1863 992 1912 tue
1006 1872 1099 1914 omues
1111 1852 1235 1914 scribere·
1265 1858 1354 1956 ignis

81 1965 146 2014 tur.-
171 1955 462 2037 dressermeluntru',
486 1955 712 2016 etnemor'nr'r's.
758 1949 837 2016 Nam
855 1973 919 2016 cum
936 1951 1009 2017 lilrro
1026 1963 1139 2016 utcrnm
1157 1975 1235 2018 cem·
1310 1943 1317 1969 '
1355 1941 1361 1957 ’

82 2053 210 2139 paravit.
256 2052 429 2140 Propterea,
453 2057 658 2137 Imperfectum,
683 2053 735 2132 ait,
759 2075 846 2118 mcum
864 2059 994 2118 erileruet
1010 2059 1156 2131 costitui,-
1181 2055 1234 2120 hee

81 2169 126 2222 est
137 2157 368 2243 proseminatum
383 2179 428 2222 me
443 2168 596 2242 antequem
610 2158 736 2242 legerer
748 2156 893 2242 regnasti,
911 2157 969 2222 iren
980 2158 1065 2222 etiam
1079 2168 1233 2242 autequam

82 2259 298 2346 proseminatus
322 2261 426 2324 lenem.

167 2358 228 2428 Sed
256 2360 402 2426 Hebraico
426 2385 485 2428 rex
510 2362 680 2449 expressius
707 2362 840 2447 quiddam
867 2372 963 2426 sonat.
1017 2359 1074 2425 Pro
1097 2381 1132 2424 ee
1155 2360 1231 2426 cuim
1249 2357 1341 2479 ,KQ-¹

81 2466 157 2548 qued
183 2465 307 2548 legimus
324 2468 535 2548 Imperfectum,
568 2466 674 2530 habent
695 2466 735 2528 illi
753 2469 862 2539 Gelme,
897 2465 971 2548 quod
990 2464 1064 2528 idere
1084 2473 1232 2550 celatque
1343 2463 1349 2478 '

79 2568 172 2646 alica,
197 2567 262 2632 siue
276 2589 397 2651 granum
414 2568 545 2647 similae,
570 2568 644 2650 qued
661 2567 796 2630 videlicet
812 2567 938 2632 nendum
956 2567 985 2630 in
1003 2587 1106 2652 panem
1126 2567 1234 2632 coaluit

79 2692 113 2734 ac
130 2669 287 2734 subactum
308 2680 370 2750 est,
401 2669 453 2732 sed
471 2691 488 2732 e
506 2679 630 2734 contuse
647 2670 782 2735 frumenti
800 2690 892 2754 graec
910 2670 990 2734 velut
1005 2668 1128 2734 medulla
1146 2690 1233 2754 quae-

80 2774 144 2838 dam
168 2772 316 2850 crassior,
344 2792 379 2836 ac
402 2771 504 2836 minuti
527 2772 630 2838 calculi
653 2772 747 2838 instar
768 2782 825 2836 est.
871 2769 922 2836 Sic
939 2771 1028 2856 igitur
1045 2792 1079 2836 ea
1099 2793 1171 2836 rece
1190 2772 1232 2836 id-

79 2876 173 2962 ipsum
192 2875 267 2958 qued
282 2873 313 2938 in
331 2874 443 2938 semiue
460 2874 584 2938 hominis
601 2876 679 2940 inest
692 2874 868 2940 simillimum
887 2874 1051 2939 accuratius
1069 2875 1233 2962 exprimere

79 2979 194 3057 veluit,
225 2997 290 3041 eum
313 2976 388 3042 dixit
408 2979 618 3060 Imperfectum,
651 2976 679 3042 it
702 2988 748 3042 est
768 2977 893 3043 interme
915 2975 972 3041 iam
996 2988 1054 3042 tum
1075 2999 1115 3042 ex
1135 2988 1231 3057 utcre,

79 3081 136 3145 iero
153 3089 226 3146 ante
243 3089 375 3158 uterum,
400 3084 537 3143 lederent
553 3085 631 3144 eeulr'
648 3087 699 3144 tur'.
745 3079 838 3145 Nevit
853 3079 929 3144 enim
950 3081 1045 3144 emnia
1062 3080 1134 3144 deus
1150 3090 1230 3144 ante·
1243 3091 1381 3148 ”cutm

79 3205 164 3268 quam
187 3182 274 3260 liant,
299 3192 330 3246 ut
347 3192 394 3246 cst
413 3183 564 3268 seriptum.
609 3187 655 3248 Ae
671 3183 736 3248 libri
752 3183 933 3267 segmentive
950 3181 1067 3246 nemine
1083 3192 1230 3246 maternus

80 3297 181 3352 uteres
199 3283 354 3350 iudicatur.
398 3283 505 3369 Neque
519 3305 591 3350 rere
608 3285 647 3349 ita
664 3284 777 3350 locutus
794 3295 853 3348 est:
878 3288 962 3346 Sume
979 3286 1033 3345 tale·
1046 3285 1158 3356 tetrum,
1183 3282 1231 3345 rel

80 3393 164 3452 Sume
180 3389 389 3462 edicturum,
413 3407 516 3452 vernos
535 3400 646 3463 tomum,
672 3387 727 3450 lree
745 3397 791 3450 est
804 3396 998 3469 segmentum,
1021 3394 1139 3470 prepter
1154 3382 1230 3446 illam

80 3513 154 3576 quse
173 3491 206 3554 iu
223 3491 433 3581 epaenetudine
454 3490 600 3554 hominum
621 3500 741 3577 apparet
757 3487 984 3552 similitudinem.
1030 3484 1089 3551 Sed
1111 3485 1227 3564 addidit,

82 3599 216 3670 camme,
241 3603 273 3656 ut
288 3593 364 3658 illem
380 3594 410 3658 in
427 3603 509 3658 utere
526 3594 606 3658 velut
620 3591 765 3656 scribendi
781 3592 839 3654 vim
856 3591 1029 3656 declararet.
1062 3585 1228 3670 Postremo,

81 3701 194 3773 aleres,
220 3695 362 3773 subiecit,
387 3695 423 3760 eb
439 3706 586 3760 recentem
605 3695 831 3778 inviolatumque
848 3693 989 3758 castitatis
1006 3692 1034 3756 iu
1051 3689 1165 3774 virgine
1180 3692 1230 3757 llo-

84 3819 156 3862 rem.
188 3793 299 3882 Magna
317 3797 421 3884 quippe
435 3819 531 3863 ceram
549 3795 727 3882 deoperitur
745 3807 774 3858 ει
788 3795 950 3860 hominibus
963 3793 1059 3860 Maria
1076 3794 1159 3879 virgo
1178 3815 1231 3860 ex·

83 3902 151 3965 titit.
199 3899 275 3984 Quis
301 3900 377 3964 enim
400 3922 458 3964 neu
484 3921 548 3964 eam
572 3919 705 3984 maguam
729 3897 877 3984 praedicet
900 3897 1072 3982 quasillum
1097 3898 1145 3982 qui
1168 3899 1229 3982 capi

86 4005 161 4068 uulle
179 4003 266 4068 mode
283 4013 379 4088 petest
395 4001 522 4089 ceperit,
552 4023 616 4066 eum
637 4002 752 4087 inquam
771 4001 818 4086 qui
837 3999 919 4063 coele
936 4010 1070 4085 terraque
1089 3999 1230 4064 contineri

85 4108 205 4192 nequit?
249 4102 307 4188 Qui
325 4105 464 4170 eiusmodi
481 4127 545 4169 eure
561 4115 655 4184 esset,
680 4116 783 4190 spentc
798 4123 851 4168 sua
869 4103 1083 4182 aurolentam,
1107 4123 1164 4166 een
1180 4121 1230 4165 nc·

87 4211 225 4276 cessitate
248 4207 450 4294 comprehendi
473 4227 507 4271 se
529 4227 632 4292 passus
655 4219 710 4271 est.
755 4205 837 4290 Euge
857 4225 990 4292 maguum
1010 4207 1079 4270 illud
1096 4203 1230 4268 uolumen

89 4323 132 4376 cst
147 4333 184 4376 ae
200 4331 317 4376 recens.
361 4307 503 4392 Magnum
520 4309 556 4374 ob
572 4309 751 4387 miraculum,
771 4329 875 4373 reeens
890 4309 956 4392 qnia
972 4309 1055 4392 virge
1073 4307 1137 4370 tuit.
1170 4301 1231 4370 tte-

90 4413 175 4492 inde,
199 4415 313 4486 Scribe,
337 4411 446 4498 iuquit,
470 4417 499 4473 ia
517 4435 549 4473 eo
565 4415 639 4493 stple
657 4416 784 4474 lemr‘rrr's.
830 4410 899 4475 Non
918 4409 1004 4488 dicit,
1028 4410 1141 4471 Serr'let
1155 4412 1183 4470 r'rr
1199 4432 1231 4470 ee

89 4520 225 4598 quispiam
244 4519 363 4578 homenis
387 4519 477 4598 epte,
509 4535 620 4602 neque,
653 4517 766 4578 Scrr'bet
782 4520 810 4578 r'a
831 4537 861 4576 eo
879 4515 958 4576 lemn
965 4559 975 4588 ,
1008 4529 1044 4574 ne
1064 4531 1146 4602 quam
1164 4511 1231 4583 iude
