3080 5002
272 303 333 364 714
694 312 817 368 smc‘rl
834 311 1006 366 EPIPHANII

271 457 354 498 ναντι
366 433 421 496 τοῦ
434 433 625 515 Περαδείσευ
637 428 840 522 κατῳκηκότα,
863 429 947 507 ὅπως
960 429 1139 516 μνημονεύω
1153 437 1206 516 τῆς
1220 429 1357 519 όγαθῆς,
1382 430 1434 496 διό

270 542 324 617 τῆς
346 535 388 609 είς
409 530 527 616 μνήμην
544 539 698 617 μετανοίας
714 533 832 613 σοι’ζειν,
862 532 1055 624 ἢδυναμένρε
1077 535 1146 618 μὲν,
1176 533 1218 618 μὴ
1235 537 1365 600 ἐλεοῦντα
1390 534 1433 614 δέ,
1524 595 1525 616 ,

273 635 337 703 *δι’
350 636 389 720 ἥν
404 662 465 702 που
482 643 536 701 νῦν
550 640 646 703 αἰτίαν
662 635 728 726 όχρι
742 644 802 702 τοῖν
816 642 1022 720 καταχθονίων
1040 635 1169 722 Χριστός
1182 643 1319 720 κατῆλθε
1362 640 1433 702 Τίνι

269 745 311 827 τῷ
329 735 406 828 λόγῳ
428 737 460 804 τό
482 738 639 826 τριήμερον
655 741 812 822 κοιμηθεὶς
829 738 991 817 πεπενθοίς
1009 738 1128 824 όνέστη,·
1163 745 1238 816 Παῖς
1252 740 1285 804 δέ
1299 745 1430 823 πληροῖ-

269 864 331 920 ται,
342 840 409 906 Ἵνα
424 843 476 908 καί
490 849 602 926 νεκρῶν
621 847 673 908 καί
688 841 806 921 ζεόντων
822 841 978 933 κυριεύσης
1012 847 1116 910 Ποίων
1131 844 1164 909 δέ
1182 842 1298 922 ζεόντων
1313 843 1367 908 ιιαῖ
1383 867 1429 907 νε-

269 952 367 1028 κρῶν,
396 943 456 1009 ἄλλ’
476 944 497 1028 ἢ
519 951 576 1011 τῶν
598 943 763 1036 χρηζόντων
783 952 836 1029 τῆς
858 944 951 1011 αύτεῦ
975 943 1038 1013 όνω
1061 949 1112 1012 καλ
1135 945 1215 1012 κότω
1238 947 1428 1031 ἐπικουρίαςς

274 1054 347 1124 Πῶς
369 1047 402 1114 δὲ
419 1047 499 1114 ἐσται
520 1045 555 1112 τό
574 1045 634 1112 όπό
652 1047 827 1133 φυράματος
844 1046 928 1134 ἅγια,
959 1051 986 1114 εί
1001 1046 1073 1115 αύτό
1095 1047 1128 1115 τό
1147 1047 1272 1135 φύραμα
1289 1045 1346 1113 ούιτ
1368 1049 1430 1113 ἐστι

270 1149 371 1236 όίγιον,
401 1147 443 1226 είς
463 1153 515 1215 καλ
535 1149 617 1238 παρό
640 1157 680 1240 τῷ
701 1149 775 1242 α’γίηι
793 1148 947 1240 όποστόλρι
966 1154 1137 1238 ἐμφίρεταις
1171 1150 1285 1217 Φόσκει
1300 1149 1358 1236 γὰρ
1377 1151 1430 1216 παλ

271 1255 337 1338 περλ
358 1250 442 1329 Εύας
463 1250 482 1319 ό
502 1251 593 1330 αότός
612 1251 774 1330 ἀπόστολος
795 1251 856 1334 ότι,
888 1253 1064 1337 Σωθήσεταε
1086 1251 1136 1320 διό
1158 1260 1210 1337 τῆς
1226 1257 1426 1341 τεκνογονίας,

272 1353 325 1422 ἐόν
346 1359 484 1438 μείνωσιν
506 1359 538 1422 ἐν
558 1360 653 1422 πίστει
670 1359 721 1423 καλ
744 1354 926 1446 δικαιοσύνη.

141 1577 207 1646 Κεφ.
223 1574 254 1634 ς’.
359 1563 419 1626 Καλ
436 1560 527 1628 πολλό
550 1565 610 1628 ἐστι
623 1563 693 1649 περὶ
706 1561 820 1629 τούτων
833 1563 940 1649 λέγειν,
971 1559 1013 1639 είς
1027 1565 1117 1628 παντὶ
1132 1569 1174 1652 τῷ
1191 1561 1310 1628 σύνεσιν
1326 1587 1426 1645 τεκτη-

271 1666 348 1754 μένρε
370 1663 532 1748 φανήσεται
552 1663 573 1748 ἡ
595 1663 751 1752 πρόχειρος
770 1668 941 1749 βλασφημία
961 1667 1013 1730 καί
1030 1667 1214 1750 ἐσκοτωμένη
1231 1663 1354 1731 διάνοια
1374 1673 1424 1731 τοτ’

276 1774 420 1834 Τατιανοῦ
438 1770 489 1834 καί
505 1775 564 1834 τοῖν
582 1765 632 1833 εἶπ’
651 1765 745 1834 αύτοῦ
765 1775 915 1834 Τατιανῶν
932 1769 1130 1852 καλευμένων.
1176 1770 1251 1852 Περί
1268 1760 1313 1834 τόν
1327 1767 1424 1834 συντό-
1526 1797 1527 1836 ;

271 1896 334 1952 μως
348 1869 545 1948 διεξελθόντες
561 1869 597 1936 τό
614 1868 676 1938 κατ’
693 1868 802 1948 αύτούς
816 1869 945 1958 βλαβερᾶ
958 1875 1010 1937 καί
1022 1871 1178 1938 κωνόπων
1189 1875 1279 1954 δίκην
1292 1869 1425 1956 δήγματα

271 1975 369 2038 ἐλαίου
390 1971 501 2055 ίκμιίδα
522 1979 576 2056 τῆς
595 1981 649 2039 τοῦ
666 1977 774 2060 κυρίου
787 1977 982 2050 ,διδασκαλίας
1000 1983 1063 2050 τοῖς
1081 1977 1270 2060 δεδηγμένοις
1288 1970 1351 2038 ύπό
1370 1981 1425 2038 τιῖν

150 2110 201 2155 ηις.
214 2098 258 2143 τοι.
277 2083 423 2146 Τατιανοῖι
436 2073 531 2162 λόγων
544 2077 714 2158 ἐπιθέμενοι
732 2075 880 2159 ἰασόμεθα
895 2075 945 2142 διό
960 2084 1014 2160 τῆς
1027 2084 1079 2142 τοῦ
1095 2081 1202 2160 κυρίου
1216 2073 1363 2160 ἀληθείας
1377 2077 1422 2140 ταί

271 2177 424 2260 δυνάμεως
431 2229 439 2258 ,
469 2175 563 2244 αύτεῦ
579 2180 713 2264 λέγοντος
726 2178 788 2258 ότι,
822 2177 886 2245 Ούκ
904 2172 1001 2262 ἦλθον
1017 2183 1045 2244 εί
1058 2178 1100 2262 μὴ
1117 2181 1159 2256 είς
1172 2177 1206 2245 τό
1222 2175 1422 2265 πρόβατσντδ

270 2283 492 2364 πεπλανημένον
507 2285 592 2347 οίκου
607 2278 728 2366 Ἰσραήλ.
773 2282 830 2348 Διό
847 2285 898 2348 καί
916 2285 948 2348 ἐν
965 2287 1146 2367 παραβολαῖς
1160 2284 1257 2367 ἐλεηεν
1271 2280 1334 2359 ότι,
1355 2279 1422 2345 Ἀν-
1527 2341 1528 2350 ,

270 2383 396 2469 θραπός
411 2409 456 2460 τις
468 2387 639 2468 κατέβαινεν
656 2383 716 2450 όπό
730 2381 916 2470 Ἰερουσαλὴμ
933 2387 975 2461 είς
989 2381 1113 2470 Ἱερεηεί,
1135 2383 1171 2448 ὃν
1188 2382 1227 2466 δὴ
1240 2385 1292 2448 καῖ
1309 2391 1424 2474 λῃσταῖς

270 2496 436 2572 περιπεσεῖν
458 2489 601 2574 θαρρεῖτε,
631 2491 682 2552 ’ίνα
703 2491 783 2577 δείξη
803 2485 836 2552 τό
855 2485 1008 2573 πρόβατον
1029 2489 1077 2552 καλ
1096 2487 1148 2556 τόν
1165 2485 1225 2553 όπό
1239 2483 1420 2570 Ἰερουσαλὴμ

269 2587 507 2678 καταβεβηκότα,
536 2588 589 2658 τόν
609 2587 668 2656 όπό
687 2597 740 2672 τῆς
758 2587 846 2672 δόξης
864 2597 917 2674 τῆς
931 2593 1063 2673 μείζονος
1079 2593 1121 2667 είς
1136 2589 1294 2656 ἐλάττωσιν
1312 2611 1420 2654 κατενε-

269 2694 380 2778 χθέντα
394 2690 509 2758 παλτόν
522 2691 647 2775 ἀπὸιῆς
661 2700 730 2775 μιεῖς
743 2695 861 2776 ἐντολῆς
876 2699 930 2759 τοῦ
945 2695 1025 2760 ίδίου
1039 2695 1181 2785 πριμένος
1193 2690 1419 2759 είπεσττασθέντσ

270 2798 322 2861 καί
337 2798 569 2878 πεπλανημένον.
604 2795 702 2863 Ὅθεν
714 2794 830 2861 παλτόν
844 2793 929 2881 ἅγιον
943 2793 1038 2877 Ἀδελμ
1052 2794 1105 2860 τόν
1118 2798 1230 2878 πατέρα
1244 2797 1277 2862 ἐν
1290 2801 1361 2874 ζεῖσι
1375 2817 1419 2859 τα·

271 2897 477 2980 πιστεύκαμεν·
509 2895 546 2962 δι’
568 2897 602 2964 όν
624 2900 675 2962 καὶ
693 2896 764 2974 τούς
784 2896 835 2964 ἀπ’
850 2895 944 2964 αύτοιῖ
962 2893 1042 2991 ἡμεῖς
1060 2896 1175 2974 πάντας
1194 2895 1325 2984 Χριστός
1340 2890 1418 2980 ἦλθε,
1528 2953 1529 2964 ,

270 3009 333 3077 τοῖς
353 3001 406 3082 μέν
423 2998 514 3065 πόλει
530 2997 621 3066 αύτόν
637 2999 815 3085 γενοίσκουσι
838 3003 890 3066 καλ
917 2998 958 3083 μὴ
975 3009 1168 3084 πλανηθεῖσιν
1184 2997 1243 3065 όπό
1264 3007 1320 3084 τῆς
1334 2997 1418 3066 αύτοῦ

269 3102 423 3186 θεότητος,
446 3105 542 3168 ένεκεν
555 3103 588 3168 δέ
603 3101 781 3185 σφαλμάτων
800 3105 832 3169 ἐν
846 3099 930 3192 Ἅιδη
947 3105 1180 3186 κατεσηημένεες,
1202 3100 1419 3186 όμνηετίανητ-

270 3211 428 3288 ρίσασθαι,
456 3213 519 3281 τοῖς
540 3205 592 3287 μίν
614 3207 655 3270 ἐτι
677 3208 709 3272 ἐν
723 3204 826 3294 κόσμῳ
844 3202 895 3270 διό
913 3208 1085 3289 μετανοίας,
1113 3213 1176 3281 τοῖς
1191 3205 1225 3270 δέ
1241 3207 1273 3270 ἐν
1288 3201 1372 3294 Ἅιδη
1389 3200 1419 3268 δι’

270 3309 370 3384 ίλίους
390 3309 442 3373 καλ
462 3311 615 3393 σωτηρίας.

237 3416 254 3472 ’.
357 3408 413 3476 Διό
428 3413 480 3476 καὶ
495 3409 651 3492 θαυμείσαι
664 3412 724 3476 ἐστι
737 3408 790 3475 τόν
805 3408 919 3489 είδότα,
942 3407 983 3486 τός
997 3411 1049 3476 καὶ
1066 3413 1098 3476 ἐν
1113 3413 1226 3494 βίβλοις
1240 3407 1420 3496 ηύρῆταμνν,

228 3569 234 3582 .
270 3509 322 3580 τόν
339 3511 445 3598 κύριον
466 3510 552 3596 ἡμῶν
566 3509 680 3595 Ἰησοῦν
698 3511 827 3598 Χριστόν
847 3515 880 3578 ἐν
898 3517 939 3600 τῷ
958 3519 1095 3601 Γολμεθρῖ
1117 3515 1341 3596 ἐσταυρῶσθαι,
1370 3510 1421 3579 ούτ

270 3613 341 3705 ύλλη
364 3641 439 3695 που,
471 3613 529 3680 ἄλλ’
547 3614 568 3700 ἢ
585 3618 662 3682 ἔνθα
678 3617 773 3682 ἔκειτο
788 3612 822 3680 τό
841 3621 894 3680 τοῦ
910 3612 1003 3698 Ἀδόμ
1019 3622 1112 3698 σῶμα.
1154 3611 1302 3692 Ἐξελθαόν
1320 3616 1421 3702 μόρέκ

269 3724 323 3784 τοῦ
343 3720 548 3803 Παραδείσου,
581 3720 630 3784 παλ
652 3717 833 3806 κατρικηκοίς
853 3718 1006 3784 κατέναντι
1026 3715 1236 3807 αύτοῦιπελλρῖ
1257 3725 1302 3806 τῷ
1321 3717 1422 3804 ηρόνηι,

271 3822 321 3886 καλ
339 3819 390 3886 διό
408 3828 523 3886 πολλῶν
543 3829 603 3887 τοῖν
624 3817 743 3907 ἦμερεῖν
763 3817 907 3900 διελθεῖν,
929 3818 1053 3905 ὕστερον
1073 3813 1149 3904 ἦλθε
1162 3822 1214 3885 καί
1234 3821 1268 3885 ἐν
1281 3827 1323 3909 τῷ
1344 3820 1424 3908 τότερι

271 3922 385 4013 τούτῳ,
407 3919 616 4009 Ἰεροσολύμων
631 3925 665 3989 δέ
680 3949 774 4006 φημι,
795 3921 828 3987 τό
843 3921 935 4007 χρεόν
949 3919 1148 3999 όποδεδεικείς
1160 3925 1212 3988 καλ
1225 3925 1318 3988 ίκεῖσε
1331 3921 1424 4004 ἐτύφη

271 4027 304 4090 ἐν
325 4033 367 4115 τῷ
385 4025 468 4115 τόπῳ
491 4033 533 4116 τῷ
550 4032 696 4114 Γελγοθᾷ.
731 4024 828 4090 Ὅθεν
846 4024 966 4101 είκότεις
987 4023 1021 4090 τό
1038 4025 1195 4108 ἐντείνομεν
1212 4022 1340 4102 ότόπες
1353 4027 1423 4108 ἐσηι,

274 4133 408 4213 Κρανίου
425 4127 658 4214 ἐρμηνευόμενος
674 4126 781 4207 τόπος,
810 4121 847 4211 ἧς
862 4124 1022 4210 όνεμασίας
1037 4127 1070 4194 τό
1086 4133 1182 4212 σχῆμα
1196 4133 1251 4193 τοῦ
1265 4126 1365 4194 τόπου
1379 4131 1425 4210 ἐμ-

274 4230 395 4316 φέρειόν
415 4257 479 4296 τινα
499 4230 552 4316 ούχ
573 4230 789 4298 ὑποδείκνυσιν.
837 4227 913 4296 Ούτε
933 4229 989 4318 μόρ
1012 4233 1043 4296 ἐν
1064 4229 1141 4320 όκρρ
1163 4232 1219 4296 τινλ
1238 4237 1349 4310 κεῖται,
1376 4233 1424 4296 ἰ’να

304 4413 329 4469 4.
346 4421 460 4484 Βενιαμεῖ
475 4419 508 4476 δι’
523 4419 555 4489 ῆν
569 4441 616 4477 που
631 4423 687 4482 νῦν,
705 4437 758 4474 cum
772 4425 826 4474 libn'
860 4421 971 4474 Chn'stus
998 4421 1031 4473 nd
1055 4423 1150 4474 ἰαῖεεοι
1177 4437 1253 4490 ωριτε
1280 4419 1418 4474 descendit.

270 4501 347 4538 omnes
364 4489 472 4538 haberent
493 4485 526 4543 δι’
546 4485 579 4558 ἣν
600 4491 643 4544 τοῦ
663 4492 712 4542 νῦν.
749 4493 827 4542 Verte:
863 4494 991 4542 Οοεπαελυε
1004 4495 1086 4542 vertit:
1102 4491 1139 4540 oh
1153 4507 1225 4558 quam
1238 4489 1316 4557 igitur
1327 4505 1420 4540 ειατιια

272 4571 320 4622 qua
345 4569 434 4618 nempe
464 4573 534 4607 εαωα
562 4561 644 4624 (intell.
669 4557 712 4610 τοῦ
737 4556 826 4625 ἐλεεῖν)
863 4558 973 4609 Christus
996 4575 1072 4626 αιηιιε
1096 4559 1129 4610 nd
1150 4557 1250 4610 ἰαῖεεαε
1272 4555 1419 4610 deseendit?
