3072 4986
288 297 329 360 32
543 318 553 343 ·
709 310 832 364 εειιοτι
849 311 1020 366 nummu

287 434 370 506 σθαι,
391 428 443 494 καλ
458 423 509 492 τίετ’
524 423 616 512 άρχῆς
631 427 685 510 μέν
702 423 753 492 διά
766 434 819 510 τῆς
832 433 887 493 τοῦ
901 425 994 510 Ἀδάμ
1010 433 1174 512 παρακοῆς,
1196 431 1295 494 ἔπειτα
1315 429 1373 495 ’δέ
1387 427 1435 496 διδ

286 537 341 612 τῆς
355 535 409 596 τοῦ
426 525 506 594 mv
522 526 766 609 άδελφοκτονίας,
787 536 843 595 νῦν
861 529 909 607 δέ,
931 532 964 596 ἐν
978 529 1098 616 χρόνοις
1117 537 1172 596 τοῦ
1188 529 1281 618 Ἰάρεδ
1301 533 1353 598 καί
1373 533 1435 598 ἐπέ-

286 656 385 711 κεινα,
407 635 576 716 φαρμακεία
600 633 673 696 8καί
698 636 818 716 μοιχεία,
843 629 1014 717 9άσέλχειυ,
1036 637 1148 716 μοιχεία
1170 639 1244 698 ιοτε
1257 635 1308 698 καί
1328 630 1434 698 άδικία.

291 731 338 798 Οῦ
353 731 455 818 χνῶμη
470 759 515 809 τις
533 733 630 818 έτίρα,
654 729 690 799 οῦ
705 732 777 810 δόξα
794 736 1023 818 μετηλλαχμένη,
1045 731 1114 800 άλλά
1137 738 1190 817 μία
1208 734 1366 820 ιιγλῶσσα
1387 736 1436 800 καί

286 836 369 922 γένος
381 839 417 901 έν
431 837 481 902 ίπλ
493 842 548 920 γῆς
563 831 627 900 κατ’
642 837 737 901 έκεῖνο
753 843 860 920 καιροῦ
876 837 1068 920 ἐσπαρμένον.
1115 834 1216 926 Τούτρι
1235 837 1267 902 δέ
1287 844 1329 926 τχῦ
1343 834 1435 922 Ἰάρεδ

286 941 395 1024 γίνεται
418 945 489 1012 παῖς
510 935 640 1019 ιοῦνομα
662 934 770 1019 Ἐνοδχ,
792 935 828 1012 δς
850 934 1023 1021 εῦηρέστησε
1042 943 1084 1025 τῶ
1103 945 1182 1026 θεῷ,
1203 941 1255 1004 καί
1276 935 1330 1022 οῦχ
1352 935 1435 1023 ηύρί·

287 1061 381 1106 σκετο.
414 1039 574 1120 Μιτέθηκε
588 1036 643 1124 γάρ
659 1036 750 1104 αύιδν
766 1036 785 1104 0‘
799 1037 889 1117 θεδς,
911 1037 1035 1105 καλοῦν
1050 1037 1261 1107 είδεθύνατου.
1298 1037 1389 1123 Ἐνῶχ
1404 1041 1436 1104 δέ

286 1147 373 1229 γεννᾷ
389 1137 441 1207 τύν
453 1139 659 1219 Μαθουσάλα,
676 1140 870 1207 Μαθουσάία
883 1138 935 1226 τάν
946 1139 1061 1224 Λάμεχ,
1079 1140 1183 1227 Λάμεχ
1198 1139 1251 1208 τδν
1266 1147 1346 1208 Νῶε.
1375 1145 1435 1208 Καί

286 1241 372 1327 ἦτσῦ
387 1249 464 1308 θεοῦ
477 1241 675 1327 δικαιοκρισία
687 1241 893 1326 κατακλυσμῶν
909 1241 1020 1318 ῦδατος
1034 1245 1211 1330 ίπενέχκασα
1224 1249 1262 1333 τῇ
1276 1245 1435 1332 οἰκουμένῃ

286 1351 386 1412 πᾶσαν
406 1343 502 1428 σάρκα
524 1341 696 1428 άνθρῶπεον
710 1370 740 1410 τε
757 1347 808 1410 καί
823 1351 882 1410 τῶν
901 1343 995 1410 ῦλλοον
1016 1343 1187 1428 ἐξήλειψεν,
1210 1345 1336 1426 ἐφύλαξε
1359 1345 1436 1410 ηδέ

286 1449 319 1514 ἐν
332 1445 455 1532 λα’ρυακι
469 1442 519 1510 διά
535 1445 757 1533 προςτάχματος
768 1444 822 1512 νύν
836 1452 918 1526 Νῶε,
937 1443 1170 1530 εύαρεστησαντα
1185 1448 1314 1514 ἐνοίκων
1329 1445 1434 1525 αύτοῦ,

285 1551 338 1616 καί
355 1545 478 1632 εύρύντα
499 1545 598 1632 χάριν,
627 1546 719 1616 αύεύυ
746 1555 819 1613 Ητε
837 1545 891 1614 τδν
914 1551 1175 1634 προδιδηλοιμένον
1200 1556 1271 1616 Νῶε
1291 1551 1340 1615 καί
1361 1548 1435 1624 τοῦς

185 1668 269 1726 μμ
285 1659 364 1736 τρεῖς
376 1648 463 1726 υίοῦς
479 1645 588 1729 αύτοῦ,
609 1646 695 1732 Σήμ,
720 1647 807 1732 Χάμ,
824 1647 945 1731 Ἰάφεθ,
966 1647 1020 1733 τήν
1034 1675 1064 1714 τε
1079 1653 1157 1716 ίδίαν
1173 1649 1298 1736 σύζυγον
1312 1653 1362 1716 καί
1376 1658 1436 1716 τῶν

286 1759 377 1835 τριῶν
397 1755 473 1818 υἱῶν
491 1749 546 1827 τάς
567 1759 645 1835 τρεῖς
660 1760 817 1836 γυναῖκας,
840 1751 911 1828 ῶςτε
933 1749 1103 1834 άνθρῶπων
1125 1751 1225 1835 ψυχάς
1245 1750 1323 1818 ύκτῶ
1344 1755 1378 1819 ἐν
1398 1759 1434 1842 τῇ

285 1851 352 1921 τότε,
363 1850 489 1938 λάρνακι
505 1850 712 1918 διασῶσασθαι
732 1851 792 1920 άπδ
807 1861 861 1921 τοῦ
877 1855 986 1932 ῦδατος
998 1861 1053 1920 τοῦ
1067 1861 1284 1937 κατακλυσμοῦ,
1305 1855 1357 1920 καί
1373 1851 1433 1920 άπδ

285 1952 397 2032 παντύς
414 1956 520 2040 γένους
538 1961 687 2038 14θηρῶν
704 1979 736 2021 τε
750 1958 802 2021 καί
816 1955 913 2038 ζῶον,
942 1963 1057 2038 κτηνῶν
1073 1980 1103 2020 τε
1117 1958 1169 2021 καί
1187 1961 1247 2022 τῶν
1267 1954 1361 2022 ἄλλον
1375 1963 1435 2022 τῶν

288 2058 339 2124 ἐπί
360 2063 430 2142 γῆς,
457 2053 535 2142 πρδς
557 2055 695 2123 σύστασιν
718 2056 808 2122 πάλιν
833 2065 887 2141 τῆς
913 2061 945 2124 ἐν
968 2057 1068 2148 κάσμφ
1094 2055 1212 2123 πάντων
1235 2054 1434 2136 ύιτοστιίσεας,

291 2156 396 2225 ηα’πύ
419 2185 509 2226 τινοιν
530 2159 583 2240 μέν
609 2157 666 2224 δύο
691 2156 764 2238 δύο,
791 2157 851 2226 άπδ
874 2161 906 2225 δὲ
931 2159 1024 2226 άλλοιν
1045 2158 1119 2226 ἐπιδ
1139 2157 1220 2226 ἑπτά.
1272 2162 1334 2225 Καί
1355 2159 1434 2226 οῦτοι

287 2268 423 2348 παρῆλθε
444 2259 550 2343 δεκάτη
573 2257 656 2347 γενεά
682 2258 763 2326 1θδῖ
785 2264 860 2327 ἐτῶν
886 2267 1029 2345 διςχιλίαν
1051 2265 1210 2328 διακοσίων
1228 2261 1434 2344 ἐξηκονταδύο.

288 2367 350 2430 Καί
374 2361 393 2432 o‘
411 2360 616 2446 κατακλυσμδς
635 2365 797 2443 πέπαυται,
819 2365 871 2430 καί
886 2371 956 2429 Νῶε
974 2366 1022 2429 καί
1046 2361 1064 2429 o‘
1084 2361 1177 2430 αύτοῦ
1195 2359 1277 2440 οίκσς
1294 2367 1435 2446 λείψανον

279 2472 328 2555 ιτρῖ
345 2465 446 2555 κύσμφ
464 2467 667 2551 Ηγεγένηται.
713 2463 807 2532 Ούποι
826 2466 859 2531 δέ
883 2468 1108 2550 ιίίτεροδοξία,
1130 2461 1186 2532 οῦκ
1207 2467 1299 2542 έθνος
1317 2491 1345 2530 τι
1367 2469 1431 2532 δια·

287 2567 469 2652 φερόμενον,
492 2564 548 2633 οῦκ
562 2565 657 2649 ὄνομα
671 2569 827 2650 αἱρέσεως,
849 2565 906 2632 ἄλλ’
925 2566 1039 2635 ιθοιίδέ
1059 2571 1285 2652 είδολολαιρείκ
1312 2563 1434 2650 Ἐπειδὴ

287 2671 320 2736 δέ
341 2673 463 2745 ἕκαστος
487 2666 659 2752 άνθροίποιν
681 2672 742 2757 ίδίρι
765 2667 867 2759 χνῶμη
889 2672 1007 2753 ἐστοίχει
1028 2668 1134 2753 (νύμος
1154 2665 1210 2754 γάρ
1236 2665 1324 2744 20είς
1344 2663 1435 2734 οῦδα,

287 2778 346 2855 μοῦ
368 2771 536 2856 ἐτύγχανεν,
558 2772 678 2848 ἕκαστος
696 2770 750 2856 γάρ
768 2774 862 2859 ἐαυτῷ
877 2770 969 2855 νόμος
984 2775 1106 2858 ἐγίνετο,
1126 2772 1179 2837 καί
1197 2777 1234 2860 τῇ
1252 2773 1313 2858 my
1329 2768 1434 2859 χνοίμρ

287 2875 439 2959 ἐστοίχει),
461 2879 495 2920 ²¹
507 2869 613 2949 καθῶς
633 2872 714 2959 παρά
735 2879 776 2961 τῷ
799 2870 951 2963 άποστύλφ
967 2871 988 2957 ἦ
1003 2880 1120 2958 χρῆσις,
1148 2869 1185 2938 οῦ
1205 2870 1298 2954 μόνον
1316 2875 1433 2957 Βαρβα-

287 2981 411 3061 ρισμοῦ,
439 2972 510 3040 άλλά
531 2976 583 3040 καί
604 2981 664 3040 τῶν
687 2972 795 3053 ῦλλιον,
822 2976 896 3057 φησί
916 2973 988 3060 γάρ,
1017 2973 1112 3040 ΜἘν
1137 2979 1255 3062 Χριστῷ
1277 2971 1373 3057 Ἰησοῦ
1396 2970 1435 3038 ού

286 3075 451 3162 βάρβαρος,
472 3074 509 3142 ού
523 3078 667 3158 Σκύθης,
689 3073 741 3160 οῦχ
750 3075 879 3159 Ἕλλην,
907 3074 963 3142 ούκ
979 3075 1138 3155 Ἰουδαῖος,
1160 3113 1202 3128 -
1224 3073 1436 3162 Βαρβαρισμδς

286 3179 352 3248 τότε
367 3181 495 3246 ἐκαλεῖτο
511 3181 544 3244 ἐν
559 3187 624 3254 ταῖς
638 3179 711 3243 δέκα
725 3187 837 3263 γενεαῖς
850 3184 904 3244 τοῦ
916 3177 1024 3264 χρόνου
1040 3175 1073 3243 vo*
1090 3176 1257 3261 ἐπώνυμον.
1297 3175 1385 3242 Mn&
1402 3177 1436 3242 δέ

286 3281 337 3350 νῦν
354 3277 559 3364 κατακλνσμδν
575 3278 732 3362 ἐπιστάσης
751 3286 803 3363 τῆς
817 3278 964 3364 λάρνακος
981 3286 1036 3345 τοῦ
1051 3285 1121 3346 Νῶε
1140 3283 1172 3346 ἐν
1191 3288 1253 3357 τοῖς
1271 3276 1351 3363 ῦρεσι
1370 3287 1436 3353 τοῖς

286 3381 412 3471 Ἀραρδτ
437 3379 496 3449 άνδ
526 3384 614 3466 μέσον
636 3380 795 3468 Ἀρμενίαν
816 3384 868 3448 καλ
896 3388 931 3430 ²⁸
946 3383 1109 3465 Καρδυέιον
1131 3385 1163 3448 ἐν
1184 3389 1226 3470 τῷ
1251 3387 1289 3428 2⁴
1302 3378 1434 3466 Λουβάρ

288 3483 351 3568 ῦρει
367 3489 553 3575 καλουμένῳ,
580 3485 671 3551 ἐκεῖσε
687 3490 851 3570 ’ὓπρῶτον
871 3488 1039 3568 κατοίκησις
1060 3487 1167 3568 γίνεται
1182 3479 1254 3566 μετά
1270 3480 1323 3548 νῦν
1343 3508 1434 3548 κατα-

288 3585 417 3668 κλυσμύυ
434 3597 493 3656 τῶν
507 3584 694 3673 άνδρῶπων,
715 3583 803 3652 κάκεῐ
818 3584 938 3668 φυτεύει
960 3583 1118 3671 άμπελῶνα
1132 3589 1202 3650 Νῶε
1225 3580 1244 3650 δ
1264 3581 1435 3668 προφήτης,

290 3687 421 3771 οἰκιστής
444 3714 475 3754 τι
497 3695 602 3775 γίνεται
623 3695 676 3755 τοῦ
696 3688 799 3756 τύπου.
845 3692 979 3754 Γίνονται
1000 3689 1032 3754 δέ
1054 3697 1117 3764 τοῖς
1138 3685 1230 3752 αύτοῦ
1253 3687 1356 3752 παισίν
1380 3683 1435 3769 (ού

288 3789 344 3877 γάρ
360 3791 403 3855 ίτι
420 3788 511 3855 αύτδν
525 3794 660 3873 ἐμφαίνει
677 3792 892 3879 γεγεννηκέναι)
912 3795 1016 3868 παῖδες
1033 3792 1084 3855 καί
1103 3792 1218 3856 παίδων
1234 3791 1354 3867 παῖδες,
1376 3789 1436 3863 ἔοις

290 3894 423 3976 πέμπτης
450 3897 549 3976 γενεᾶς
574 3896 648 3960 ἐτῶν
672 3896 829 3974 έξακοσίαν
854 3891 1133 3976 πεντηκονιαιυυία,
1163 3890 1254 3978 πάρεξ
1277 3897 1331 3956 τοῦ
1352 3889 1433 3971 Σήμ.

321 4133 346 4188 7.
363 4133 393 4188 δδ
409 4149 454 4185 σοι.
469 4135 521 4184 cod.
537 4136 611 4183 ῖιιιιε.
911 4134 951 4186 12.
969 4133 998 4188 δέ
1015 4135 1066 4185 cod.
1085 4137 1159 4184 vemt
1196 4135 1268 4195 ίυίρο
1282 4147 1319 4184 τε.

321 4202 346 4254 E
364 4200 408 4254 καὶ
425 4217 469 4252 σοι.
484 4204 535 4252 cod.
550 4203 625 4252 Venet.
911 4203 950 4254 13.
967 4219 995 4254 τε
1012 4201 1062 4253 τοί.
1081 4203 1156 4252 Vena.
1193 4201 1264 4264 ίυίρο
1280 4195 1318 4252 θλ.

321 4267 346 4322 9.
366 4265 487 4336 άαίλχιιιι
503 4283 548 4320 σοι.
565 4271 616 4320 αοιλ
632 4272 707 4320 Venti.
910 4269 949 4322 14.
967 4269 1061 4335 θηρίων
1078 4271 1130 4320 τοῦ.
1144 4272 1220 4320 mee.

307 4338 346 4390 10.
362 4353 391 4389 τι
407 4351 453 4388 om.
469 4339 519 4388 σεδ»
535 4339 610 4387 Υιιιιι.
627 4365 660 4376 -
684 4339 789 4388 Furtum
804 4353 841 4388 n·
911 4339 949 4388 15.
966 4333 1016 4390 α’τιδ
1031 4336 1148 4390 πετεινῶν
1164 4333 1209 4401 μλυ
1225 4337 1275 4386 σαί
1293 4338 1366 4385 Vm&

286 4407 420 4470 ponendum
441 4409 474 4455 ιιι
503 4405 651 4470 φαρμακεία
673 4402 717 4456 καὶ
738 4404 841 4472 μαγείρ,
910 4403 948 4457 16.
966 4401 999 4459 δι’
1016 4421 1061 4456 om.
1077 4407 1128 4455 αοδ.
1146 4407 1201 4456 Vm.

289 4469 422 4594 άαιλγείιρ,
447 4472 546 4542 μοιχείᾳ
562 4487 591 4525 τι
607 4459 652 4526 κοιλ
668 4467 763 4540 ἀδικίᾳ.
909 4471 946 4524 17.
965 4475 1076 4536 δαιμλιοτ
1095 4476 1121 4524 αι
1142 4473 1194 4524 eod.
1210 4475 1264 4524 Υικ.
1286 4476 1365 4522 ιτεατι
1388 4461 1435 4536 γέ-

323 4539 362 4593 λί.
411 4541 480 4595 ῶπα
500 4543 551 4593 σαί
566 4542 639 4594 Vm
873 4539 997 4610 χίιηιται
