3100 4984
371 303 618 356 renuntietur.
636 303 762 356 noua.
779 302 1006 356 unsaxxxu.
1200 289 1264 354 ³97

107 437 194 488 tatem
210 445 294 499 noro,
328 424 481 488 manifeste
499 426 606 488 latetur
624 445 692 488 esse
711 423 784 488 baec
802 443 877 508 quae
895 423 1041 509 proposita
1060 434 1128 488 sunt
1145 425 1263 490 omuino

107 528 251 607 nonliota,
281 547 372 612 seque
391 527 506 592 fabulae
524 525 591 590 buic
607 527 781 614 imposuisse
798 525 916 590 nomina
935 547 1009 610 qaae
1027 527 1062 589 ab
1081 527 1198 592 nemine
1214 527 1266 592 ba-

106 641 213 696 ctenus
234 641 372 718 usurpata
394 633 520 696 inerant.
556 617 754 714 'Proindeque
776 629 883 693 nemini
903 629 1019 694 dubium
1040 640 1083 694 εει
1102 630 1170 714 quin
1191 631 1263 696 haec

105 734 158 798 ille
173 735 295 820 primum
314 733 467 812 indiderit,
492 755 526 798 ac
543 733 600 798 uisi
619 732 728 820 ipsein
745 732 804 796 vita
821 732 972 796 extitisset
988 731 1161 816 aliquando,
1186 735 1264 798 reri·

104 848 155 901 tas
169 837 268 922 utique
283 837 402 922 proprio
416 837 533 902 nomine
549 837 678 928 caritura
695 835 793 898 luerit.
832 833 909 921 Quid
923 834 1012 920 igitur
1027 835 1161 920 probibet
1175 837 1263 900 alium

105 939 267 1024 quemlibet
282 940 311 1004 in
327 941 427 1006 eadem
443 940 565 1014 materia
582 949 662 1003 certa
679 937 819 1002 vocabula
835 938 1034 1002 constituere?
1078 936 1178 1021 Quare
1195 960 1263 1004 san-

104 1053 173 1106 ctus
191 1043 345 1130 episcopus
365 1041 526 1122 irenaeus,
558 1051 591 1106 ut
608 1041 753 1122 diximus,
785 1041 905 1106 ridicula
929 1042 1068 1126 quaedam
1091 1041 1209 1106 nomina
1229 1065 1263 1106 ae

103 1167 162 1232 per
175 1146 268 1211 iocum
284 1169 301 1210 a
316 1147 414 1232 seipso
429 1143 588 1232 composita
603 1143 731 1222 subiicit,
757 1155 891 1230 tanquam
908 1143 1021 1208 illorum
1037 1144 1122 1228 nugis
1139 1166 1263 1210 consen-

103 1260 213 1329 tanea,
246 1249 407 1313 cuiusmodi
426 1258 495 1312 suut
510 1268 654 1334 peponum
671 1268 705 1310 ac
723 1246 938 1310 cucurbitarum
955 1256 1004 1310 aut
1022 1247 1260 1332 colocyutbarum

102 1373 235 1438 ςειιειε,
261 1374 383 1438 quorum
401 1350 612 1439 appellationes
629 1350 718 1414 certis
735 1349 824 1414 rebus
841 1349 988 1428 attribuit3
1019 1349 1046 1413 id
1064 1350 1139 1434 qnod
1156 1353 1261 1418 eruditi

103 1453 240 1519 homines
264 1455 349 1520 facile
372 1477 413 1520 cx
435 1454 472 1518 iis
494 1474 569 1538 quae
591 1463 679 1516 antea
701 1451 827 1537 legerint
848 1453 1093 1517 animadvertent.

189 1553 328 1622 Ceterum
343 1557 475 1622 nonnulli
489 1577 527 1620 ex
539 1557 597 1621 illis
610 1556 731 1641 primam
746 1566 832 1640 atque
845 1556 1075 1640 antiquissimam
1090 1552 1260 1642 Ogdoadem
1279 1563 1339 1632 cap.
1350 1565 1402 1618 vlt.

104 1660 189 1726 bisce
207 1661 372 1726 nominibus
388 1659 561 1745 insigniunt.
605 1656 733 1724 Primam
751 1659 829 1722 enim
846 1679 912 1722 esse
930 1669 1061 1724 statuunt
1076 1656 1259 1742 Proarcben,

102 1763 163 1828 boc
184 1775 231 1828 est
252 1763 374 1849 primum
398 1763 526 1828 omnium
543 1759 738 1847 Principium,
771 1773 830 1827 tum
848 1761 1073 1840 Auennoe'tum,
1104 1762 1168 1827 sive
1185 1766 1260 1849 quod

103 1865 302 1951 intelligentia
316 1865 378 1950 capi
393 1887 450 1930 non
466 1875 573 1949 potest,
590 1863 706 1929 tertium
721 1862 943 1950 inexplicabile,
961 1876 1092 1950 quartum
1102 1865 1260 1946 Acratum,

101 1970 134 2032 id
152 1979 199 2032 est
213 1979 362 2055 aspectum
379 1968 505 2052 lugiens.
551 1964 611 2030 lam
627 1988 644 2030 a
660 1964 808 2032 Proarche
824 1967 916 2053 primo
932 1989 966 2032 ae
981 1968 1082 2052 quinto
1097 1969 1161 2033 loco
1176 1967 1261 2034 Prio-

102 2069 213 2158 cipium
231 2082 380 2138 exortum.
426 2067 620 2156 APrincipio
635 2091 724 2148 vero,
749 2071 824 2154 quod
840 2069 1048 2135 Anennotitum
1065 2082 1189 2149 vocent,
1213 2093 1261 2136 se-

103 2174 203 2238 eundo
216 2186 362 2260 sextoque
376 2175 442 2240 loco
456 2175 625 2260 productum
641 2172 858 2260 Anatoleptum,
882 2173 938 2238 boo
951 2184 996 2238 est
1011 2174 1260 2260 incomprebensi-

101 2277 177 2342 bile.
222 2277 270 2341 At
288 2277 487 2363 inexplicabili
507 2276 611 2342 deinde
629 2276 718 2340 tertio
735 2276 800 2340 loco
819 2297 855 2341 ac
871 2276 994 2362 septimo
1010 2277 1258 2357 Anonomastum,

101 2381 170 2446 sire
186 2377 409 2444 lnnominabile.
456 2375 581 2444 [lemum
597 2379 633 2444 ab
649 2380 763 2444 Aoruto
780 2380 979 2465 Agenoetum,
1002 2379 1065 2444 sire
1081 2376 1257 2464 lngeuitum,

101 2483 249 2568 prodiisse
271 2483 382 2568 primae
403 2482 482 2548 illius
506 2480 655 2567 Ogdoadis
678 2481 931 2567 complementum.
978 2480 1040 2546 llas
1063 2481 1103 2546 illi
1125 2479 1259 2546 Virtutes

100 2597 174 2652 ente
191 2583 311 2672 Bython
328 2607 363 2648 ao
379 2582 472 2670 Sigen
490 2585 626 2650 extitisse
643 2595 782 2663 censent,
806 2595 838 2650 ut
855 2584 992 2670 perlectis
1009 2584 1200 2670 perlectiores
1216 2595 1259 2648 at·

100 2709 161 2774 que
189 2687 420 2772 intelligentibus
444 2687 688 2771 intelligentiores
716 2708 783 2752 esse
807 2687 972 2752 videantur.
1018 2682 1046 2752 0
1071 2687 1259 2774 sagacissimi

100 2790 318 2876 vanissimiqne
331 2789 495 2876 sophistae!
538 2787 590 2855 Sic
608 2790 684 2854 enim
700 2811 752 2855 eos
769 2791 833 2854 iure
848 2791 989 2876 quispiam
1005 2791 1140 2876 appellet.
1180 2787 1258 2856 Nam

99 2894 185 2958 etde
199 2891 298 2980 Bytho
314 2892 411 2978 plures
424 2903 494 2956 sunt
508 2893 661 2978 apudillos
676 2893 795 2979 alioqui,
819 2913 854 2958 ac
867 2893 1066 2979 discrepantes
1080 2894 1257 2960 sententiae.

100 2994 231 3080 Quidum
249 2996 327 3060 enim
343 2994 473 3078 iniugcm
490 2995 569 3060 illum
587 3017 654 3060 csse
672 2997 829 3075 definiunt,
854 3017 908 3062 nec
924 3017 1034 3060 marem
1051 2996 1179 3076 scilicet,
1204 3017 1258 3061 uec

100 3100 255 3178 feminam,
274 3118 370 3184 neque
384 3099 502 3162 omnino
516 3098 637 3164 alterius
651 3101 770 3184 generis
784 3100 861 3164 aliud
875 3100 1039 3185 quicquam.
1076 3099 1137 3162 Alii
1149 3109 1258 3162 utrum·

99 3223 159 3288 que
176 3201 204 3266 ei
222 3222 327 3266 sexum
346 3201 523 3282 attribuunt,
548 3212 577 3265 et
593 3201 807 3289 Androgyuum
826 3203 945 3268 iaciunt.
992 3199 1084 3286 Sigen
1104 3189 1191 3288 poiro
1209 3199 1257 3264 alii

98 3305 258 3389 coniugem
277 3304 354 3368 illius
377 3324 445 3368 esse
465 3303 581 3384 dicunt,
616 3316 647 3368 ut
666 3305 721 3368 bon
739 3327 792 3390 par
809 3305 849 3368 sit
865 3305 991 3370 omnium
1011 3304 1256 3388 antiquissimum,

97 3429 142 3471 ex
157 3427 216 3491 qno
232 3417 330 3472 cetera
348 3407 383 3470 ad
400 3428 467 3470 enm
484 3407 598 3472 modum
614 3408 694 3472 velut
708 3407 854 3472 scenicam
872 3407 995 3472 tabulam
1012 3415 1180 3492 pertexunt.
1215 3400 1257 3468 lta

97 3531 215 3574 summa
233 3519 278 3572 est
291 3510 365 3594 apud
380 3510 460 3594 ipsos
475 3531 615 3596 nugarum
631 3531 665 3574 ae
682 3509 860 3574 somniorum
876 3509 1012 3589 licentia,
1036 3507 1140 3593 quibus
1156 3529 1256 3572 eorum

97 3631 186 3676 meus
209 3611 351 3678 altissimo
374 3613 497 3697 quodam
519 3623 644 3678 veterno
665 3633 701 3676 ec
723 3633 830 3698 sopore
852 3613 1009 3677 detinetur.

187 3710 370 3799 Quamquam
387 3715 454 3802 quid
477 3715 523 3779 bic
546 3737 602 3801 ego
619 3715 726 3780 diutius
743 3715 899 3795 immoror,
924 3737 987 3780 eum
1004 3715 1098 3800 ipsum
1117 3733 1170 3799 per
1188 3735 1256 3778 sese

96 3817 217 3882 illorum
240 3829 442 3902 argumentum
465 3839 551 3884 omne
575 3817 660 3882 laoile
683 3819 840 3904 prodatur,
872 3829 1067 3905 appareatque
1089 3817 1136 3880 vel
1158 3837 1198 3882 ex
1221 3817 1256 3881 iis

97 3937 178 4004 qnae
202 3917 277 3984 dicta
305 3931 374 3984 sunt
397 3921 636 4005 quemadmodum
662 3921 757 3986 everti
778 3921 970 4006 convincique
996 3921 1110 4007 possit?
1159 3917 1207 3985 Sit
1232 3920 1257 3984 si

96 4021 189 4084 ιιιοιιο
206 4021 365 4108 quispiam,
390 4023 438 4107 qul
457 4023 612 4088 inhaerere
627 4023 706 4088 vitae
720 4025 831 4109 cupiat,
856 4045 911 4088 uec
926 4025 1105 4094 inanissimis
1121 4023 1207 4108 nugis
1223 4043 1257 4086 ac

95 4123 260 4188 mendaciis
280 4123 384 4209 decipi.
430 4122 491 4190 Sed
513 4125 549 4190 dc
571 4126 606 4190 iis
629 4126 781 4191 hacteuus.
827 4125 893 4191 Nos
917 4127 970 4192 bac
990 4127 1107 4192 haeresi
1127 4135 1256 4212 praeter-

94 4226 191 4290 missa
210 4235 301 4290 tutum
320 4227 355 4290 ad
374 4239 490 4293 ceteras
506 4228 580 4308 iter,
606 4250 640 4292 ac
658 4229 774 4315 planum
792 4230 1019 4316 prospiciemus,
1044 4230 1122 4294 utin
1141 4228 1256 4292 illorum
1391 4230 1398 4248 '
1525 4251 1534 4274 ·

131 4409 158 4465 4.
179 4417 226 4465 Vnt.
239 4417 337 4480 interpr.
351 4419 418 4468 addit
432 4428 519 4486 quarto
535 4429 560 4470 et
573 4430 663 4471 octavo
698 4423 817 4484 nqnorcd,
833 4422 981 4472 derideretur
995 4425 1020 4472 ln
1037 4422 1089 4471 cod.
1107 4389 1179 4471 lutto.

93 4483 167 4535 loeo.
728 4485 953 4540 ormontem.
981 4491 1053 4552 Volqo
1066 4483 1257 4555 dpnpcrnupqri-

129 4553 159 4604 ὁ.
175 4551 264 4606 πολλαὶ
280 4553 339 4618 και,
356 4557 419 4618 quod
433 4570 474 4608 aar
490 4559 535 4608 ιἰι.
549 4559 663 4621 lntrrprer
696 4572 777 4611 conce.
