3106 4990
311 267 373 331 488
734 263 855 317 ολαοτι
872 265 1041 318 nmmum

311 396 443 476 κατέστη.
488 384 628 454 Βοόλεται
643 383 675 449 δέ
688 385 808 449 πλελονα
821 388 881 448 τῦν
895 379 954 468 πρό
971 379 1065 450 αάτοῦ
1077 384 1130 450 καλ
1145 375 1234 460 οὗτος
1249 384 1356 470 λέγειν,
1378 383 1465 452 M

313 501 374 566 ἐστι
385 494 466 561 τόδε·
492 487 570 566 Τυῦς
584 491 776 562 τελευτῶντας
790 481 840 550 ἀπ’
854 482 954 550 αότῦν
968 487 1020 552 καλ
1032 487 1083 552 ἐπλ
1093 484 1188 569 αάτήν
1199 484 1255 570 τήν
1267 489 1372 566 ἐξσόον
1381 487 1463 568 W*

311 624 425 677 νοντας,
448 593 507 662 ἀπό
522 599 576 658 τοῦ
587 590 801 676 προειρημένου
818 585 951 673 Μάρκου
965 585 1019 664 κάς
1031 587 1196 674 προφάσεις
1210 589 1350 672 ελληφσλς,
1365 588 1462 658 minin

312 698 375 769 κατ’
392 704 503 767 ἐκεῖνον
518 699 689 779 λυτροῦται,
719 688 789 755 ἀλλά
808 687 902 768 ἀλλος
918 682 1006 766 οὗτος
1020 697 1247 776 μεταχειρίζεται
1291 692 1463 778 Λυτροόμε-

313 832 367 881 νος
386 808 481 886 δῆθεν
502 795 578 883 πρός
598 802 635 885 τῇ
656 800 772 882 τελευτῇ
794 791 865 868 τοῦς
885 789 936 858 ἀπ’
955 781 1047 860 αὐτοῦ
1066 791 1289 878 οἲττατηθέντας,
1319 795 1391 862 ποτέ
1406 795 1461 882 γόρ

312 931 389 981 τινες
410 908 439 982 ἐξ
461 899 560 968 αὐτῶν
582 901 678 964 ἐλαιον
699 895 784 962 ῦῦατι
800 899 932 979 μλξαντες
947 897 1137 980 ἐπιβάλλουσι
1157 905 1194 988 τῇ
1210 905 1323 988 κεφαλῇ
1344 905 1398 966 τοῦ
1419 901 1459 976 ἐξ·

314 1006 470 1085 ελθόντος,
500 1007 531 1070 οἱ
550 1002 582 1068 δέ
599 997 708 1085 μῦρον,
738 996 771 1064 τό
789 996 943 1083 λεγόμενον
960 995 1184 1083 όποβάλσαμον,
1215 1003 1267 1067 καλ
1281 1000 1381 1086 ῦῦοιρ,
1409 999 1462 1083 τήν

314 1113 411 1195 μέντοι
425 1111 575 1188 ἐπίκλησιν
590 1100 694 1185 κοινήν
708 1103 830 1184 ἔχοντες,
853 1097 893 1176 σός
906 1099 944 1183 δή
957 1103 1008 1167 καλ
1023 1097 1042 1167 ό
1056 1101 1114 1186 πρό
1131 1100 1226 1168 αάτοῦ
1242 1101 1372 1187 Μάρκος
1385 1105 1462 1170 ἐποι-

314 1223 372 1280 εῖτο
395 1208 465 1295 μετά
487 1204 664 1293 προςθήκης
683 1211 772 1270 κινοῦν
793 1201 955 1286 όνομάτων.
996 1200 1035 1268 Ἡ
1052 1205 1084 1270 ῦέ
1105 1205 1253 1286 ἐπέκλησές
1274 1207 1353 1272 ἐστιν
1373 1203 1460 1288 αῦτη·

315 1319 433 1392 Μεσέα,
459 1308 583 1396 Οῦφάρ,
611 1305 1057 1394 1’λῖγναμεμψαὴΜενγαλελέα,
1080 1304 1238 1390 Νοσσομή,
1264 1309 1382 1388 ’Δαέα,
1401 1305 1461 1372 Ἀτ-

316 1415 434 1500 φαράν,
464 1411 630 1495 Ἐψευοόα,
658 1407 755 1490 Ἰησοῦ
772 1412 914 1493 Ναζαρλα.
962 1414 1055 1474 Τοῦτο
1073 1409 1106 1474 δὲ
1122 1416 1277 1489 ποιοῦσιν,
1306 1413 1358 1476 ἵνα
1372 1415 1462 1493 ῦήθπ

316 1523 347 1586 ot
358 1517 556 1601 λαμβάνοντες
571 1515 620 1579 ἐπὶ
634 1521 670 1602 τῇ
686 1509 779 1600 ἐξόδῳ
794 1509 902 1587 ταύτας
916 1509 968 1587 τάς
982 1509 1156 1594 ἐπικλήσεις,
1175 1509 1228 1588 τάς
1240 1510 1314 1594 μεταλ
1328 1519 1383 1579 τοῦ
1395 1511 1462 1578 ὅλα.

315 1647 367 1698 τος
381 1621 432 1685 καλ
447 1622 563 1697 ἐλαίου,
584 1614 651 1698 ἤτοι
665 1613 773 1699 μόρον,
794 1611 1044 1700 ἀναμεμιγμένων,
1067 1612 1223 1696 ἀτιμότατοι
1240 1617 1395 1700 γένωνται,
1414 1616 1463 1682 κτλ

315 1722 437 1810 ἀόρατοι
458 1730 524 1796 ταῖς
544 1717 606 1785 α”νω
622 1716 737 1803 ’Λρχαΐς
757 1718 809 1782 καλ
822 1703 1001 1795 Ἐξουσέαις,
1030 1719 1072 1792 εἰς
1092 1714 1126 1782 τό
1149 1713 1315 1801 ὑπερβῆναι
1332 1715 1464 1804 ἀορᾶτος

194 1854 245 1901 pag.
257 1840 302 1886 m
315 1825 368 1894 τόν
383 1827 440 1890 έσω
456 1821 553 1888 οάτῦν
567 1819 745 1906 ἀνθρωπυν,
769 1820 876 1900 φασλν,
900 1815 941 1896 οἱς
954 1827 1013 1884 τῦν
1026 1818 1171 1901 σωμάτων
1184 1819 1298 1888 τούτων
1311 1823 1344 1886 ἐν
1357 1827 1396 1910 τῇ
1408 1824 1462 1886 κτλ-

316 1952 359 1995 σεε
374 1926 680 2010 καταλεμττανομένων,
696 1929 748 2006 τῆς
763 1922 794 1988 ιλέ
807 1928 906 2004 ψυχῆς
919 1917 1017 1988 αῦεοῦν
1029 1924 1248 2007 παρισταμένης
1260 1929 1300 2012 τῷ
1316 1931 1463 2006 Δημιουρ

314 2039 358 2120 γρῦ
379 2029 441 2096 ἀνω
462 2035 503 2117 τῷ
524 2030 556 2094 ἐν
573 2025 749 2110 ῦστερήματι
767 2023 913 2110 γεγονότι,
944 2023 1015 2100 ἀςτε
1032 2027 1084 2091 καλ
1099 2027 1193 2092 ἐκεῖσε
1208 2027 1384 2109 καταμένειν
1400 2021 1463 2110 παρ’

316 2131 396 2222 αὐτῷ
403 2185 412 2212 ,
441 2129 686 2217 ῦπεραναβαένειν
708 2128 755 2206 ῦέ,
786 2125 827 2204 ἀς
847 2129 940 2211 ἐφην,
969 2125 1021 2194 τόν
1038 2129 1095 2194 ἐσω
1114 2126 1279 2215 ἄνθρωπον
1299 2127 1464 2214 ’ἐσοότεροτ

315 2245 416 2320 ψυχῆς
429 2237 480 2302 καλ
496 2232 647 2316 σώματος,
669 2229 704 2297 ῦν
719 2228 757 2312 δή
772 2231 893 2296 θέλουσι
906 2231 998 2316 λέγειν
1010 2233 1044 2297 ἐκ
1057 2237 1111 2298 τοῦ
1124 2229 1244 2298 ἀνωθεν
1261 2230 1466 2318 Πληράμαεσς

316 2339 551 2420 κατεληλυθέναι.

181 2446 248 2515 Κεφ.
264 2441 298 2513 ἀ.
399 2437 616 2527 Ἐγκελεῦονται
630 2436 662 2501 δὲ
674 2443 737 2511 τοῖς
750 2434 830 2502 οῦτω
842 2433 910 2521 παρ’
926 2432 1028 2513 αὐτοῖς
1039 2437 1294 2522 ἐμπεπαιγμέναις,
1311 2434 1371 2516 ῦτι,
1393 2445 1464 2518 Ιφα·

317 2547 379 2624 σὶυ,
399 2541 469 2608 Ἐἀν
483 2544 558 2630 έλθη
573 2540 620 2605 ἐπλ
634 2537 688 2614 τάς
701 2535 806 2622 Ἀργάς
820 2540 870 2604 καλ
882 2536 1048 2617 Ἐξουσλας,
1071 2541 1116 2621 ἐχε
1131 2541 1162 2604 ἐν
1177 2538 1278 2629 μνήμη
1293 2538 1365 2604 τάῦε
1376 2541 1466 2606 εἰπεῖν

317 2643 388 2729 μετά
403 2643 456 2726 τήν
474 2647 611 2708 ἐντεῦθεν
625 2639 771 2723 τελευτήν·
790 2638 865 2726 Ἐγιό
883 2639 948 2717 υέός
963 2637 1027 2708 ἀπό
1039 2639 1161 2724 πατρός,
1182 2639 1295 2726 πατρός
1310 2640 1467 2726 προόντες,

318 2747 385 2824 οἷός
401 2747 433 2811 δέ
449 2748 480 2810 ἐν
494 2751 534 2832 τῷ
551 2743 673 2829 παρόντι
690 2737 786 2826 ήλθον
801 2741 898 2808 πάυτα
912 2746 985 2810 ἐῦεῖν
1000 2742 1036 2810 τά
1052 2741 1187 2828 ἀλλότρια
1202 2746 1253 2810 καλ
1266 2741 1302 2808 κά
1318 2747 1398 2823 λῦια,
1419 2744 1469 2809 καλ

318 2849 374 2917 οῦκ
390 2845 527 2932 ἀλλότρια
543 2847 575 2910 ὄλ
591 2853 751 2925 παντελοῦς,
778 2843 848 2912 ἀλλά
865 2854 918 2928 τῆς
932 2843 1088 2929 Ἀχαμοόθ,
1114 2843 1179 2929 ἣτις
1194 2847 1256 2912 ἐστλ
1272 2844 1399 2930 θήλεια,
1420 2847 1470 2911 καλ

317 2958 409 3018 ταῦτα
425 2952 514 3038 ἑαυτῇ
532 2951 664 3031 ἐποίησε·
695 2947 814 3034 κατάγει
835 2950 868 3014 δέ
888 2947 922 3014 τό
938 2951 1023 3035 γένος
1039 2951 1072 3015 ἐκ
1087 2954 1140 3016 τοῦ
1156 2947 1319 3034 προόντος,
1350 2949 1403 3014 ιεαλ
1417 2971 1469 3012 κα-

319 3052 444 3140 ρεόομαι
457 3050 544 3117 πόλιν
559 3053 600 3126 εἰς
613 3049 649 3114 τά
664 3053 734 3130 λ’ῦια,
758 3050 831 3117 ὅθεν
847 3050 984 3134 ἐλήλυθα.
1030 3053 1092 3118 Καλ
1106 3059 1199 3117 ταῦτα
1212 3050 1332 3117 εἰπόντα
1346 3047 1469 3133 διαφεῦ-

319 3183 379 3243 γειν
399 3153 452 3230 τὰς
466 3151 634 3232 Ἐξουσλας,
663 3155 800 3237 ἔργεσθαι
821 3154 853 3220 ῦλ
875 3155 925 3220 έπλ
945 3153 1016 3232 τοῦς
1036 3156 1103 3240 περλ
1123 3152 1176 3220 τόν
1194 3151 1389 3240 Δημιουργάν
1409 3151 1468 3218 ἀνα

319 3260 386 3344 περλ
408 3254 461 3341 τήν
478 3255 598 3342 πρότην
614 3252 771 3341 Ὀγδοόῦα.
816 3254 979 3323 Βοόλονεαι
999 3254 1054 3343 γάρ
1077 3259 1128 3323 καλ
1144 3255 1319 3338 αάτολμετά
1339 3254 1395 3324 τόν
1411 3263 1468 3336 Δη-

319 3358 462 3446 μιουργόν
478 3357 558 3426 κάτω
576 3355 649 3424 εἶναι
663 3356 840 3442 Ἑβῦομάῦα,
863 3355 953 3425 αότόν
970 3361 1001 3426 λλ
1017 3356 1090 3424 εἶναι
1107 3362 1138 3425 ἐν
1155 3367 1196 3448 τῷ
1213 3356 1332 3448 ἑβδόμην
1351 3357 1468 3445 ῦγῦοον,

319 3467 351 3532 ἐν
368 3460 543 3550 ῦστερήματι
563 3462 596 3526 δέ
610 3463 662 3526 καλ
677 3459 820 3550 ἀγνωσίη·
851 3463 902 3528 καλ
916 3463 1011 3548 λέγειν
1029 3464 1062 3528 ἐκ
1080 3468 1140 3528 τοῖν
1154 3468 1209 3528 τοῦ
1224 3465 1293 3545 βέου
1312 3459 1470 3539 ἐξελθόντα
1539 3453 1540 3528 2

319 3575 381 3644 τοῖς
394 3569 460 3651 περλ
475 3563 527 3631 τόν
543 3563 748 3649 Δημιουργόν,
771 3564 887 3640 Σκεῦός
900 3567 959 3646 εἰμι
973 3567 1105 3647 ἐντιμον,
1128 3571 1234 3648 μᾶλλον
1247 3561 1331 3649 παρεέ
1345 3561 1401 3646 τήν
1413 3559 1469 3644 θή-

319 3677 397 3733 λειαν
412 3667 466 3749 τήν
479 3666 643 3750 ποιήσασαν
658 3664 749 3748 ἀμᾶς·
773 3665 832 3750 εέή
846 3667 958 3750 Μητήρ
973 3665 1058 3751 ῦμῦν
1075 3663 1178 3754 ἀγνοεῖ
1187 3665 1243 3750 τήν
1256 3668 1364 3750 ἑαυτῆς
1378 3669 1468 3752 ρλζαν,

320 3768 376 3856 ἐγεό
392 3765 459 3835 olda
472 3769 610 3853 ἐμαυτόν,
626 3772 676 3835 καὶ
690 3768 822 3854 γινώσκω
837 3769 912 3837 ὅθεν
925 3772 996 3853 εέμλ,
1012 3771 1063 3836 καλ
1076 3771 1268 3853 ἐπικαλοῦμαι
1280 3767 1336 3853 τήν
1349 3768 1468 3852 ἀφθορ-

319 3898 372 3939 τον
383 3875 518 3952 Σοφίαν,
540 3871 604 3955 ἥτις
620 3876 697 3940 ἐστλν
711 3875 744 3939 έν
758 3879 799 3961 τῷ
816 3875 929 3959 Πατρλ,
952 3873 1049 3957 μήτηρ
1064 3873 1097 3939 ῦέ
1108 3881 1162 3955 τῆς
1177 3869 1306 3957 Μητρός
1318 3869 1405 3955 όμοῦν
1417 3877 1470 3952 τῆς

320 3973 361 4058 μή
378 3972 500 4058 ἐχούσης
513 3977 638 4060 μητέρα,
660 3973 718 4042 ἀλλ’
732 3972 800 4042 οὔτε
815 3973 941 4062 σόζυγον
955 3975 1077 4062 ἀρρενα,
1100 3975 1207 4060 θήλεια
1223 3975 1255 4040 δὲ
1269 3972 1331 4042 ν’πό
1344 3977 1469 4057 θηλεέας

319 4078 459 4164 γενομένη
473 4079 607 4159 ἐποίησεν
619 4075 707 4159 ἀμοῖς,
730 4075 877 4163 ἀγνοοῦσα
890 4082 940 4145 καλ
953 4078 1007 4162 τήν
1021 4080 1131 4164 μητέρα
1146 4075 1248 4160 αάτῆς,
1269 4079 1322 4144 καλ
1337 4081 1468 4144 δοκοῦσα

320 4179 427 4264 ἑαυτήν
441 4177 516 4246 εἶναι
529 4177 637 4263 μόνην·
654 4180 711 4266 ἐγοέ
726 4183 759 4247 δέ
773 4184 969 4266 ἐπικαλοῦμαι
981 4180 1074 4266 αὐτῆς
1086 4180 1142 4265 τήν
1156 4181 1275 4268 μητέρα.
1315 4179 1467 4254 1Ίόόσννς

354 4314 877 4442 ‹5⁴le22'413·ffissssfflssffssssffissss‘ffl:
910 4319 1465 4453 ffffloeif'ssffiss'afflssssffl

319 4460 381 4508 αλονε
401 4459 457 4507 λιοεσ
473 4461 595 4520 leguntur:
622 4457 724 4518 Μεεοὶο,
750 4457 874 4525 Uphamg,
907 4463 1003 4509 οοτλυυε
1020 4461 1118 4522 legitur:
1141 4457 1246 4519 Μοστὶα,
1264 4456 1396 4524 λέμέιαεεγ,
1413 4453 1463 4503 Na·

320 4524 534 4591 Νοαεειορεεαιοο,
546 4525 679 4588 chaldam,
690 4525 873 4588 Μοισοεειλοεκ,
907 4543 1097 4595 ιοεταρεαεεοκο,
1119 4523 1269 4592 muldam,
1284 4521 1462 4578 Μοαοπετλετιι
