3100 4984
358 334 491 388 rinnau
510 335 750 389 maranum.
768 335 1007 388 aaea.xxxnr.
1197 319 1258 388 tta

101 477 168 520 rum
187 464 291 520 untura
307 455 449 542 duplicem
465 477 537 539 sane
552 454 698 522 Virtutem
715 453 844 543 peperit3
868 455 920 520 sed
936 455 1070 520 conditor
1086 465 1182 520 tamen
1196 454 1259 542 ipse

102 559 202 644 imago
226 559 447 644 praestantioris
470 571 526 622 ost.
576 555 684 644 Neque
705 580 777 623 vero
801 580 837 622 ea
859 569 887 622 te
912 577 960 622 res
983 559 1149 644 perturbet,
1182 559 1259 623 seire

100 663 270 748 cupientem
291 663 453 747 quomodo,
486 683 550 726 cunr
573 684 661 726 unum
683 661 722 726 sit
743 673 773 726 et
793 681 860 725 esse
878 661 1021 724 lateamur
1040 681 1074 725 ac
1092 661 1257 742 credamus,

99 785 202 828 rernm
221 766 348 829 omnium
369 764 538 851 principium
555 763 756 850 generationis
774 785 868 850 aeque
888 785 922 828 ac
938 763 1134 848 corruptionis
1151 784 1259 849 expers

100 865 240 953 idemque
260 868 382 947 bonum,
413 869 516 932 ambae
535 867 589 931 bae
607 879 729 932 naturae
746 877 883 931 constare
899 867 1065 952 potuerint,
1096 866 1259 952 corruptio·

100 971 150 1034 nis
170 970 304 1034 nimirum
324 981 355 1034 et
372 971 484 1034 mediae
502 970 651 1034 cniusdam
669 969 863 1050 corrditinnis,
886 990 961 1055 qnae
979 992 996 1033 a
1013 968 1189 1033 seinvicem
1209 991 1260 1034 un·

102 1083 171 1137 tara
195 1071 378 1159 discrepent,
411 1094 475 1137 curn
498 1074 526 1136 id
550 1073 626 1136 bono
645 1072 762 1138 insitum
785 1073 840 1152 sit,
874 1084 904 1136 ιιι
922 1072 976 1136 sibi
996 1093 1081 1157 qoem
1100 1071 1257 1152 similiora,

102 1175 295 1260 eiusdemque
312 1197 411 1240 secum
429 1187 550 1240 naturae
568 1176 669 1261 gignat
684 1197 718 1239 ne
737 1177 877 1260 proterat.
922 1172 970 1240 'l'u
988 1176 1078 1254 enim,
1102 1173 1261 1259 opitulante

103 1278 162 1342 deo
182 1278 266 1341 buius
283 1278 453 1363 principium
472 1300 505 1342 nc
522 1279 742 1362 generationem
760 1279 858 1342 animo
875 1278 1035 1364 percipies,
1060 1277 1107 1341 ubi
1126 1277 1260 1342 traditam

103 1381 253 1466 quandam
270 1381 307 1444 ab
320 1381 461 1466 apostolis
476 1381 638 1446 doctrinam
653 1381 793 1461 audieris,
817 1401 902 1466 quam
919 1399 972 1444 uos
987 1379 1176 1445 successione
1191 1401 1261 1466 qua·

102 1483 172 1548 dam
196 1483 231 1546 ad
254 1503 308 1546 nos
327 1505 418 1568 usqne
441 1494 628 1570 propagatam
648 1483 831 1569 accepimns,
864 1505 928 1548 cum
946 1503 982 1546 eo
1000 1483 1115 1567 quidem
1132 1493 1163 1546 ut
1181 1482 1261 1568 quic·

102 1585 174 1670 qnid
196 1585 335 1651 afferetur
353 1585 382 1650 in
402 1587 546 1666 medinm,
578 1587 606 1650 id
626 1587 662 1650 ad
682 1587 838 1652 salvatoris
855 1586 1016 1651 doctrinam
1036 1585 1116 1650 velut
1130 1586 1260 1670 regulum

104 1689 257 1772 exigatur.
305 1688 387 1754 llaec
403 1690 476 1776 apud
492 1699 537 1768 te,
561 1685 651 1754 Flora
668 1710 755 1754 soror
768 1689 933 1769 carissima,
956 1688 1057 1774 paucis
1071 1689 1262 1774 comprehen-

103 1791 178 1855 dere
196 1810 231 1854 ao
244 1789 390 1877 disputare
404 1793 496 1878 potui,
520 1791 742 1876 summatimque
759 1791 946 1879 praescripsi,
970 1791 1009 1854 ita
1027 1800 1124 1856 tanuen
1140 1802 1170 1856 ut
1185 1793 1262 1877 quod

104 1903 173 1957 erat
188 1895 379 1979 propositum,
404 1905 541 1979 anantum
558 1896 631 1960 setis
646 1907 737 1974 esset,
761 1894 946 1980 explicarim.
992 1890 1087 1976 Quam
1104 1915 1164 1958 rem
1181 1895 1262 1958 dein-

103 2015 178 2079 ceps
196 2017 302 2081 magno
320 1995 369 2060 tibi
389 1997 453 2062 usui
470 1999 532 2062 lore
551 1998 681 2062 conlido=
714 1998 738 2061 si
757 1998 860 2078 ruodo,
893 1996 1013 2083 perinde
1031 2018 1064 2060 ac
1080 1997 1175 2062 bonus
1191 2018 1264 2083 ager

104 2107 137 2162 et
159 2100 319 2177 fecundus,
343 2111 467 2185 excepta
491 2101 603 2164 semina
627 2102 771 2166 tractuum
796 2101 929 2165 ubertate
951 2121 1136 2186 compenses.

287 2236 467 2289 HACTENUS
487 2237 679 2290 mouentum
697 2237 742 2288 ab
760 2237 897 2288 FLORAM
915 2237 1084 2289 ttrrsToLn.

197 2403 272 2491 Quis
291 2407 432 2472 eiusmodi
449 2407 604 2474 verborum
624 2429 659 2472 nc
677 2407 900 2473 circumforanei
921 2407 1005 2472 buius
1024 2407 1262 2494 asseclarumque
1281 2420 1417 2490 eapvnt.

107 2509 191 2590 eins,
217 2507 413 2575 Ptolemaeum
430 2533 464 2576 ac
481 2511 580 2576 socios
596 2511 739 2596 intelligo,
764 2510 912 2574 vesaniam
927 2511 1020 2595 possit
1032 2511 1189 2590 sustinere,
1214 2513 1263 2596 qui

105 2612 307 2698 ineptissimas
331 2614 442 2678 tabulas
465 2614 503 2678 ita
528 2614 762 2678 contunduntur
785 2616 950 2678 consuunt?
991 2611 1063 2678 Non
1085 2614 1162 2678 enim
1184 2614 1264 2699 qnis-

107 2735 195 2799 quam
215 2735 253 2780 ex
271 2715 397 2800 antiquis
413 2716 470 2780 iltis
490 2716 703 2800 tragoediarum
720 2715 929 2802 scriptoribus,
960 2725 1010 2780 aut
1031 2737 1072 2780 ex
1093 2717 1264 2801 posteriori-

107 2816 165 2881 bus
180 2817 289 2898 mimis,
310 2817 404 2902 qualis
421 2815 556 2882 Philistio
573 2827 603 2881 et
615 2815 767 2904 Diogenes
783 2819 848 2899 lnit,
867 2820 915 2903 qui
933 2817 1117 2884 lncredibilia
1133 2819 1262 2906 scripsit,

107 2929 160 2984 ant
178 2941 196 2984 e
214 2920 335 3005 reliquis
354 2921 489 2985 omuibus
509 2921 669 2985 tabularum
689 2933 740 2986 ant
756 2921 975 3008 rbapsodiarum
994 2921 1180 3002 auctoribus,
1207 2935 1263 2988 tam

107 3021 249 3086 immania
266 3023 446 3090 comminisci
466 3025 616 3089 mendacia
635 3034 807 3111 potueruut,
840 3024 935 3111 qualia
953 3025 1115 3091 nebulones
1132 3025 1179 3089 isti
1199 3047 1266 3112 pro·

110 3127 204 3213 priam
227 3125 257 3189 in
279 3126 436 3212 perniciem
460 3127 638 3192 execrabilia
655 3128 857 3213 horrendaque
874 3127 1071 3208 labricaruutq
1095 3127 1199 3212 quibus
1216 3147 1265 3190 se·

108 3239 256 3292 ctatornm
275 3229 386 3294 animos
405 3230 585 3295 stultissimis
603 3230 823 3315 quaestionibus
841 3251 876 3294 ac
894 3230 1073 3314 genealogiis
1093 3227 1264 3292 intermina·
1277 3254 1353 3301 ιιι,
1370 3257 1417 3312 qr,

108 3330 218 3396 bilibus
235 3331 435 3417 implicarunt:
460 3353 524 3396 cum
543 3354 580 3396 ne
599 3353 631 3396 ea
649 3334 763 3418 quidem
783 3333 894 3396 seirent
908 3352 983 3416 qnae
1000 3330 1030 3395 in
1048 3331 1179 3396 manibus
1196 3343 1266 3396 sunt

109 3433 225 3520 posita,
250 3443 280 3497 et
297 3435 385 3498 certis
403 3433 519 3498 interim
536 3435 681 3499 mensuris
699 3434 840 3499 coelestia
857 3455 891 3498 se
908 3434 1029 3498 delinire
1045 3433 1262 3519 profiterentur,

109 3548 197 3622 atque
218 3535 468 3601 obstetricantium
490 3539 669 3621 quorundam
692 3548 842 3601 uterorum
863 3536 945 3600 velut
969 3536 1140 3600 coelestium
1165 3537 1266 3600 martri-¹

110 3659 196 3720 cnm,
229 3639 271 3702 rei
291 3639 375 3724 plane
393 3640 627 3718 commentitiae,
660 3639 704 3704 sio
722 3651 858 3724 tanquam
876 3657 966 3704 verae
982 3636 1151 3722 solidaeque
1169 3639 1266 3703 scien-

110 3741 180 3806 tiam
203 3761 274 3827 prae
296 3763 329 3806 se
353 3743 475 3806 terrent.
520 3739 693 3806 Cuiusmodi
711 3741 759 3826 qui
777 3742 813 3806 ab
831 3742 888 3806 illis
906 3739 1020 3820 audiat,
1048 3741 1074 3805 si
1093 3741 1179 3826 paulo
1194 3742 1266 3806 insi-

110 3843 239 3929 pientior
254 3845 305 3923 sit,
328 3844 450 3909 sublime
466 3845 599 3929 quiddam
613 3865 646 3909 se
663 3845 736 3930 apud
755 3844 821 3908 illos
836 3843 973 3908 didicisse
988 3853 1068 3908 ratus
1082 3844 1168 3908 lacilc
1185 3865 1266 3908 men·

113 3945 263 4011 daciarum
283 3947 436 4011 lenociniis
456 3948 621 4011 inducetur.
668 3951 803 4026 Quoniam
824 3952 885 4009 um's
902 3951 991 4008 ornari
1008 3951 1159 4010 seeundum
1174 3967 1266 4028 genus
1278 3972 1408 4032 unum,

111 4071 192 4112 sunau
209 4063 418 4132 congregatur,
443 4061 473 4112 et
487 4053 576 4112 omnes
589 4051 670 4112 inmo
686 4053 776 4112 rimr'lr'
788 4054 837 4112 rur'
851 4051 1022 4125 soerbbr'tur,
1048 4049 1089 4113 ait
1105 4050 1262 4134 scriptura.

112 4147 166 4216 Sin
189 4153 276 4238 paulo
299 4151 511 4238 intelligentior
534 4151 694 4237 aliquisne
716 4161 799 4216 recto
819 4149 927 4216 iudicio
949 4151 1098 4237 praeditus
1116 4161 1264 4231 occurret,

146 4301 186 4357 16.
203 4301 337 4372 dobdnrpcu
351 4308 442 4369 placuit
459 4309 562 4357 Petcoto.
706 4311 728 4358 et
744 4308 799 4357 cdtt.
813 4310 888 4371 princ
923 4307 1034 4375 μητρῶν,
1053 4299 1090 4366 cic
1106 4301 1189 4360 ciceia
1210 4307 1266 4357 edtt.

146 4372 188 4426 t'l.
205 4371 389 4438 edixeritne.
408 4376 473 4426 Ltbrt
483 4376 567 4427 bnbrnt
578 4374 623 4428 καὶ
634 4372 672 4428 τὸ.
706 4377 788 4427 Pctuv.

146 4441 188 4494 18.
207 4443 264 4493 Gnd.
280 4445 355 4493 tenet
372 4444 431 4496 τῶν.
740 4443 766 4494 2.
783 4443 889 4511 νομίζων
903 4460 927 4496 τι
940 4447 1023 4506 semper·
1036 4457 1089 4494 curn
1103 4446 1206 4494 Petcutc.
1229 4459 1267 4496 νο-

147 4507 208 4560 cur.
218 4509 286 4560 Vltl.
301 4537 334 4550 -
354 4509 376 4561 l.
392 4509 443 4564 ruis
460 4505 506 4564 otia
522 4504 605 4564 cu'cnin
622 4513 673 4562 cod.
708 4510 804 4578 μιξοντι
816 4518 880 4564 ertct
892 4515 917 4563 tn
930 4515 982 4563 cod.
992 4512 1090 4574 Rbedlq.
1100 4517 1121 4562 rt
1131 4511 1267 4574 moriac

115 4579 188 4628 rosc
223 4579 327 4645 μητρῶν
344 4572 391 4631 cria
407 4575 491 4633 ονόῶν
507 4581 559 4630 cod.
576 4579 674 4643 anum
707 4577 806 4647 νομίζον
822 4593 847 4634 τι
862 4581 917 4632 odd.
931 4582 1014 4633 Petne.
