3112 4984
246 263 307 328 204
648 315 653 324 .
671 273 792 326 amr!
809 273 978 326 ΕΡῙΡΠΑΝΙΙ

245 388 387 466 Πιόσεως
409 388 487 472 έφύη
508 391 634 474 αἵρεσις,
663 387 727 471 ἥτις
745 387 933 466 Γνωστικοδς
952 385 1025 464 τούς
1046 384 1139 471 αύτῆς
1161 385 1319 472 όνόμασεν,
1342 387 1396 472 (ἔφ’

245 483 284 574 ἧς
316 494 348 556 οέ
375 493 539 558 Πνοιστικολ
568 488 629 572 ἤδη
661 515 712 571 μοι
740 489 933 574 δεδήλωνται,
968 491 1201 576 καταγνωστιιιολ
1233 487 1314 567 όντες
1342 491 1397 558 τόν

242 619 363 679 τροπου.

110 713 177 782 Κεφ.
197 711 229 786 γ’,
336 687 432 771 Ούτος
446 693 479 760 δέ
493 693 582 758 πόλιν
595 691 658 759 δνοο
672 693 725 777 μέν
739 698 809 777 μίαν
822 691 928 780 Ἀρχην
942 695 1016 780 λέγει
1030 694 1080 759 καλ
1098 695 1218 778 Πατέρα
1231 701 1292 760 νῦν
1306 692 1396 775 ὅλων,

243 798 296 862 καλ
309 794 459 882 ύγνωστον
473 797 524 862 καὶ
538 792 786 878 α’κατονόμαστον,
809 799 860 860 έσα
874 805 938 872 τοῖς
953 793 1050 872 ύλλοις
1063 793 1185 880 εέςόγειν
1202 793 1394 878 βουλόμενος,

242 895 295 964 τόν
314 899 347 963 δέ
369 895 481 979 κόσμον
502 899 555 962 καλ
577 895 613 962 τδ
636 899 669 962 έν
688 904 730 986 τῷ
751 895 853 984 κόσμρι
873 894 933 962 ύπό
953 894 1095 983 ’Λγγέλων
1119 903 1309 983 γεγενῆσθαι,
1336 905 1396 964 τοῖν

242 998 319 1066 πολύ
337 1027 363 1066 τι
379 995 438 1071 ύπό
456 1006 510 1065 τοῦ
528 997 649 1083 Πατρός
665 1005 718 1066 τοῦ
735 996 888 1084 όγνοόστον
904 995 1144 1083 ῦποβεβηκότων.
1192 997 1324 1074 Τούτους
1336 998 1394 1085 γδρ

241 1102 314 1186 λέγει
340 1097 527 1176 δποστόντας
548 1097 608 1166 ύπδ
627 1107 681 1183 τῆς
703 1097 764 1165 ύνω
787 1098 941 1183 δυνάμεως
962 1099 1041 1167 οῦτω
1062 1099 1114 1166 τόν
1135 1097 1249 1182 κόσμον
1271 1125 1395 1184 πεποιη-

242 1203 333 1268 κέναι
373 1199 488 1285 Ἰησοῦν
511 1203 543 1268 δέ
565 1200 617 1266 τόν
641 1200 747 1286 κύριον
767 1198 853 1285 ἡμῶν
877 1199 936 1268 όπδ
960 1199 1070 1284 Ἰωσὴφ
1093 1203 1167 1286 λύγοι
1189 1209 1394 1288 γεγεννῆσθαι,

242 1303 382 1388 καθάπερ
408 1304 458 1369 καλ
483 1303 591 1379 πάντες
614 1301 769 1387 ἅνθρωποι
792 1307 825 1370 έιι
849 1305 1014 1388 σπέρματος
1039 1299 1148 1388 δνδρός
1175 1305 1226 1368 ιιαλ
1252 1302 1393 1390 γυναικός

245 1403 461 1490 ἐγεννήθησαν·
483 1401 558 1471 εἶναι
575 1407 606 1472 δέ
625 1404 715 1472 αότόν
732 1405 839 1489 ὅμοιον
859 1413 922 1482 τοῖς
943 1412 1031 1485 πᾶσι,
1052 1409 1108 1494 βλφ
1131 1404 1163 1471 δέ
1185 1407 1392 1488 διενηνοχέναι,

245 1505 424 1596 σωφροσύνη
448 1532 478 1572 τε
497 1509 550 1573 καλ
569 1506 657 1597 όρετῇ
679 1508 730 1573 καλ
753 1512 810 1597 βλφ
834 1505 1031 1592 δικαιοσύνης.
1072 1503 1191 1590 Ἐπειδή
1213 1507 1261 1584 δέ,
1288 1507 1390 1588 φησὶν,

118 1644 171 1690 τις.
184 1634 229 1681 τοι
246 1607 368 1674 εῦτονον
390 1611 453 1692 έσχε
473 1607 575 1692 ψυχὴν
598 1607 680 1691 παρδ
700 1607 770 1685 τούς
794 1607 899 1686 ἄλλους
922 1607 1119 1694 όνδροὶπους,
1141 1609 1193 1674 καλ
1212 1606 1392 1692 έμνημόνευε

243 1709 279 1776 τδ
301 1707 449 1795 ὁραθέντα
468 1707 520 1774 ὕπ’
540 1708 631 1792 αύτῆς
653 1709 730 1790 ῦνω,
758 1709 807 1776 διε
826 1703 865 1794 ἦν
885 1713 916 1776 έν
936 1719 971 1800 τῇ
995 1716 1144 1798 περιφορᾷ
1166 1715 1221 1775 τοῦ
1239 1707 1392 1794 όγνοῦστου

246 1810 380 1896 Πατρός,
403 1809 586 1876 όιιεστύλθαι
605 1809 666 1878 ύπδ
688 1819 742 1878 τοῦ
761 1811 855 1878 αύτοῦ
875 1811 1009 1898 Πατρός,
1031 1813 1139 1894 φησὶν,
1161 1813 1204 1890 εἰς
1223 1809 1277 1894 τήν
1298 1807 1392 1876 αύτοῦ

243 1911 346 1997 ψυχὴν
361 1911 516 1996 δυνάμεις,
539 1911 622 1990 ὅπως
636 1911 672 1979 τό
687 1911 835 2000 όραδέντα
852 1910 926 2004 αὐτῇ
936 1911 1223 2008 όναμνημονεόσασα
1239 1914 1289 1978 καλ
1306 1915 1392 1978 ένδυ-

242 2023 417 2098 ναμαδεῖσα
432 2013 514 2104 φύγγγ
535 2015 605 2092 τούς
620 2015 819 2098 κοσμοποιούς
834 2012 998 2102 Ἀγγέλους,
1022 2017 1053 2080 έν
1072 2023 1112 2104 τῷ
1129 2014 1178 2081 διδ
1195 2013 1316 2080 πόντων
1335 2039 1391 2097 γω-

243 2123 333 2204 ρῆσαι
347 2123 404 2182 τῶν
418 2119 449 2182 έν
463 2124 504 2206 τῷ
519 2115 620 2206 κόσμηο
635 2115 815 2203 πραγμύτων
831 2119 882 2182 καὶ
897 2115 1034 2204 πρόξεων
1049 2124 1108 2182 τῦν
1124 2113 1184 2182 ύπδ
1199 2123 1258 2182 τῶν
1271 2113 1389 2200 ἄνθρακ’-

242 2244 309 2286 πων
327 2219 490 2304 γινομένων
510 2219 561 2284 καὶ
578 2221 610 2284 έν
624 2217 802 2308 παραβύστῳ
822 2215 943 2284 ότόπωυ
964 2222 1059 2304 έργων
1081 2221 1132 2283 καλ
1151 2217 1316 2301 όθεμέτοιν,
1338 2219 1390 2283 καλ

243 2318 326 2396 ὅπως
349 2317 400 2386 διδ
422 2327 528 2386 πασοῦν
549 2326 610 2385 τοῖν
634 2319 767 2404 πράξεων
791 2323 1025 2405 έλααθερωθεῑσα
1045 2319 1066 2403 ἦ
1086 2317 1161 2403 αῦτη
1183 2318 1284 2403 ψυχή,
1306 2321 1390 2400 φησλ,

242 2428 296 2487 τοῦ
311 2419 409 2504 Ἰησοῦ
426 2419 536 2512 όνέλθη
559 2420 635 2508 πρός
655 2421 708 2487 τόν
725 2420 815 2487 αύτόν
832 2424 952 2506 Πατέρα
973 2422 1025 2488 τόν
1039 2421 1206 2508 όγνωστον,
1228 2421 1281 2486 τόν
1302 2417 1389 2484 δυνό-

243 2625 294 2689 καλ
310 2627 544 2709 έλευθεροιῦεῖσα
558 2629 672 2692 διέλθοι
688 2624 765 2711 πρός
780 2623 872 2691 αὐτόν
887 2624 962 2692 όνω·
984 2624 1021 2691 ού
1037 2625 1096 2710 μὴν
1112 2626 1160 2705 δέ,
1183 2622 1254 2690 όλλδ
1271 2627 1321 2690 καλ
1336 2621 1391 2700 τός

244 2722 350 2807 όμοέας
370 2723 446 2815 αύτῇ
469 2726 582 2808 ψῦχός,
609 2726 646 2792 τό
669 2731 717 2792 έσα
739 2725 814 2817 αῦτη
838 2725 1062 2810 όσπασαμένας,
1088 2725 1141 2792 τόν
1164 2725 1255 2792 αύτδν
1276 2725 1390 2811 τρόπον

243 2827 493 2911 έλευδιρωθεέσας
513 2827 575 2893 ύνω
596 2836 705 2911 πτῆται
724 2828 800 2913 πρός
818 2828 869 2894 τόν
891 2828 1040 2916 ἄγνωστον
1056 2830 1194 2913 Πατέρα,
1222 2830 1254 2894 έν
1273 2835 1315 2917 τῷ
1337 2825 1390 2903 τδς

242 2927 342 3004 πόσας
366 2927 485 3012 πράξεις
512 2929 663 3014 πραξύσας
688 2927 798 3012 όμοέως
819 2937 880 2996 τῦν
905 2930 1024 2996 πόντων
1049 2929 1258 3016 όπαλλαγελσας
1282 2927 1388 2995 λοιπόν

243 3031 490 3114 έλευθερωδῦγναι.
539 3028 600 3113 Τὴν
613 3033 646 3097 δέ
661 3031 760 3116 ψυχὴν
773 3039 826 3097 τοῦ
842 3031 937 3116 Ἰησοῦ
957 3035 989 3099 έν
1006 3042 1067 3110 τοῖς
1082 3039 1141 3098 τοῖν
1152 3029 1304 3098 Ἰουδαίων
1320 3033 1386 3097 έθε·

243 3153 293 3198 σιν
308 3129 525 3217 δνοτραφεῖσαν
538 3141 759 3218 καταφρονῆσαι
774 3131 886 3214 αότοῖν,
907 3137 958 3200 καλ
976 3133 1026 3200 διδ
1043 3142 1130 3200 τοῦτο
1152 3134 1292 3217 δυνόμεις
1312 3136 1389 3215 ελλη-

243 3235 333 3315 φέναι
346 3233 383 3300 δι’
397 3226 439 3300 δν
452 3233 489 3299 τό
505 3237 553 3300 έπλ
567 3234 702 3300 κολόσεσι
717 3234 805 3319 πόθη
818 3235 965 3322 προςόυτα
978 3245 1042 3312 τοῖς
1056 3234 1232 3321 όνθρόποις
1247 3235 1390 3318 δυνηθεὶς

242 3341 352 3422 πρᾶξαι
366 3331 530 3421 ύπερβῇνυι
544 3336 615 3413 τούς
629 3336 830 3420 κοσμοποιοδς
845 3341 968 3422 ἴσχυσεν.
1014 3337 1061 3403 Ού
1074 3337 1169 3421 μόνον
1182 3339 1216 3403 δέ
1229 3334 1322 3420 αύτήν
1336 3334 1391 3420 τὴν

242 3438 344 3522 ψυχὴν
359 3447 414 3505 τοῦ
428 3437 526 3522 Ἰησοῦ
539 3445 626 3505 τοῦτο
645 3441 837 3522 δεδυνῆσθαι,
859 3437 930 3506 όλλδ
947 3441 998 3506 καλ
1013 3439 1067 3523 την
1084 3441 1250 3523 δυναμένην
1265 3437 1315 3504 διδ
1330 3445 1392 3504 τοῦν

243 3539 377 3624 πρόξεων
399 3541 573 3627 χωρήσασαν
597 3538 761 3626 ύπερβῆναι
785 3539 855 3618 τούς
874 3540 1077 3624 ιιδσμοποιούς
1101 3538 1208 3618 αύτούς
1226 3539 1390 3626 Ἀγγέλους,

243 3641 295 3706 καλ
314 3639 390 3725 αῦτη
407 3643 459 3709 έδν
478 3642 555 3734 λόβη
572 3641 726 3726 δυνάμεις,
747 3643 798 3709 καὶ
818 3641 854 3708 τό
873 3641 962 3725 ὅμοια
977 3642 1090 3733 πρόξη,
1112 3643 1248 3730 καθάπερ
1265 3651 1320 3708 τοῦ
1336 3640 1393 3726 Ἰη-

245 3747 317 3820 σοῦ,
340 3739 381 3819 ός
396 3754 548 3829 προεῖπον.
583 3743 680 3809 Ὅθεν
703 3746 745 3820 εἰς
764 3743 860 3825 τόφον
876 3737 959 3810 οῦτοι
977 3743 1146 3830 ἐληλακότες
1168 3747 1259 3831 μέγαν
1281 3747 1313 3809 οἱ
1329 3739 1391 3808 ῦπό

241 3848 298 3907 τοῦ
312 3840 483 3922 όπατιῦνος
496 3846 604 3913 τούτου
619 3843 820 3928 δπατηθέντες
836 3845 962 3923 έαυτούς
975 3848 1168 3932 προκριτέονς
1183 3843 1324 3932 ἡγοῦνται
1337 3847 1392 3910 καλ

242 3941 336 4010 αύτοῦ
351 3951 406 4011 τοῦ
420 3943 524 4028 Ἰησοῦ.
559 3946 658 4014 ’Ἀλλοι
673 3948 705 4013 δέ
721 3950 751 4025 έξ
768 3945 865 4013 αύτῦν
881 3943 937 4014 ούιι
951 3946 1047 4030 Ἰησοῦ
1061 3969 1163 4030 φασιν,
1183 3945 1254 4013 όλλοὶ
1273 3948 1392 4031 Πέτρου

242 4047 294 4112 παλ
313 4042 451 4130 Ἀνδρέοο
474 4049 525 4112 καλ
542 4049 666 4116 Παύλου
688 4051 739 4115 καλ
755 4057 815 4114 τῶν
837 4057 949 4115 λοιπῶν
965 4048 1136 4116 όιιοστόλων
1157 4046 1281 4124 ἑαυτούς
1300 4045 1391 4132 ύπερ·

242 4149 436 4233 φερεστέρους
453 4145 526 4214 εἶναι
548 4149 598 4214 διδ
614 4150 668 4234 τήν
684 4148 851 4236 ὑπερβολὴν
874 4159 928 4235 τῆς
943 4150 1086 4227 Γνόσεως
1107 4153 1159 4218 καλ
1174 4148 1206 4217 τό
1227 4147 1390 4235 περισσότε-

243 4273 297 4334 ρον
310 4257 363 4333 τῆς
378 4247 563 4338 διαπρόξεοις
576 4250 729 4336 διαφόρων
742 4252 891 4331 διεξόδων.
919 4252 1020 4320 ”Anna
1034 4255 1066 4319 δέ
1081 4257 1111 4331 έξ
1126 4251 1224 4318 αύτῦν
1239 4251 1392 4333 φάσκουσι

242 4352 335 4433 μηδέν
351 4355 547 4437 διενηνοχέναι
565 4360 620 4418 τοῦ
641 4359 747 4439 κυρέου
767 4353 853 4438 ἡμῶν
865 4352 964 4437 Ἰησοῦ
983 4361 1122 4442 Χριστοῦ.
1153 4357 1210 4432 ,Αἰ
1223 4352 1279 4441 γδρ
1295 4353 1393 4434 φυγαὶ
