3112 4984
395 311 530 364 ennean
547 312 610 364 tls.
627 312 645 366 Ι.
663 311 744 368 ΤΟΜ·
760 311 791 370 ΙΙ.
809 310 908 365 been.
924 311 1031 360 xxvm
1229 301 1289 370 215

134 429 320 518 explicabilis
342 431 437 494 virtus
459 429 582 496 aliorum
606 429 775 514 angelorum
800 448 889 494 causa
912 427 981 506 luit,
1016 429 1065 494 vel
1085 432 1113 496 ei
1136 429 1289 502 alluente

135 535 196 598 erit
211 533 377 618 ignorantia
393 532 441 615 qui
459 531 498 594 sit
511 531 716 628 universorum
733 551 857 614 parens,
881 531 956 614 qued
971 531 1091 614 ignarus
1107 553 1209 599 eorum
1227 535 1289 601 lue-

121 635 174 703 rit
189 655 263 720 quae
279 634 366 700 iidem
383 633 425 698 illi
441 653 514 717 quoa
533 632 705 717 designabat
720 632 851 696 effecturi
867 642 953 696 eraut
968 633 1078 718 angeli,
1100 655 1196 719 neque
1209 636 1286 700 istud

131 737 272 816 sciverit,
296 735 499 801 subtracturus
517 755 551 802 ae
568 734 605 801 ab
623 732 687 798 eius
702 744 864 819 potestate,
888 755 980 819 eaque
997 756 1071 818 qnae
1088 736 1205 800 minime
1226 737 1286 802 vel·

131 840 175 904 let
191 839 346 922 aliquando
362 825 429 904 dsss
448 837 595 902 facturosc
619 836 668 903 vel
684 837 727 900 sic
741 837 807 900 illos
823 855 997 921 procreasse
1013 837 1151 904 dicendus
1169 850 1231 917 ast,
1255 850 1287 908 ut

132 941 212 1025 quod
226 939 289 1004 beri
305 939 398 1004 nollet
413 939 543 1003 fauturos
556 957 623 1002 csse
639 947 845 1021 cognesceret,
863 939 938 1022 qnod
953 937 989 1002 iis
1003 937 1171 1004 auctoribus
1185 951 1287 1024 postea

132 1045 174 1108 sit
194 1051 346 1119 secutum,
377 1051 465 1126 atque
486 1039 541 1106 boc
559 1040 645 1104 ruodo
663 1039 800 1124 quicquid
817 1039 881 1104 ausi
898 1039 946 1104 isti
964 1039 1091 1120 luerint,
1123 1039 1178 1104 hoe
1193 1041 1241 1104 ille
1258 1053 1288 1106 ιι

132 1144 258 1210 scientia
273 1144 335 1228 ipsa
351 1153 381 1206 et
394 1140 590 1208 consensione
607 1163 641 1208 ac
655 1141 805 1208 voluntate
820 1142 954 1225 perfecit.
998 1139 1092 1226 Igitur
1105 1141 1149 1220 si,
1173 1153 1287 1208 utente

133 1246 243 1312 dictum
265 1257 329 1323 est,
359 1265 395 1310 ea
413 1254 516 1308 nosset
532 1264 607 1328 quae
627 1243 731 1308 lecturi
749 1255 834 1309 erant
852 1244 966 1328 angeli,
997 1263 1092 1328 neque
1111 1254 1207 1310 tamen
1224 1245 1286 1308 lieri

132 1349 241 1424 vellet,
265 1367 319 1410 eur
332 1366 385 1412 eos
400 1347 491 1432 quiid
509 1346 624 1430 egerint
639 1339 778 1432 produxit
793 1366 930 1429 unquam,
956 1355 988 1410 ut
1004 1365 1077 1429 quae
1092 1346 1183 1410 nollet
1197 1347 1287 1412 aude-

132 1461 201 1519 rent
217 1450 373 1534 aliquando
390 1448 508 1513 lacere?
550 1445 606 1512 Sin
622 1447 745 1532 angelos
761 1448 824 1532 ipsc
842 1447 987 1524 condidit,
1011 1466 1064 1511 sua
1081 1457 1114 1512 ut
1130 1447 1179 1512 illa
1197 1468 1286 1533 opera

133 1561 332 1638 praestarent,
355 1549 418 1614 lieri
433 1549 521 1633 igitur
537 1569 571 1613 ea
588 1569 646 1614 non
661 1549 764 1628 noluit,
788 1571 852 1614 curu
870 1548 937 1614 ideo
953 1559 1087 1614 auctores
1102 1549 1217 1616 illorum
1235 1569 1288 1614 au·

134 1653 218 1738 gelos
235 1662 304 1718 ante
320 1651 504 1736 produxerit.
549 1647 636 1734 Quod
654 1650 679 1714 si
696 1651 730 1714 ad
747 1650 849 1716 eadem
862 1651 912 1716 illa
929 1651 1061 1720 iacienda
1078 1649 1233 1735 produxit,
1258 1662 1288 1715 et

134 1777 169 1820 ca
193 1765 290 1820 tamen
311 1773 384 1839 quae
407 1755 572 1818 factasunt
593 1751 762 1830 interdixit,
792 1752 944 1817 enimvero
961 1753 1106 1818 calumnia
1126 1773 1160 1818 ae
1178 1753 1288 1819 malitia

137 1858 278 1941 quaedam
297 1855 477 1922 intercessit.
522 1851 556 1920 Si
575 1874 648 1918 vero
667 1853 723 1918 illis
738 1864 769 1918 ιι
786 1855 932 1920 edicerent
947 1855 1095 1939 permisit,
1127 1875 1202 1940 qaae
1215 1875 1289 1922 vcro

135 1957 254 2024 suntab
270 1956 309 2020 iis
325 1957 447 2035 effecta,
471 1956 603 2019 homiues
618 1954 755 2019 videlicet
772 1965 802 2018 et
817 1956 941 2034 animas,
965 1967 1082 2042 practer
1096 1956 1219 2020 istorum
1235 1979 1289 2020 vn·

134 2060 276 2123 luntatem
297 2059 333 2122 ad
350 2079 418 2122 sese
438 2049 602 2141 aggregare
622 2057 736 2135 studet,
767 2055 821 2120 hoc
839 2058 952 2121 demum
969 2057 1038 2122 nibil
1061 2058 1119 2122 erit
1134 2058 1211 2121 aliud
1231 2058 1288 2121 cisi

136 2162 280 2247 cupiditas
296 2160 436 2244 quaedam
450 2159 612 2224 alienorum
626 2155 778 2244 appetens,
802 2181 867 2222 eum
880 2159 1013 2224 homines
1026 2159 1062 2222 ab
1079 2159 1190 2244 angelis
1204 2161 1288 2222 efficti

134 2263 239 2327 iisdem
257 2261 329 2348 ipsis
347 2261 446 2324 invitis
464 2281 480 2324 a
497 2281 634 2346 supremo
649 2261 699 2324 illu
717 2261 897 2324 dominatore
916 2261 1077 2346 rapiuntur.
1122 2259 1186 2324 lmo
1202 2261 1288 2323 etiam

134 2361 343 2428 imbecillitatis
366 2363 443 2426 istud
465 2363 539 2442 erit,
572 2385 636 2426 cum
655 2363 718 2449 ipse
737 2362 793 2426 sibi
812 2361 907 2425 moliri
925 2373 1049 2446 nequeat
1071 2373 1232 2446 quaesunt
1252 2362 1289 2424 ab

134 2467 173 2530 iis
191 2467 269 2530 lacta
285 2485 408 2550 qaorum
427 2475 474 2528 ιιι
491 2474 594 2528 ιιιιιοι·
611 2485 663 2552 per
680 2465 736 2528 uim
755 2485 790 2528 ac
809 2461 977 2528 violentiam
995 2465 1124 2528 auferre.
1169 2461 1236 2546 Quo
1259 2463 1291 2527 Γιι

135 2579 169 2632 ιι
191 2569 228 2632 ad
252 2567 338 2634 inane
364 2577 557 2634 commentum
581 2587 616 2630 ac
639 2565 765 2630 fabulam
787 2575 848 2630 tota
870 2565 985 2630 illorum
1008 2565 1141 2630 doctrina
1165 2557 1306 2644 recidat,'

135 2689 213 2754 quae
228 2669 285 2732 hcc
299 2676 432 2748 asserat,
457 2669 573 2733 tametsi
588 2669 703 2731 infimae
717 2667 843 2732 virtutes
857 2667 1051 2731 mediocribus
1066 2667 1249 2746 subiaceant,
1273 2690 1291 2729 ιι

135 2771 334 2837 mediocribus
351 2781 467 2848 tamen,
491 2790 564 2853 quae
582 2769 696 2834 illarum
713 2791 837 2837 caussae
851 2781 936 2854 sunt,
959 2789 1070 2855 poenas
1085 2769 1203 2854 expeti,
1226 2769 1291 2832 iuli·

136 2893 259 2957 masque
281 2871 477 2936 mediocribus
497 2870 643 2956 superatis
663 2873 699 2936 ad
718 2893 884 2958 supremum
907 2873 1034 2936 omnium
1052 2882 1202 2936 auctorem
1220 2891 1292 2935 evo-

135 2977 214 3054 lare,
238 2994 273 3039 ac
287 2973 452 3037 libertatem
466 2974 618 3058 consequi,
641 2973 697 3038 hnc
712 2985 759 3040 ιιι
771 2974 885 3042 ιιιιὶιιιι
896 2994 973 3060 quae
988 2975 1018 3038 in
1036 2974 1090 3038 bec
1106 2995 1203 3038 rarum
1221 2993 1291 3036 eon-

138 3077 264 3144 ditarnm
278 3076 471 3140 universitate
486 3077 685 3140 continentur.
718 3075 915 3160 Quamobrem
930 3096 1083 3160 supremus
1097 3076 1158 3154 ille,
1176 3073 1225 3158 qui
1240 3093 1292 3136 eas

137 3199 244 3244 ιιιιιι
262 3178 445 3264 nequiverit,
468 3178 672 3242 imbecillitatis
686 3189 836 3262 arguetur.
881 3175 965 3261 Quos
979 3178 1042 3262 ipsc
1057 3197 1130 3244 vero
1146 3177 1292 3261 produxe-

135 3282 195 3362 rit,
226 3281 369 3344 eiusmodi
386 3301 453 3346 csse
468 3279 643 3345 videbuntur
658 3279 708 3366 qui
725 3301 759 3343 ea
776 3282 875 3345 lacere
892 3279 1007 3365 possint
1021 3299 1095 3364 quse
1111 3278 1159 3341 vel
1174 3276 1222 3340 ille
1240 3295 1292 3339 no·

137 3384 246 3462 luerit,
277 3383 327 3446 vcl
348 3393 380 3446 ut
401 3383 529 3446 maxime
546 3381 653 3462 vellet,
685 3385 783 3462 lacere
802 3382 881 3446 nullo
899 3381 985 3445 mode
1003 3378 1141 3466 potuerit.
1184 3375 1292 3462 Neque

136 3486 217 3550 enim
235 3505 358 3569 quarm
375 3484 425 3548 ille
441 3483 589 3547 desiderio
602 3494 738 3564 tenatur,
769 3503 805 3547 ea
822 3482 877 3569 ipsi
895 3485 972 3548 mala
989 3503 1055 3546 esse
1073 3489 1213 3567 possunt,
1244 3479 1294 3544 vel

137 3609 157 3650 ι
170 3586 256 3653 malis
274 3586 425 3670 prodacta.
469 3583 548 3650 Nam
566 3585 681 3650 simale
698 3595 782 3663 ιιιιιι,
806 3583 903 3668 perire
922 3585 1050 3648 lunditus
1067 3582 1205 3667 oportuit.
1238 3580 1293 3648 Sin

137 3709 207 3772 pars
227 3699 274 3752 est
292 3689 390 3772 operis
407 3687 503 3772 aliqua
520 3689 684 3765 servanda,
715 3687 821 3750 malum
838 3686 932 3772 ipsum
955 3705 1022 3750 esse
1044 3705 1103 3747 non
1124 3695 1237 3770 petest,
1267 3685 1293 3747 si

137 3791 189 3854 vel
204 3789 271 3854 cius
286 3789 345 3854 ulla
363 3809 431 3875 pars
448 3790 531 3857 salon
548 3791 710 3874 reperitur,
742 3809 836 3873 neque
854 3789 971 3874 ipsimet
985 3786 1112 3851 artifices
1128 3787 1195 3852 mali
1212 3797 1292 3864 sunt,
1370 3837 1377 3852 .

137 3893 189 3977 qui
206 3912 272 3956 eam
289 3892 338 3976 qui
354 3893 518 3956 servandus
532 3902 578 3955 est
591 3892 724 3956 febrienti
739 3891 859 3955 luerint.
902 3887 965 3954 lass
981 3889 1006 3954 ai
1023 3889 1060 3954 ab
1074 3888 1188 3974 angelis
1202 3889 1295 3952 omni-

137 4015 180 4060 ιιι
198 4004 360 4079 propagata
376 3994 415 4058 sit
433 3993 546 4071 anima,
570 4003 656 4078 atque
672 3995 703 4058 in
720 3994 814 4058 luceas
835 3992 975 4077 preducta
990 3991 1049 4056 vim
1067 3992 1209 4077 quandam
1227 4007 1295 4054 coe-

137 4097 210 4162 titas
228 4097 393 4180 acceperit,
421 4095 513 4160 multo
535 4094 625 4180 igitur
642 4096 735 4179 magis
753 4095 876 4159 salutem
892 4093 1067 4158 obtinebunt
1085 4093 1199 4178 angeli,
1230 4113 1294 4154 cum

137 4198 179 4265 ab
190 4197 265 4282 ipsis
281 4199 375 4262 anima
390 4199 476 4263 etiam
494 4199 579 4262 malis
594 4205 747 4283 procreata
761 4208 909 4260 servetur.
943 4195 1079 4281 Denique
1094 4198 1119 4260 si
1133 4195 1214 4258 salva
1229 4213 1296 4258 esse

138 4301 237 4388 possit
252 4300 368 4382 anima,
399 4322 494 4386 neque
511 4301 576 4386 ipsa
592 4300 667 4366 mala
684 4299 792 4364 critob
812 4300 924 4402 sepelis
944 4301 1102 4384 producta,
1133 4317 1228 4380 neque
1245 4316 1298 4358 an-

141 4403 222 4486 peti,
246 4424 265 4464 ι
287 4403 391 4488 quibem
413 4404 486 4468 baec
507 4413 603 4468 ortum
627 4401 770 4466 habuerit.

230 4505 464 4592 Aequicumque
481 4507 565 4574 firmo
585 4517 615 4572 et
634 4506 778 4570 constanti
799 4507 917 4592 ingenio
938 4501 1086 4589 praeditus
1105 4512 1167 4581 est,
1191 4499 1299 4566 iutelli-
1320 4507 1453 4575 crpt'ltt.

392 4869 411 4954 l
