3100 4984
308 273 370 337 432
715 264 845 334 ἐκειοτι
870 285 1039 336 εειειικαιι

309 407 363 492 δῇ,
392 407 427 492 τῇ
443 401 617 488 νομιζομένῃ
634 396 815 488 εὐχαριστίᾳ,
846 399 1079 483 μεταβάλλεσθαι
1096 397 1189 477 εύθύς
1211 400 1243 467 τό
1262 401 1316 484 μὲν
1333 401 1460 488 ἐρυθρόν

310 503 351 581 ιός
365 501 454 588 αέμα,
475 500 508 569 τό
525 503 557 568 δέ
572 501 760 589 πορφύρεον,
789 500 821 567 τό
839 503 871 567 όέ
885 501 1022 568 κυάνεον.
1061 501 1135 589 Ἐγοί
1152 508 1269 584 τοίνυν,
1296 507 1348 570 ἵνα
1363 502 1404 588 μή
1422 507 1460 580 είς

310 606 444 690 δεύτερον
460 605 592 689 κάματον
609 603 714 672 ἑαυτόν
734 607 842 684 ἐπιδῶ,
871 603 1054 688 άρκεσθῆναι
1072 609 1134 671 δεῖν
1151 603 1307 692 ἡγησάμην
1323 615 1386 683 τοῖς
1404 605 1458 672 άπό

309 716 363 774 τοῦ
382 706 608 793 μακαριωτάτου
629 710 680 772 καί
698 705 862 793 άγιωτάτον
879 711 1043 791 Είρηνοιίου
1064 705 1127 774 κατ’
1144 706 1236 775 αύτοῦ
1258 717 1311 774 τοῦ
1329 709 1459 794 Μάρκον

308 814 359 877 καλ
378 820 437 876 τῶν
459 813 488 888 ἐξ
506 807 599 876 αύτοῦ
615 808 794 895 ὁρμωμένων
809 819 1091 896 πραγματενθεῑσιν·
1120 809 1140 876 ά
1156 838 1221 876 τινα
1237 813 1372 878 ἐνταῦθα
1388 809 1460 898 πρός

310 917 380 990 ἐπος
398 915 544 980 ἐκθέσθαι
560 912 747 991 ἐσπούδασα,
768 915 819 978 καί
837 916 895 979 ἐστι
914 911 990 979 τάδε.
1037 913 1150 978 Φάσκει
1166 911 1221 1000 γάρ
1238 911 1356 990 ἀύτός
1372 917 1459 999 Είρη·

309 1026 391 1094 ναῖος
407 1013 425 1083 ό
442 1018 527 1103 ίίγιος
544 1019 576 1083 ἐν
593 1024 634 1106 τῷ
650 1013 827 1097 ύποφαίνειν
841 1012 878 1082 τά
895 1013 945 1081 ὑπ’
961 1013 1058 1082 αύτάν
1071 1013 1228 1102 λεγόμενα,
1247 1019 1339 1104 λέγων
1353 1015 1457 1092 οὕτως·

629 1211 637 1244 ¹
652 1205 703 1260 ΕΚ
719 1205 790 1260 ΤΟΥ
808 1207 916 1262 ΑΓῙΟΥ
932 1207 1140 1262 ΕΙΡΗΝΔΙΟΥ.

174 1333 240 1400 Κεφ.
259 1327 290 1401 β’.
397 1324 531 1411 Ποτὴρια
553 1327 623 1414 οίνῳ
646 1326 809 1409 κεκραμένα
832 1323 1089 1410 προςποιούμενος
1112 1323 1305 1410 εὐχαριστεῖν,
1339 1327 1391 1390 καί
1413 1325 1456 1390 ἐπί

310 1430 399 1495 πλέον
421 1431 556 1494 ἐκτείνων
575 1425 627 1492 τόν
647 1425 734 1512 λόγον
756 1432 806 1510 τῆς
825 1425 1002 1510 ἐπικλήσεως
1018 1427 1177 1513 πορφύρεα
1193 1430 1244 1494 καλ
1260 1426 1376 1514 ἐρυθρά
1393 1424 1457 1492 άντ-

309 1537 470 1612 φαίνεσθαι
488 1539 581 1596 ποιεῖ·
612 1527 653 1607 τός
671 1533 769 1595 όοκεῖν
785 1527 839 1612 τὴν
858 1527 916 1595 άπό
935 1537 994 1594 τῶν
1011 1527 1086 1617 ύπέρ
1105 1528 1142 1595 τά
1157 1529 1212 1596 όλα
1230 1529 1316 1616 χάριν
1333 1528 1368 1596 τό
1390 1526 1459 1612 αέμσ

309 1633 342 1701 τό
358 1636 465 1717 έαντῆς
478 1631 589 1712 στάζειν
604 1633 690 1722 ἐντῷ
705 1634 805 1721 ἐκείνῳ
820 1637 951 1722 ποτηρίῳ
966 1630 1016 1698 διά
1028 1635 1081 1715 τῆς
1095 1631 1273 1716 ἐπικλήσεως
1287 1631 1391 1712 αύτοῦ,
1412 1633 1456 1697 καί

309 1733 550 1823 ύπεριμείρεσθαι
567 1732 636 1812 τούς
652 1733 798 1821 παρόντας
816 1737 845 1813 ἐξ
861 1737 976 1800 ἐκείνου
991 1733 1155 1821 γεύσασθαι
1171 1743 1225 1801 τοῦ
1240 1735 1391 1819 πόματος,
1412 1738 1457 1800 ἵνα
1537 1755 1538 1766 ’

310 1842 361 1906 καλ
379 1842 420 1916 είς
437 1837 544 1916 αύτούς
562 1837 735 1927 έπομβρηση
752 1835 773 1920 ἦ
788 1835 838 1904 θιά
854 1844 908 1904 τοῦ
926 1835 1023 1923 μάγου
1041 1837 1148 1904 τούτου
1164 1841 1338 1922 κληϊζομένη
1357 1835 1457 1924 Χάρις.

313 1942 410 2008 Πάλιν
422 1943 453 2008 δέ
466 1943 598 2028 γυναιξίν
611 1939 732 2016 ἐπιδούς
744 1938 903 2023 ἐκποίματα
913 1943 1080 2026 κεκραμένα
1092 1939 1184 2018 αύτάς
1195 1939 1375 2025 εὐχαριστεῖν
1386 1943 1459 2026 ἐγκε-

309 2044 422 2112 λεύεται
438 2051 622 2132 παρεστῶτος
638 2041 748 2120 αὐτοῦ,
769 2045 820 2108 καί
832 2041 940 2109 τούτου
954 2045 1114 2129 γενομένου
1129 2042 1219 2120 αότός
1233 2042 1301 2109 άλλο
1317 2043 1460 2129 ποτήριον

310 2155 408 2238 πολλῷ
426 2155 524 2230 μεῖζον
546 2149 671 2227 ἐκείνου,
700 2138 738 2211 ού
757 2143 776 2229 ἦ
792 2147 997 2230 ἐξηπατημένη
1012 2143 1205 2232 ηύχαρίστησε
1224 2145 1459 2233 ἐπροςενεγκιόν,
1538 2177 1539 2188 ι

309 2253 360 2316 καλ
382 2249 584 2334 μετακενεάσας
606 2246 667 2315 άπό
684 2255 738 2316 τοῦ
757 2250 932 2334 μικροτέραν
949 2255 1002 2314 τού
1017 2246 1079 2315 ύπό
1095 2257 1149 2333 τῆς
1162 2247 1303 2336 γυναικός
1323 2247 1460 2335 1ηύχαρι-

310 2355 455 2436 στημένον
473 2356 515 2429 είς
530 2351 563 2419 τό
581 2348 633 2418 ὕπ’
652 2349 745 2418 αύτού
765 2353 1023 2434 4κεκοσμημένον,
1045 2354 1194 2438 ’ἐπιλέγων
1212 2349 1273 2435 άμα
1290 2351 1402 2428 οὕτως·
1430 2349 1463 2416 Ἦ

311 2455 369 2542 πρό
383 2463 442 2522 τῶν
455 2453 546 2534 όλων,
568 2452 774 2537 ἦάνεννόητος
787 2456 838 2520 καί
852 2451 979 2540 άρρητος
995 2453 1090 2540 Χάρις
1103 2453 1255 2540 πληρόσαι
1269 2477 1325 2521 σου
1339 2454 1395 2521 τόν
1406 2457 1459 2520 ἐσω

309 2557 489 2642 άνθρωπον,
515 2559 565 2624 κοιλ
584 2557 735 2642 πληθύναι
750 2559 782 2624 ἐν
798 2559 845 2623 σολ
861 2555 915 2640 την
929 2563 1039 2641 γνεόσιν
1057 2555 1164 2642 αύτῆς,
1195 2560 1461 2644 ἐγκατασπείρονσα

188 2687 239 2734 μσς.
252 2675 297 2718 ²²4·
311 2658 363 2724 τόν
377 2659 489 2726 κόκκον
502 2667 556 2726 τοῦ
570 2659 717 2736 σινάπεως
729 2663 771 2736 είς
783 2657 837 2743 τὴν
852 2657 969 2745 άχαθην
981 2667 1044 2746 γῆν.
1076 2663 1136 2725 Καί
1149 2658 1271 2727 τοιαῦτά
1282 2687 1349 2726 τινα
1363 2658 1459 2738 εέιτοόν,
1539 2681 1540 2688 ’

309 2765 360 2830 καλ
374 2762 561 2850 ἐξοιστρήσιτς
573 2760 627 2846 τήν
640 2767 835 2847 ταλαίπωρον,
855 2761 1087 2844 θαυματοποιός
1097 2761 1242 2848 άνεφάνη,
1264 2769 1318 2828 τοῦ
1334 2760 1459 2848 μεγάλου

309 2868 518 2950 πληρωθέντος
538 2868 571 2932 ἐκ
591 2872 646 2931 τοῦ
669 2872 802 2952 6μικροῦ
824 2869 986 2950 ποτηρίου,
1015 2865 1086 2942 όίςτε
1110 2868 1161 2932 καλ
1182 2863 1411 2951 ύπτρεκχεῖτθαι
1432 2865 1460 2941 ἐξ

310 2967 411 3036 αύτοῦ.
456 2971 517 3034 Καὶ
533 2967 604 3034 άλλα
620 2966 686 3034 τινά
701 2967 816 3044 τούτοις
830 2967 1020 3054 παραπλήσια
1035 2975 1131 3035 ποιόν
1147 2968 1308 3052 ἐξηπάτησε
1324 2966 1460 3044 πολλούς,

308 3074 360 3138 καί
376 3069 568 3157 οοίιεηγήοχεν
577 3068 675 3136 σ’πίσω
690 3067 791 3136 αύτοῦ.
830 3069 925 3148 Είκός
939 3071 971 3138 δέ
985 3069 1078 3136 αύτόν
1089 3073 1140 3136 καί
1154 3070 1282 3154 δαίμονά
1294 3097 1361 3136 τινα
1373 3069 1460 3156 πάρε-

309 3179 380 3260 δρον
396 3177 488 3258 ἐχειν,
511 3171 548 3240 δι’
561 3165 599 3240 ού
614 3171 704 3250 αύτός
719 3197 750 3240 τε
763 3172 962 3258 προφητεύειν
977 3176 1062 3241 δοκεῖ
1074 3177 1136 3253 καί,
1157 3172 1231 3249 όσας
1243 3171 1327 3252 άξίας
1338 3171 1460 3259 ἡγεῖται,

309 3276 448 3361 μετόχους
461 3284 514 3360 τῆς
529 3275 648 3362 χάριτος
661 3274 753 3342 αύτοῦ
764 3275 964 3361 προφητεύειν
979 3284 1065 3343 ποιεῖ.
1104 3275 1243 3341 Μάλιστα
1255 3275 1311 3362 γάρ
1327 3278 1397 3362 περί
1411 3303 1458 3362 γν-

307 3389 412 3458 ναῖκας
426 3379 599 3464 άσχολεῖται,
622 3382 671 3445 καλ
685 3378 798 3445 τούτων
811 3376 863 3455 τάς
878 3376 1074 3466 εύπαρύφονς
1087 3380 1137 3444 καλ
1151 3379 1397 3465 περιπορφύρους
1411 3381 1461 3443 καλ

308 3483 544 3564 πλονσιωτάτας,
573 3481 610 3559 άς
624 3481 764 3558 πολλάκις
777 3478 945 3568 ύττάγεσθαι
961 3482 1141 3569 πετρούμενος
1159 3479 1353 3548 ’κολακεύων
1369 3483 1461 3564 φησίν

308 3584 427 3666 αύταῐς,
450 3589 643 3652 Μεταθοῦναί
660 3607 706 3650 σοι
722 3585 801 3650 θέλω
816 3592 869 3668 τῆς
887 3587 960 3668 ἐμῆς
974 3585 1107 3668 χάριτος,
1129 3581 1232 3666 ἐπειδὴ
1253 3579 1271 3648 ό
1286 3583 1386 3669 πατὴρ
1404 3591 1463 3649 τῶν

308 3687 385 3754 ὅλων
400 3687 453 3754 τόν
467 3686 588 3775 άγγελόν
601 3709 657 3754 σον
672 3684 833 3762 διαπαντός
847 3689 948 3770 βλέπει
964 3686 1023 3773 πρό
1037 3685 1200 3772 προςοίποο
1216 3683 1341 3753 Ιἀύτοῦ.
1383 3683 1417 3750 ‘0
1431 3687 1463 3752 δὲ

309 3789 401 3866 τόπος
423 3797 499 3856 9τοῦ
519 3791 666 3876 μεγέθους
687 3793 719 3855 ἐν
733 3786 804 3872 ἡμῖν
820 3791 880 3854 ἐστι
902 3787 980 3854 Ιθθί
1000 3786 1084 3872 ἡμᾶς.
1128 3793 1185 3866 Είς
1200 3788 1234 3854 τό
1252 3791 1463 3873 ἐγκαταστῆσαι

308 3890 438 3976 λάμβανε
455 3899 574 3978 πρῶτον
591 3889 641 3958 ἄπ’
658 3895 731 3975 ἐμοῦ
751 3893 803 3956 καί
821 3889 860 3956 δι’
873 3893 948 3974 ἐμοῦ
965 3890 1019 3974 την
1034 3891 1128 3977 χάριν.
1173 3890 1359 3977 Εύτρέπισον
1376 3915 1462 3957 σεαυ-

341 4047 365 4100 2.
384 4042 463 4108 αύτός
480 4051 610 4100 emendatio
626 4052 718 4100 Ρείαοίι·
732 4053 772 4099 est.
804 4050 868 4098 Libri
934 4047 958 4100 3.
977 4043 1189 4118 εόχαριοτημέιου
1206 4051 1257 4100 cod.
1275 4051 1350 4100 λέιιελ.

308 4120 392 4168 habent
406 4111 499 4176 αύτοῖς.
531 4115 785 4169 Οοιττοτλιιινεπλλελε
799 4115 866 4182 ι’ριίτ.
935 4115 959 4168 4.
978 4119 1018 4184 qui
1036 4128 1074 4167 est
1091 4119 1122 4167 ab
1139 4133 1171 4168 εο
1188 4115 1360 4167 ιλλεειιινετλίλ
1374 4119 1465 4168 λεεασεί

345 4185 402 4235 (ἷκε.
422 4185 451 4235 11.
467 4213 500 4224 -·
519 4185 541 4237 λ.
555 4189 729 4248 Ιιιεοτίρίλοιτιιο
740 4201 787 4236 ποτε
801 4185 868 4234 habet
901 4187 1015 4247 λιιλττρτεε
1030 4189 1112 4248 Vetus,
1136 4187 1198 4236 απελτ
1215 4187 1298 4236 mum
1314 4191 1336 4234 τι
1353 4187 1466 4236 Pamin

308 4255 359 4304 τοσ.
375 4255 488 4317 Μία,
506 4257 615 4317 meipsa
628 4255 683 4304 ισίλ.
698 4256 814 4315 princeps.
841 4254 866 4302 V.
901 4252 1097 4319 κεκομισμένον,
1125 4255 1166 4303 Fr.
1185 4255 1266 4304 λαοίαε
1289 4253 1463 4320 πεφορημένοι
1493 4280 1502 4298 .

309 4323 430 4372 λτιοσειιιιι
443 4322 469 4384 1,
487 4320 535 4383 13,
552 4321 640 4384 ἳιτηη.
901 4323 1068 4372 sumariam
1096 4323 1170 4372 σοιλελ
1188 4324 1261 4372 Venti.
1278 4322 1351 4370 Vane.
1364 4323 1465 4384 θυσίη.

341 4389 366 4438 2.
390 4388 521 4455 proferens
543 4393 611 4440 οιτιίι
632 4390 722 4439 lmen·
745 4391 866 4452 λιττεραε.
899 4391 996 4440 nument
1018 4387 1222 4455 κεκοσμημένοις
1248 4392 1274 4439 ιἰι
1295 4390 1348 4438 oud.
1365 4389 1466 4453 My.

311 4452 635 4524 ῐίιισιΒίλλίνεπρσενεγκτέι
648 4458 867 4519 εοιιίιοίλτεοοκειι·
900 4462 994 4518 autem,
1020 4459 1047 4508 ιἰλ
1063 4459 1125 4521 quod
1141 4459 1231 4508 ιε’λεσλίο
1247 4459 1370 4506 mum
1384 4461 1467 4508 παλαι·

308 4525 373 4574 ἀντι.
900 4527 946 4575 ελσε
953 4559 962 4586 ,
978 4529 1028 4577 λοοο
1042 4529 1153 4590 meran]
1169 4527 1193 4576 ίιι
1206 4524 1320 4576 vocabulo
1333 4539 1464 4591 κεκοσμη-
