3110 4984
177 347 179 350 ·
294 321 352 382 104
715 333 837 422 ”ml
855 333 1025 386 nummu

291 453 350 512 τοῖν
372 427 634 535 προςδεκάμενον,
663 453 833 532 νομίσαντες
859 445 949 514 αύτδν
969 445 1044 517 εἶναι
1068 447 1120 516 τόν
1143 446 1277 538 Ἡράδην
1301 450 1443 537 Χριστόν,

290 550 343 616 καί
366 546 411 614 ἐπ’
432 545 517 639 αύτῷ
537 545 725 633 άπατάμενοι
752 548 943 633 ἐσεμνύνοντο
973 558 1014 640 τηῖ
1036 547 1171 640 Ἠράδη,
1203 555 1237 619 ἐκ
1265 561 1319 620 τοῦ
1348 556 1442 638 βητοῦ

291 653 563 736 συναρπασθένιες,
585 649 657 736 μετά
676 657 730 718 τοῦ
746 653 798 718 καλ
812 653 854 728 είς
868 649 955 738 χάριν
970 659 1024 718 τοῦ
1039 651 1104 718 τότε
1123 655 1264 734 βασιλέως
1285 659 1440 739 κενοδοξεῖ-

290 774 356 833 σαι,
377 760 432 819 τοῦ
448 755 620 839 εἰρημένου,
653 751 717 820 Ούκ
742 756 870 835 ἐκλείψει
892 751 991 838 άρχων
1007 757 1037 832 ἐξ
1052 752 1165 833 Ἰούδα,
1187 753 1257 822 ούδέ
1278 753 1443 842 ἡγούμενος

289 856 324 920 ἐκ
338 861 398 919 τῶν
419 860 521 941 μηρῶν
536 853 645 935 αύτοῦ,
667 857 723 931 ἕως
737 852 775 919 άν
796 856 873 944 ἔλθη
890 846 916 944 ιβ
926 851 1103 927 Ὶάιτόκειται·
1132 853 1173 932 τίς
1189 859 1221 922 δέ
1238 860 1295 941 ἐχει
1317 856 1353 924 τά
1370 857 1441 924 άλλα

289 951 468 1042 άντίγραφα,
490 958 547 1032 ἕως
562 959 638 1046 ἔλθη
656 949 681 1046 ᾦ
701 954 739 1020 τά
757 953 944 1039 άποκείμενα.
987 953 1167 1044 Ἐπεεδήπερ
1188 955 1355 1042 όἮριύδης
1371 959 1439 1037 υίός

286 1055 481 1144 Ἀντιπάτρου
501 1056 655 1144 ἐτύγχανεν
669 1056 880 1124 Ἀσκαλωνίτου
896 1056 976 1135 τινδς
998 1058 1171 1144 ίεροδούλου
1188 1057 1370 1138 ’Λπόλλωνος
1384 1068 1440 1128 τοῦ

289 1159 420 1239 είδιόλου,
443 1151 481 1225 ού
499 1157 518 1225 ό
533 1158 631 1244 πατὴρ
644 1165 699 1226 τοῦ
715 1157 809 1226 αύτοῦ
824 1156 1019 1245 Ἀντιπάτρου
1027 1157 1161 1246 Ἦρτόδης
1174 1163 1227 1245 μέν
1244 1156 1282 1246 ἦν
1295 1161 1439 1246 τοῦνομα,

288 1258 355 1337 υίδς
376 1261 410 1326 δέ
423 1253 463 1344 ἦν
479 1253 567 1338 οὗτος
582 1267 636 1328 τοῦ
651 1259 785 1327 Ἀντίπα·
807 1259 988 1346 αἰχμάλωτος
1006 1263 1039 1328 δέ
1055 1261 1174 1347 ἐλήφθη
1190 1259 1251 1330 ύπδ
1265 1260 1441 1347 Ἰδουμαίων

287 1358 306 1426 ό
321 1359 412 1438 αύτδς
424 1359 629 1448 Ἀντίπατρος,
650 1362 768 1430 κάκεῖσε
780 1366 813 1430 ἐν
833 1368 870 1453 τῇ
883 1359 1036 1451 Ἰδουμαία
1052 1368 1212 1448 διατρίβων
1231 1367 1364 1451 ἐγέννησε
1384 1365 1439 1432 τόν

285 1459 430 1547 Ἧροίδην.
478 1471 539 1532 Τοῦ
552 1466 584 1531 δέ
603 1464 715 1550 πατρός
734 1466 860 1548 πένητος
883 1461 969 1540 όντος
990 1467 1041 1530 καλ
1065 1463 1106 1550 μή
1132 1469 1297 1549 δυναμένου
1322 1467 1441 1553 λύτροις

287 1564 437 1647 ῥύσασθαι
457 1565 511 1632 τόν
533 1565 617 1648 υίδν,
645 1570 719 1653 λέγω
744 1566 781 1650 δὴ
801 1565 851 1633 τόν
863 1564 1072 1653 Ἀντίπατρον,
1102 1569 1214 1650 ἐμεινεν
1229 1571 1261 1634 ἐν
1278 1576 1375 1657 πολλῷ
1397 1576 1439 1657 τῷ

286 1657 383 1756 χρόνφ
402 1668 564 1734 δουλεύων·
594 1669 716 1756 ὕστερον
738 1670 771 1735 δέ
794 1667 947 1753 ἐλυτροόθη
972 1671 1003 1746 ἐξ
1028 1667 1138 1755 ἐράνου
1154 1677 1215 1735 ταῖν
1234 1677 1362 1736 πσλιτῶν
1382 1667 1440 1736 σύν

286 1775 329 1857 τῷ
347 1772 432 1836 παιδλ
445 1767 577 1861 Ἡράδη,
604 1773 656 1837 καλ
679 1778 823 1855 μετῆλθεν
845 1773 887 1847 είς
909 1769 946 1835 τά
968 1773 1069 1836 οίκεῖα.
1113 1771 1227 1855 Διόπερ
1249 1772 1326 1848 τινές
1348 1769 1439 1838 αύτδν

286 1874 423 1956 λέγουσιν
442 1870 626 1956 Ἰδουμαῖον,
654 1871 734 1940 άλλοι
754 1875 786 1938 δέ
805 1869 1019 1955 Ἀσκαλωνίτην
1040 1875 1150 1938 ίσασιν·
1180 1873 1303 1958 ύστερον
1325 1874 1356 1938 δέ
1375 1875 1441 1953 ἐφι-

286 1971 385 2056 λιάθη
402 1979 581 2064 Δημητρίῳ,
609 1977 661 2040 καὶ
677 1977 834 2061 ἐπίτροπος
852 1976 975 2058 κατέστη
994 1977 1045 2040 ἐπί
1064 1981 1118 2058 τῆς
1131 1971 1293 2054 Ἰουδαίας,
1315 1977 1347 2041 ἐν
1364 1973 1438 2060 γνού·

289 2096 332 2140 σει
351 2101 382 2141 τε
402 2080 520 2163 γέγονεν
532 2073 697 2167 Αύγσύστφ
714 2081 840 2160 βασιλεῖ,
860 2078 912 2142 καί
926 2073 987 2142 άπό
1006 2083 1061 2144 τοῦ
1077 2075 1279 2162 ἐπιτροπεύειν
1293 2083 1440 2162 προςηλυ-

286 2175 379 2258 τεύει,
401 2181 599 2265 περιτέμνεταί
616 2204 645 2244 τε
668 2181 719 2245 καλ
739 2175 846 2258 αύτδς,
872 2180 923 2244 καί
946 2179 1110 2264 περιτέμνει
1129 2175 1265 2264 Ἦράδην
1287 2175 1339 2242 τόν
1360 2175 1439 2256 υλδν,

287 2282 331 2356 είς
346 2279 381 2346 δν
400 2273 492 2365 ἦλθεν
513 2278 532 2348 ό
547 2288 655 2368 κλῆρος
676 2287 730 2363 τῆς
750 2288 809 2346 τῶν
824 2277 974 2346 Ἰουδαίων
990 2283 1146 2362 βασιλείας.
1184 2272 1240 2344 Ἦν
1254 2279 1287 2346 δέ
1301 2277 1440 2368 βασιλεύς

287 2385 319 2447 ἐν
333 2389 370 2472 τῇ
383 2380 512 2472 Ἰουδαία
527 2380 587 2450 ύπδ
607 2383 748 2465 1βασιλέα
762 2379 945 2467 Αύγουστον,
968 2379 1058 2458 αύτδς
1071 2376 1266 2458 ύπόσπονδος
1283 2378 1438 2467 ύπάρχων.

285 2481 368 2551 Ἐπεί
383 2477 439 2551 σύν
458 2487 489 2562 ἐξ
512 2482 684 2566 άλλοφύλων
700 2476 788 2560 ούιος
804 2482 965 2566 βασιλεύει,
986 2481 1061 2549 κατά
1077 2481 1221 2567 διαδοχὴν
1237 2484 1268 2548 δὲ
1285 2482 1440 2566 διήρκεσεν

287 2583 348 2652 άπδ
366 2595 419 2653 τοῦ
434 2585 532 2652 Ἰούδα
549 2588 601 2651 καλ
621 2583 680 2652 άπό
695 2593 749 2651 τοῦ
766 2585 865 2669 Ᾰαβλδ
885 2583 919 2652 τδ
935 2589 1082 2668 βασίλειον
1106 2587 1205 2651 καλοί
1221 2587 1253 2650 ἐκ
1268 2592 1322 2650 τοῦ
1338 2582 1440 2651 Ἰούδα

287 2685 425 2772 άρχοντες
443 2689 495 2754 καλ
509 2687 702 2774 πατριάρχαι,
725 2689 844 2771 μετέστη
862 2689 894 2752 δὲ
909 2685 942 2752 τό
960 2689 1108 2768 βασίλειον
1124 2689 1167 2762 είς
1186 2685 1367 2768 άλλόφυλον,
1389 2713 1441 2754 πι-

288 2786 386 2855 θανόν
399 2791 498 2866 ἐδοξεν
513 2792 545 2856 ἐν
560 2797 597 2880 τῇ
612 2787 763 2872 ύπολδφει
781 2796 841 2854 τῶν
861 2791 1093 2872 πεπλανημένων
1114 2788 1147 2854 ιδ
1172 2785 1365 2872 άπατηθῆναι
1385 2792 1439 2854 καλ

286 2895 405 2975 νομίσαι
421 2888 513 2957 αύτόν
530 2890 659 2976 Χριστόν
677 2887 771 2971 είναι,
800 2888 859 2956 άπό
880 2898 934 2974 τῆς
956 2887 1137 2967 άκολουθίας
1154 2897 1208 2956 τοῦ
1222 2891 1438 2974 προειρημένου

165 3024 218 3070 μς.
232 3013 264 3058 τε.
289 2998 383 3078 ῥητοῦ
396 2999 466 3072 τοῦ,
491 2990 556 3058 Ούκ
573 2995 698 3075 ἐκλείψει
713 2991 810 3077 άρχων
830 2995 860 3069 ἐξ
872 2989 984 3073 Ἰούδα,
1006 2995 1061 3069 ἕως
1079 2991 1117 3058 δν
1134 2995 1209 3082 ἐλθη
1234 2984 1259 3081 ηά
1275 2990 1438 3059 άπόκειται.

284 3095 338 3174 Ὡς
357 3091 432 3162 είναι
455 3101 542 3160 τοῦτο
568 3092 636 3180 παρ’
654 3089 761 3202 φύτοῖς
784 3096 920 3177 νοητέον,
950 3093 996 3161 ότι
1017 3092 1112 3183 τούτῳ
1134 3091 1287 3172 άπέκειτο,
1310 3099 1439 3175 θφασίν.

285 3195 434 3277 Ἐξέλιπον
453 3194 509 3283 γάρ
532 3198 656 3276 ἐκεῖνοι,
685 3199 737 3262 καί
759 3189 848 3272 οὗτος
871 3194 928 3262 ούκ
947 3193 1007 3261 άπδ
1032 3197 1136 3281 μένους
1157 3202 1211 3263 τοῦ
1229 3194 1348 3276 Ἰούδα,
1377 3194 1440 3262 άλλ’

287 3299 355 3368 ούτε
369 3299 445 3375 όλως
457 3306 510 3364 τοῦ
526 3295 644 3384 Ἰσραὴλ
659 3295 791 3386 ύπάρχει.
838 3297 940 3387 Ταύτην
960 3299 992 3363 δέ
1012 3294 1147 3364 άπέιιειτο
1163 3295 1238 3364 εἶναι
1255 3295 1393 3384 Χριστόν.

152 3423 219 3490 Κεφ.
239 3420 271 3493 β’,
370 3399 443 3468 Ἀλλ’
454 3403 559 3487 ἐλίγχει
571 3398 679 3476 αύτούς
693 3397 714 3484 ἡ
729 3397 894 3466 άκολουθία
906 3398 1063 3481 φάσκουσα
1076 3399 1139 3480 ότι,
1160 3397 1261 3477 Αύτδς
1274 3403 1441 3485 προςδοιιία

287 3507 396 3584 ἐθνῶν,
416 3505 468 3570 καλ
483 3500 529 3570 ἐπ’
545 3500 626 3595 αύτῷ
639 3505 715 3586 ἐθνη
731 3504 872 3568 ἐλπιοῦσι.
902 3508 1001 3569 Ποῖον
1015 3497 1048 3567 δέ
1063 3508 1122 3567 τοῖν
1139 3504 1240 3568 ἐθνῶν
1256 3503 1305 3568 ἐπὶ
1318 3499 1441 3592 Ἡρώδη

286 3603 404 3686 ἤλπισες
434 3615 507 3674 ποῖα
531 3605 563 3672 δέ
584 3609 747 3691 προςδοκία
768 3607 867 3670 ἐθνοόν
881 3602 1016 3690 Ἠροίδην
1039 3606 1216 3690 καραδοκεῖς
1247 3609 1312 3680 πῶς
1335 3603 1368 3668 δέ
1389 3603 1440 3686 τό,

287 3703 460 3788 Ἐκοιμύθη
475 3705 544 3793 παρ’
558 3705 675 3786 αύτοῖς,
697 3708 875 3792 ἐπληροῦτο,
905 3704 945 3782 άς
961 3708 1051 3783 λέων,
1079 3708 1129 3771 καλ
1153 3701 1195 3782 άς
1211 3703 1342 3788 σκύμνος
1356 3706 1441 3771 λέον-

287 3831 353 3886 τος,
373 3810 418 3882 τίς
436 3809 559 3895 ἐξεγερεῖ
574 3806 680 3888 αύιόν,·
707 3815 768 3874 πού
786 3809 818 3874 δέ
832 3811 955 3874 ἐπλυνεν
979 3811 1012 3874 ἐν
1028 3811 1128 3891 αἵματι
1150 3804 1203 3889 τὴν
1219 3807 1322 3890 στολήν
1342 3803 1441 3874 αύτοί

287 3905 307 3973 ό
322 3903 470 3992 Ἠρύδης,
491 3907 513 3991 ἢ
527 3913 559 3975 ἐν
576 3915 679 3994 αἵματι
694 3917 844 3992 σταφυλῆς
858 3908 891 3975 τό
907 3907 1096 3994 περιβόλαιον
1112 3905 1219 3990 αύτοῦ,
1242 3905 1283 3985 ούς
1300 3905 1443 3995 δκύριος

286 4007 373 4092 ἡμῶν
381 4005 502 4092 Ἰησοῦς
518 4010 645 4096 Χριστός
658 4010 691 4078 τό
707 4019 791 4095 σῶμα
807 4008 900 4078 αύτοῦ
914 4015 1053 4096 ρίαντίσας
1068 4013 1168 4093 αἵματι
1182 4018 1223 4100 τῷ
1237 4013 1313 4100 ίδίφ,
1333 4011 1385 4074 καλ
1404 4014 1445 4078 ἐν

287 4114 388 4195 αἵματι
405 4118 556 4195 σταφυλῆς
571 4112 604 4178 τδ
620 4113 808 4200 περιβόλαιον
820 4111 929 4192 αύτούς
950 4111 1033 4208 Ἀλλά
1050 4111 1144 4178 νόειδ
1159 4114 1241 4198 λέγω.
1286 4110 1359 4201 Ληίη
1377 4111 1443 4200 γάρ

287 4209 367 4279 σοιό
378 4211 482 4299 κύριος
501 4209 619 4278 σύνεσιν
635 4215 665 4280 ἐν
679 4221 779 4280 πᾶσιν.
811 4212 885 4304 Ἵνα
899 4213 955 4301 γάρ
975 4220 1055 4305 δείξη
1071 4211 1104 4280 τό
1120 4211 1287 4300 καθάρσιον
1307 4221 1361 4296 τῆς
1381 4223 1447 4280 τοῦ
1546 4287 1547 4294 ¹

287 4321 361 4380 λαοῦ
379 4321 433 4381 τοῦ
446 4318 551 4400 κυρίου
567 4313 784 4394 καταστάσεως,
805 4309 879 4400 ἦλθε
896 4315 946 4381 διά
967 4325 1021 4382 τοῦ
1045 4320 1122 4383 ἰδίου
1143 4320 1268 4399 αἵματος
1285 4323 1338 4399 τῆς
1353 4317 1448 4382 διδα-

288 4419 408 4494 σκαλίας
425 4424 559 4503 καθᾶραι
576 4415 646 4494 τούς
664 4415 789 4493 όδόντας
805 4425 865 4484 τῶν
881 4415 1069 4503 άνθροόπων,
1100 4416 1170 4494 τούς
1188 4421 1230 4495 είς
1245 4415 1317 4500 αἷμα
1333 4422 1450 4502 κνίσης

185 4561 189 4570 “
307 4554 365 4608 cn.
375 4557 441 4606 1.-
460 4554 630 4625 1.βασιλεύειι
638 4559 692 4608 edit.
701 4560 776 4620 princ.
812 4555 837 4608 2.
857 4559 930 4622 Vulva
938 4571 1024 4626 φησιν,
1039 4560 1234 4622 ηυοδυίιίοπτελ
1248 4559 1448 4610 mmmm.
