3112 4984
319 293 379 358 176
739 301 861 355 amor!
879 301 1048 354 mmm}

316 446 434 498 νονται,
461 421 512 485 ίνα
531 418 606 485 κατά
629 416 727 482 πάντα
748 416 860 502 τρόπον
880 421 979 503 φρίξεν
997 416 1165 504 ίργάσαμαι
1184 425 1248 493 τοῖς
1268 415 1412 486 ἀκούουσι
1434 418 1471 486 τά

316 520 385 608 παρ’
398 520 496 588 αύτῶν
509 519 649 606 γενόμενα
664 519 933 606 αίσχρονργήματα·
952 517 1022 603 μετά
1036 517 1091 605 γάρ
1105 517 1138 584 τό
1154 527 1275 606 μιγῆναι
1288 518 1381 586 πάθει
1394 547 1469 607 πορ-

315 629 396 700 υιίας
411 621 651 710 προςεπιτούτοις
668 619 865 698 ἀνατείνοντες
879 619 934 706 τὴν
951 623 1062 687 ἑαυτῶν
1078 625 1266 705 βλασφημίαν
1281 625 1323 697 είς
1337 619 1469 709 ούρανόν

316 728 429 809 δέχεται
443 725 496 808 μέν
514 721 548 789 τό
564 722 687 810 γύναιον
702 719 795 788 καλό
812 721 886 810 ἀνὴρ
900 722 956 807 τήν
969 722 1055 808 βύσιν
1068 721 1123 805 την
1139 721 1199 789 ἀπό
1215 729 1270 790 τοῦ
1289 721 1410 808 ἀρρενυς
1426 727 1468 801 είς

318 829 395 904 ίδίας
410 823 509 892 αότῶν
523 834 632 910 χεῖρας,
654 827 706 890 καλ
719 827 851 891 ἵστανται
866 829 908 902 είς
922 822 1052 911 ούρανόν
1067 822 1285 902 ἀνανεύσαντες,
1307 828 1356 891 ἐπί
1370 836 1468 911 χεῖρας

315 930 348 996 δέ
366 931 477 1012 ἔχοντες
492 926 547 1012 τήν
564 926 768 1013 ἀκαθαρσίαν,
789 929 840 992 καί
856 925 989 1011 ιῦχονται
1004 931 1115 1010 δῆθεν,
1138 930 1170 992 οί
1185 927 1238 1010 μέν
1254 931 1467 1012 Στρατιοιτικοί

315 1029 490 1113 καλούμενοι
503 1032 555 1096 καί
570 1031 731 1096 Γνωστικολ
747 1034 787 1117 τῷ
806 1033 903 1114 Πατρί
916 1050 990 1110 φασι
1005 1037 1065 1094 τῶν
1078 1028 1165 1110 ὅλοιν,
1186 1031 1400 1115 προςφέροντες
1412 1028 1464 1096 αύ-

314 1130 348 1199 τό
366 1129 400 1198 τό
420 1133 469 1198 ἐπί
485 1141 550 1207 ταῖς
566 1133 661 1215 χερσί,
690 1131 741 1196 καλ
756 1131 905 1216 λέγουσιν,
933 1127 1133 1216 Ἀναφέρσμέν
1148 1153 1194 1197 σοι
1211 1139 1298 1199 τοῦτο
1315 1135 1414 1218 δῶρον
1429 1132 1463 1200 τό

314 1239 399 1317 σῶμα
418 1241 472 1299 τοῦ
493 1239 638 1317 Χριστοῦ·
671 1233 722 1297 καλ
743 1231 839 1308 οῦτως
855 1229 926 1298 αύτδ
945 1235 1096 1312 ἐσθίουσι,
1126 1232 1392 1316 μεταλαμβάνοντες
1410 1233 1464 1317 τήν

314 1339 427 1402 έαυτῶν
443 1332 641 1421 ἀκαθαρσίαν,
664 1337 715 1398 καί
731 1357 816 1415 φασι,
843 1333 937 1400 Τοῦτό
953 1337 1012 1400 ἐστι
1028 1333 1060 1402 τό
1079 1340 1163 1417 σῶμα
1179 1341 1233 1401 τοῦ
1250 1341 1389 1420 Χριστοῦ,
1411 1338 1462 1400 καλ

264 1452 266 1458 ’
314 1435 402 1504 τοῦτό
420 1439 479 1502 ἐστι
494 1434 528 1502 τό
546 1433 662 1520 Πάσχα,
685 1435 731 1501 διό
748 1435 850 1519 πάσχει
864 1433 900 1500 τά
915 1433 1039 1520 ἡμέτερα
1056 1435 1185 1518 σώματα,
1208 1438 1259 1502 καλ
1274 1435 1463 1522 ἀναγκάζεται

315 1537 469 1623 ὁμολογεῖν
483 1536 516 1603 τό
531 1537 632 1614 πόθος
647 1545 701 1604 τοῦ
719 1545 858 1622 Χριστοῦ.
899 1535 1049 1614 Ὡςαύτοτς
1064 1539 1096 1603 δέ
1110 1541 1159 1605 καλ
1175 1537 1207 1606 τό
1225 1537 1284 1605 ἀπό
1298 1547 1349 1621 τῆς
1361 1565 1461 1625 γυναι-

313 1638 377 1718 κός,
400 1641 470 1706 όταν
482 1642 600 1725 γένηται
614 1636 707 1721 αύτιλν
722 1641 859 1726 γενέσθαι
873 1642 905 1706 έν
919 1638 1002 1724 δύσει
1014 1646 1067 1706 τοῦ
1079 1643 1212 1722 α’ίματος,
1234 1640 1266 1706 τδ
1282 1639 1463 1724 καταμήνιον

313 1742 462 1824 συναχθέν
475 1739 550 1832 αύτῇ
563 1739 636 1823 αίμα
650 1749 703 1824 τῆς
715 1739 902 1825 ἀκαθαρσίας
917 1738 1054 1818 ῶςαότως
1067 1741 1206 1825 λαβόντες
1216 1750 1302 1832 κοινῇ
1316 1744 1461 1820 ἐσθίουσι,

314 1845 382 1923 καλ,
409 1849 519 1923 Τοῦτο,
541 1846 649 1925 φασίν,
671 1845 731 1910 ἐστὶ
751 1841 784 1909 τό
807 1841 879 1926 αίμα
899 1851 953 1909 τοῦ
977 1849 1115 1929 Χριστοῦ.

181 1965 249 2032 Κεφ.
266 1957 295 2016 ι’.
397 1943 455 2012 Διό
469 1949 520 2012 καλ
534 1949 565 2012 ἐν
578 1941 766 2030 ἀποτρόφοις
779 1943 1027 2031 ἀναγινῶσκοντες
1040 1944 1095 2025 ότι,
1118 1941 1213 2011 Είδον
1227 1947 1351 2030 δένδρον
1366 1945 1461 2030 φέρον

312 2046 428 2114 δῶδεκα
441 2045 576 2132 καρπούς
591 2055 645 2113 τοῦ
661 2051 814 2127 ἐνιαυτοῦ,
836 2049 887 2112 καλ
902 2044 965 2112 είπέ
981 2072 1042 2129 μοι,
1068 2047 1163 2114 Τοῦτό
1181 2051 1241 2113 ἐστι
1256 2045 1288 2112 τό
1307 2046 1393 2125 ξύλον
1407 2055 1459 2130 τῆς

312 2157 403 2233 ζωῆς,
432 2149 450 2216 δ
471 2147 555 2215 αάτολ
572 2147 781 2235 ἀλληγοροῦσιν
804 2152 846 2224 είς
863 2147 916 2231 τόν
933 2147 1007 2214 κατά
1025 2157 1103 2232 μῆνα
1115 2151 1272 2234 γινομένην
1290 2153 1460 2234 γυναικείαν

199 2279 250 2326 τιτ-
263 2265 296 2310 ⁸²·
312 2251 406 2338 βόσιν.
450 2251 634 2337 Μισγόμενυι
653 2252 686 2316 δέ
704 2247 762 2332 μετ’
781 2246 911 2332 ἀλλήλων
925 2256 1110 2316 τεκνοποιίαν
1125 2249 1366 2336 ἀπαγορεύουσιν.
1412 2249 1459 2314 Οά

310 2353 366 2441 γάρ
383 2357 424 2431 είς
439 2352 473 2420 τό
489 2359 696 2435 τεκνοποιῆσαι
710 2349 778 2436 παρ’
797 2350 898 2427 αὐτοῖς
913 2349 934 2434 ἦ
951 2350 1055 2438 φθορά
1071 2353 1283 2432 ἐσπούδασται,
1313 2349 1371 2417 ἀλλ’
1387 2349 1458 2435 ἡδο-

309 2464 364 2540 νῆς
383 2455 484 2541 χάριν,
513 2463 568 2527 τοῦ
587 2453 728 2536 διαβόλου
746 2457 936 2536 ἐμπαίζοντας
953 2463 1013 2530 τοῖς
1029 2453 1190 2534 τοιούτοις,
1217 2457 1267 2520 καλ
1283 2452 1456 2538 καταχλευῶ·

309 2567 409 2637 ζοντος
423 2554 456 2622 τό
472 2559 505 2622 ἐκ
517 2564 592 2622 θεοῦ
607 2555 727 2638 πλάσμα
739 2559 968 2638 πεπλανημένον.
1002 2554 1085 2621 Ἀλλά
1099 2554 1152 2638 τήν
1168 2557 1220 2638 μέν
1234 2553 1348 2640 ἡδονὴν
1364 2558 1461 2624 ἐπιτε-·

308 2666 426 2738 λοῦσιν,
442 2661 482 2734 είς
497 2656 619 2734 έαυτούς
632 2659 664 2723 δλ
679 2655 922 2740 ἀπολαμβάνουσι
937 2657 973 2722 τά
986 2665 1040 2742 τῆς
1053 2656 1242 2755 ἀκαθαρσίας
1254 2655 1354 2723 αδίῶν
1368 2661 1454 2742 σπέρ·

309 2787 401 2844 ματα,
429 2757 470 2841 μὴ
486 2762 527 2836 είς
543 2765 729 2843 τεκνογονίαν
744 2757 1003 2842 καταβαλλόμενοι,
1030 2757 1101 2824 ἀλλά
1118 2757 1204 2826 αύτολ
1220 2758 1253 2825 τό
1272 2767 1325 2842 τῆς
1339 2758 1468 2843 αἰσχρά,

308 2887 396 2944 τητος
412 2863 569 2936 ἐσθίοντες.
609 2859 680 2926 Ἐἀν
698 2863 729 2926 δέ
741 2863 790 2926 καί
806 2869 971 2951 προληφθῇ
987 2886 1031 2937 τις
1046 2859 1144 2926 αύτῶν
1161 2864 1383 2946 ἐγκατασπεῖραι
1399 2859 1455 2942 τήν

307 2960 472 3046 καταβολὴν
488 2969 541 3044 τῆς
555 2961 630 3027 κατά
645 2960 734 3042 φύσιν
749 2961 846 3030 αὐτῶν
862 2961 1042 3048 ἀπορροίας,
1063 2966 1114 3028 καλ
1129 2963 1315 3052 ἐγκυμονήση
1329 2959 1349 3045 ἦ
1364 2961 1452 3047 γυνη,

307 3068 336 3130 τί
350 3062 513 3146 δεινότερον
528 3071 671 3146 τολμῶσιν
689 3069 720 3129 οδ
731 3071 858 3130 τοιοῦτοι
873 3063 972 3131 ἀκουε.
1017 3064 1264 3141 Κατασπάσαντες
1280 3063 1334 3151 γάρ
1350 3061 1383 3130 τό
1401 3066 1454 3146 έμ-

307 3171 411 3254 βρυον,
432 3173 526 3255 καιρῷ
540 3170 593 3254 οίῳ
610 3165 636 3232 δ’
651 3165 688 3231 ἀν
704 3165 917 3252 ἐπιχειρήσασι,
938 3165 1137 3249 λαμβάνουσιν
1152 3167 1300 3251 έκτρωθὲν
1315 3173 1402 3232 τοῦτο
1418 3164 1453 3232 τό

227 3346 231 3354 ¹
306 3271 433 3355 βρέφος,
455 3271 486 3334 ἐν
506 3267 608 3357 1όλμηι
625 3269 680 3333 τινί
696 3268 856 3334 κόπτουσιν
872 3265 983 3358 ύπέρητ,
1005 3270 1056 3333 καλ
1071 3272 1308 3354 ἐγκαταμίξαντες
1323 3269 1386 3350 μέλι
1401 3269 1454 3333 καί

305 3373 409 3455 πέπερι
425 3372 475 3435 καλ
493 3369 563 3434 ἀλλα
578 3368 642 3434 τινά
659 3368 798 3456 ἀρῶματα
813 3371 863 3436 καλ
881 3379 975 3456 μῦρα,
997 3369 1074 3457 πρός
1088 3369 1120 3436 τό
1139 3369 1179 3452 μή
1196 3377 1318 3436 ναυτιᾶν
1332 3367 1452 3446 αύτούς,

306 3471 401 3548 οῦτως
418 3473 611 3554 συναχθέντες
627 3470 732 3548 πάντες
755 3476 811 3537 ²05
824 3480 936 3554 τελετῆς
955 3479 1014 3537 τῶν
1030 3477 1137 3557 χοίρων
1152 3472 1263 3539 τούτων
1284 3473 1335 3537 καὶ
1353 3478 1453 3536 κυνῶν

275 3613 279 3632 v
305 3582 450 3640 θιασῶται
464 3572 734 3658 μεταλαμβάνουσιν
746 3576 867 3649 ἕκαστος
881 3581 922 3662 τῷ
937 3573 1071 3663 δακτύλῳ
1089 3572 1148 3639 ἀπό
1165 3581 1219 3640 τοῦ
1234 3575 1452 3648 κατοοιοπέντος

305 3679 438 3743 παιδίου.
486 3679 546 3741 Χαλ
560 3675 655 3751 οὕτως
669 3674 721 3756 τὴν
733 3673 981 3760 ἀνθραποβορίαν
996 3674 1230 3762 ἀπεργασάμενοι
1245 3674 1376 3758 εῦχυνται
1389 3683 1450 3740 λοι-

304 3773 364 3840 πόν
381 3783 420 3863 τῷ
434 3782 511 3865 θεῷ,
539 3777 600 3856 ότι,
631 3775 695 3842 Ούκ
712 3779 939 3860 ἐνεπαίχθημεν,
962 3780 1067 3859 φασίν,
1089 3775 1148 3844 ἀπό
1165 3785 1217 3843 τοῦ
1225 3775 1385 3864 ’Ἀρχοντος
1397 3783 1451 3858 της

305 3877 480 3958 ἐπιθυμίας,
502 3875 572 3942 ἀλλά
589 3881 776 3962 συνελέζαμεν
792 3879 827 3944 τό
842 3877 1029 3962 παράπτωμα
1046 3886 1100 3945 τοῦ
1119 3877 1260 3960 ἀδελφοῦ·
1287 3881 1338 3944 καλ
1355 3883 1450 3962 δῆθεν

303 3983 389 4042 τοῦτο
406 3973 440 4040 τό
457 3979 562 4042 τέλειον
578 3979 683 4064 Πάσχα
699 3979 848 4064 ἡγοῦνται.
883 3979 973 4045 Ἀλλά
986 3983 1018 4045 δέ
1033 3980 1087 4046 δσα
1100 3980 1183 4047 δεινά
1197 3980 1299 4058 αύτοῖς
1313 3979 1449 4062 τετόλμη·

303 4105 358 4144 ται
393 4077 489 4142 Ὅταν
504 4077 559 4164 γάρ
574 4079 662 4147 πάλιν
676 4084 814 4165 ἐμμανεῖς
829 4083 862 4147 ἐν
875 4084 989 4158 έαυτοῖς
1003 4083 1158 4168 γένωνται,
1179 4081 1324 4168 φύραντες
1336 4083 1451 4147 έαντιῦν

302 4179 355 4258 τάς
375 4188 470 4266 χεῖρας
488 4188 540 4262 τῆς
560 4184 674 4247 έαυιῶυ
694 4183 882 4270 αίσχρόιητος
902 4191 939 4274 τῇ
955 4181 1101 4272 ἀπορροίη
1119 4187 1291 4271 ἀγείρονται,
1319 4185 1371 4248 καί
1393 4181 1450 4259 vde

302 4283 416 4348 ἑαυτῶν
433 4283 648 4365 μεμολυσμένας
665 4295 763 4372 χεῖρας
778 4287 892 4370 ἔχοντες
908 4284 1042 4369 εῦχονται
1058 4289 1165 4373 γυμνοί
1185 4287 1243 4375 δλῳ
1265 4293 1305 4376 τῷ
1321 4283 1448 4367 σάματι,

336 4437 393 4488 Cu.
411 4439 441 4489 V.
460 4469 491 4479 -
519 4438 541 4492 1.
561 4433 632 4510 όλμῷ
653 4442 704 4492 cod.
720 4443 816 4507 ίίδιδίρ.
834 4447 856 4494 τί
921 4439 946 4492 ’2,
964 4441 987 4494 οἱ
1003 4443 1109 4508 τελετῆς
1123 4443 1173 4494 τῶν
1191 4457 1243 4494 meo
1258 4447 1290 4493 ιτί
1304 4443 1447 4492 απεπδοίίο.

300 4507 353 4554 *ὖέέ
367 4509 441 4568 W·
887 4511 952 4560 um
967 4511 1050 4562 λαθιιιί
1066 4511 1090 4563 οἱ
1105 4511 1155 4576 τῆς
1167 4512 1225 4564 τῶν.
1259 4511 1370 4562 Petam
1382 4511 1448 4560 τ’ίίιιδ
