3106 4990
363 307 498 360 ranann
517 307 580 360 ars.
591 307 611 359 1.
629 307 711 358 ron.
727 308 768 358 ιιι.
784 307 884 358 nasa.
899 307 1049 358 xxxam.
1224 293 1286 358 509
1376 293 1382 304 '

126 426 169 492 tia
186 427 236 492 rel
249 427 284 492 ad
299 429 466 513 usurpanda
481 427 527 492 dei
543 427 683 514 mysteria
700 427 905 507 convenimus,
929 426 1037 491 nullum
1055 425 1206 491 nobiscnm
1221 447 1287 490 sce-

125 532 193 608 lns,
226 532 403 616 voluptatem
427 531 552 610 nullutn,
585 530 679 594 uullea
704 551 767 594 cnm
794 549 938 614 quoquam
961 527 1142 608 simultates,
1177 527 1285 592 nullum

127 633 255 718 deniqne
273 634 302 696 ia
322 633 553 698 animisnostris
571 629 764 718 improbitatis
780 630 935 715 vestigium
954 631 1121 694 ederamus.
1167 631 1286 716 Alioqui

128 737 277 820 quomodo
291 736 452 800 columbam
466 734 656 812 imitabimur,
673 733 730 798 nisi
744 733 871 798 malitiae
885 732 976 798 simus
991 735 1150 818 expertes?
1177 731 1286 815 Quam-

128 858 216 922 quam
235 859 328 921 genus
345 838 414 902 illnd
431 839 527 902 adium
547 859 605 901 non
624 837 702 900 onrni
721 857 759 900 en
777 848 861 922 parte
880 834 1024 900 laudabile
1040 836 1090 898 sit.
1136 833 1192 898 Est
1209 837 1285 900 eninr

127 941 305 1026 propensius
320 941 349 1004 in
365 940 530 1018 libidinem,
556 960 591 1004 ac
605 939 682 1003 coitu
701 938 881 1023 frequentius
894 938 1002 1016 utitur,
1027 947 1125 1023 utpote
1141 938 1286 1004 salacissi-

126 1063 207 1106 mum
233 1054 262 1106 et
288 1044 490 1128 voluptuosum
513 1041 638 1120 animal,
672 1042 745 1106 adde
766 1035 942 1104 imbecillum
970 1050 1001 1102 ct
1026 1040 1175 1123 Ignavum.
1227 1039 1286 1105 Sed

127 1145 207 1230 qnod
222 1145 296 1209 idem
308 1146 426 1210 minime
443 1145 547 1210 malano
563 1145 736 1230 patiensque
750 1145 800 1222 sit,
822 1164 876 1206 nec
891 1143 1016 1207 iniuriae
1032 1144 1207 1222 meminerit,
1227 1154 1286 1208 tum

127 1268 204 1312 vero
219 1248 295 1333 qnod
313 1247 463 1312 columbae
481 1247 579 1332 specie
594 1247 714 1332 spiritus
730 1255 848 1310 sanctus
862 1245 1047 1330 apparuerit,
1071 1245 1194 1331 idipsum
1213 1247 1289 1330 qnod

127 1349 244 1435 spiritui
263 1360 366 1414 sarrcto
382 1360 498 1434 gratnm
515 1371 548 1414 ac
564 1349 720 1414 iucundum
738 1359 800 1426 est,
830 1347 996 1412 innocentis
1012 1348 1163 1412 columboe
1179 1348 1288 1434 simpli-

127 1453 247 1517 eitatem
263 1451 371 1516 imitari
391 1473 445 1518 uos
463 1451 509 1516 dei
526 1450 656 1516 Verbum
673 1452 840 1532 admonuit;
872 1464 919 1528 ut,
952 1452 1027 1534 quod
1045 1451 1080 1514 ad
1097 1450 1203 1515 bonum
1221 1453 1288 1516 atti-

128 1564 198 1634 net,
230 1555 389 1640 prudentes
412 1565 441 1617 et
460 1553 574 1632 callidi,
607 1555 642 1618 ad
662 1554 767 1618 malunt
786 1575 858 1616 vero
876 1553 1022 1637 simplices
1040 1573 1107 1618 esse
1124 1552 1286 1618 videamur.

129 1654 199 1740 Qua
216 1658 330 1721 ratione
345 1658 440 1722 omnis
457 1657 570 1722 illorum
586 1656 762 1722 machinatio
779 1655 960 1720 dissolvitur.
1000 1653 1077 1720 Nam
1095 1667 1125 1719 et
1140 1657 1288 1740 apostolus

127 1761 341 1824 veteratoriam
360 1759 547 1824 calliditatem
568 1770 598 1823 et
616 1759 753 1824 malitiam
773 1759 1015 1823 abundantiorem
1034 1758 1104 1823 nulli
1124 1779 1209 1843 quam
1227 1759 1288 1823 dia·

127 1862 200 1926 bolc
218 1883 253 1926 ac
271 1862 400 1948 serpenti
420 1862 532 1927 tribuit.
581 1867 688 1936 Timeo,
712 1860 822 1946 inquit,
847 1885 882 1924 ne
897 1866 974 1922 sient
988 1882 1104 1941 eerpem
1116 1865 1221 1924 lienam
1241 1873 1440 1932 retornus.

130 1969 220 2028 cmc
230 1977 336 2028 cetuna
351 1987 414 2039 suc,
439 1970 480 2027 ito
494 1975 713 2046 corrumpentur
726 1987 826 2026 sensns
841 1969 937 2038 uertan',
962 1975 992 2025 et
1003 1968 1137 2027 accedunt
1150 1985 1167 2025 α
1182 1968 1290 2046 sr'rnplt'·

129 2073 219 2130 ritate
238 2080 266 2130 at
286 2073 417 2132 resolute
433 2071 543 2130 curun
560 2089 594 2129 ac
615 2071 734 2130 ansn‘ta'a.
783 2065 858 2132 Vide
876 2077 908 2130 nt
925 2087 999 2150 quae
1018 2077 1120 2130 contra
1139 2063 1253 2132 Ilevam
1272 2089 1288 2130 a

131 2181 271 2254 serpente
294 2181 404 2236 structe
428 2181 496 2234 sunt
517 2171 712 2256 corruptelam
736 2180 766 2234 ct
782 2169 987 2254 nequissimam
1004 2169 1140 2234 astutiam
1158 2191 1194 2234 ac
1212 2173 1290 2235 lruu-

129 2275 198 2338 dem
214 2275 363 2359 apostolus
381 2293 448 2338 esso
464 2273 649 2358 pronuntiet,
675 2293 769 2357 neque
787 2273 872 2336 laude
889 2271 1007 2356 dignum
1026 2271 1169 2356 quicpiam
1187 2272 1223 2336 ab
1239 2273 1289 2337 illo

130 2385 331 2462 perpetratum
354 2376 484 2442 definiat.

230 2475 377 2562 Quocirca
403 2479 482 2542 omni
512 2499 552 2542 ex
578 2489 660 2564 parte
686 2477 800 2542 illorum
826 2475 1038 2561 constringitur
1066 2497 1100 2540 ac
1127 2476 1293 2542 declaratur
1312 2484 1425 2554 eaptx.

131 2580 280 2659 amentia,
304 2579 329 2644 si
347 2581 411 2667 quis
430 2581 563 2646 veritatis
581 2581 741 2644 doctrinam
758 2600 792 2643 ac
808 2578 928 2665 spiritus
943 2579 1037 2644 sancti
1052 2579 1205 2644 scientiam
1221 2580 1292 2644 velit

130 2683 299 2770 percipere.
346 2681 406 2748 Sed
426 2705 462 2748 ne
480 2694 595 2769 tempus
612 2682 687 2747 ultra
705 2694 874 2762 conteram,
898 2682 952 2746 bac
969 2683 1050 2746 velut
1069 2681 1174 2746 difficili
1191 2703 1226 2746 ac
1242 2702 1292 2768 pc·

131 2785 263 2851 riculosa
281 2787 374 2871 pelagi
391 2795 563 2871 tempestate
577 2787 759 2871 perfunctus,
781 2784 917 2870 scapham
934 2786 969 2848 ad
984 2785 1058 2849 alins
1073 2785 1291 2869 navigationum

130 2909 239 2954 cerens
262 2887 434 2974 expediens
466 2889 540 2952 adeo
562 2900 594 2952 nt
613 2891 712 2952 lauces
731 2888 810 2972 ipsas
828 2887 960 2952 studiose
978 2899 1112 2967 teneam,
1144 2888 1242 2952 divina
1262 2886 1291 2953 vi

130 3013 169 3056 ac
186 3003 355 3056 sanctorum
373 2991 508 3077 precibus
525 2991 671 3069 confisus,
696 3002 727 3054 nt
743 3001 774 3054 et
787 2991 979 3055 vehementes
996 2992 1062 3055 irati
1080 2991 1170 3056 maris
1187 2990 1290 3054 ductus

130 3106 163 3160 et
183 3103 393 3159 venenatarum
410 3093 516 3158 ibidem
533 3093 692 3165 bestiarum
709 3093 823 3178 speeies
840 3095 1053 3179 praetereundo
1068 3095 1230 3170 videamus,
1247 3092 1290 3156 oi-

131 3198 232 3282 bilque
253 3197 337 3260 nobis
360 3197 476 3260 interim
498 3217 701 3262 muraenarum
728 3207 778 3260 aut
796 3197 965 3282 pastinacae
987 3206 1039 3259 aut
1057 3196 1219 3260 dracaenae
1241 3202 1290 3257 ant

130 3299 275 3364 carcharii
296 3300 345 3363 rel
363 3319 543 3384 scorpaenae
566 3301 648 3363 virus
671 3299 754 3362 exitii
777 3299 899 3377 afferat,
930 3319 966 3362 ac
985 3302 1099 3360 demum
1119 3297 1154 3360 ad
1175 3295 1287 3360 lelicenn

130 3402 270 3468 recitatis
291 3411 405 3487 portum
428 3401 562 3486 precibus
585 3412 616 3464 et
638 3399 819 3465 orationibus
842 3401 906 3464 freti
930 3399 1077 3484 navigium
1099 3399 1288 3484 appellamus,

130 3517 164 3570 nt
190 3505 262 3570 baec
286 3505 315 3567 in
340 3503 424 3568 nobis
446 3523 515 3567 vera
538 3503 577 3566 sit
599 3503 762 3588 scripturae
785 3502 947 3567 sententia:
982 3507 1038 3581 Qui
1056 3505 1194 3582 cunigunt
1213 3523 1290 3564 more
1303 3511 1392 3609 ,¹3⁸¹st

130 3615 253 3672 vr'rmree
273 3611 380 3670 demetri
395 3619 525 3670 narrant.
574 3605 619 3668 Aa
638 3606 759 3669 alteram
780 3605 868 3690 igitur
885 3605 1040 3688 deinceps,
1073 3613 1104 3668 nt
1120 3605 1149 3667 id
1167 3624 1287 3668 narrare
1339 3596 1347 3620 ¹

129 3711 296 3799 possimus,
320 3711 528 3796 protectionem
552 3708 744 3794 accingimur.

378 3949 719 4026 ADVERSUS
761 3945 1050 4040 caldana,

305 4095 387 4166 quae
415 4077 466 4147 est
490 4070 639 4146 haeresis
658 4071 809 4166 XVIII,
835 4071 905 4147 circ
924 4066 1123 4144 XXXVIII.

222 4218 280 4305 Qui
296 4220 401 4289 Cainui
419 4221 507 4306 vulgo
523 4233 727 4309 nuncupantur
742 4223 877 4286 haeresin
895 4243 977 4287 suam
996 4215 1122 4284 aCaino
1138 4215 1288 4302 cognomi·
1307 4225 1366 4294 dap.
1378 4227 1397 4275 t.

129 4335 254 4392 nerunt.
302 4325 388 4390 Ilunc
404 4325 482 4391 enim
500 4327 686 4410 praedicant,
710 4338 739 4389 et
759 4336 907 4410 parentem
925 4345 1010 4390 suum
1028 4321 1183 4408 appellant.
1230 4315 1289 4403 Qui

130 4430 252 4516 quidem
270 4429 378 4511 variis,
411 4440 443 4494 ut
459 4429 500 4494 ite
517 4431 629 4510 dicam,
661 4429 828 4496 eductuum
845 4427 1048 4494 iactationibus
1064 4424 1171 4490 emersi
1186 4424 1288 4488 ecdem
