3112 4984
321 337 382 398 230
519 375 521 382 ι
747 343 870 396 θλΝσλἸ
886 341 1054 396 ΕΡΙΡΗΑΝΙΙ

325 461 489 545 Ἐυομίσθη
512 460 568 548 γόρ
590 458 678 527 τοῦτό
700 481 758 526 τισι
780 457 821 544 μὴ
837 466 1064 544 πεπληρῶσθαι·
1094 457 1178 541 ὅμως
1193 453 1235 536 είς
1250 461 1329 527 ἐστιν
1351 462 1485 548 ἐροῦμεν

332 561 466 647 Οῦδεγιία
486 561 543 650 γῦρ
564 565 639 642 λέξις
658 569 712 648 τῆς
733 559 819 650 δγίας
839 569 893 628 τοῦ
914 568 991 628 θεοῦ
1012 568 1131 650 γραφῆς
1152 565 1309 628 διαπίπτει.

195 891 262 957 Κεφ,
277 886 309 959 γ’,
414 868 529 955 Θρόνος
542 865 599 956 γδρ
613 869 711 952 Δαβιδ
724 869 774 934 καί
790 865 926 950 βασιλικὴ
941 869 1012 954 έδρα
1027 869 1106 935 ἐστίν
1126 864 1192 951 ἥέν
1206 873 1242 958 τῇ
1257 865 1327 957 ῦγίρι
1343 869 1482 958 ἐκκλησίᾳ

333 969 493 1057 ίερωσῦνη,
516 969 590 1055 ὅπερ
607 967 720 1053 όξίωμα
736 968 889 1052 βασιλικόν
902 995 934 1036 τε
947 973 997 1036 καί
1012 967 1214 1055 όρχιερατικδν
1229 967 1307 1053 όμοῦ
1322 968 1482 1038 ἐπιεοαντό

331 1072 470 1156 συνάψας
494 1069 512 1138 δ
533 1070 637 1159 κύριος
658 1070 821 1158 δεδόρηται
838 1078 874 1162 τῇ
898 1067 968 1160 όγίηι
991 1069 1085 1138 αὐτοῦ
1108 1075 1262 1160 ἐκκλησία,
1290 1070 1345 1139 τόν
1365 1071 1483 1158 θρόνον

331 1172 501 1261 μεταγαγοῦυ
527 1177 559 1240 έν
583 1171 659 1264 αῦτῇ
684 1171 737 1240 τόν
759 1181 813 1239 τοῦ
834 1175 933 1257 Δαβίδ
956 1171 998 1258 μή
1030 1177 1216 1240 διαλείποντα
1241 1177 1284 1250 είς
1304 1171 1358 1240 τόν
1378 1177 1482 1239 αίοῖνα.

330 1275 438 1342 Ἐκεῖσε
453 1274 509 1362 γόρ
524 1273 600 1341 κατῦ
611 1273 753 1360 διεδογήν
772 1274 906 1362 διήρκεσε
919 1274 1031 1360 θρόνος
1043 1278 1143 1359 Δαβίδ
1158 1277 1214 1352 ἐως
1228 1273 1320 1341 αῦτοῦ
1334 1281 1388 1340 τοῦ
1408 1281 1482 1356 Χρι·

333 1385 420 1457 ατοῦ,
448 1375 490 1460 μὴ
509 1376 720 1444 διαλειπόντων
735 1384 795 1443 τοῦν
811 1379 842 1456 ἐξ
856 1375 958 1444 Ἰοῦδα
976 1375 1124 1463 ἐργόντων
1139 1379 1194 1456 έως
1210 1370 1302 1460 ἦλθεν
1316 1370 1340 1466 ηδ
1353 1375 1391 1443 τό
1407 1375 1481 1444 δπο-

334 1483 450 1560 ιιείμενα
466 1471 520 1560 ἦν,
543 1481 590 1544 καί
611 1476 700 1558 αῦτδς
721 1483 883 1564 προςδοκία
902 1483 1017 1560 ἐθνῶν,
1038 1483 1137 1561 φησίν.
1173 1477 1301 1562 Ἒληξαν
1317 1479 1374 1565 γδρ
1394 1481 1428 1546 ἐν
1445 1487 1483 1568 τῇ

333 1586 387 1646 τοῦ
408 1586 539 1662 Χριστοῦ
556 1585 756 1670 παρουοίιγοί
768 1581 844 1647 κατδ
860 1579 1001 1664 διαδοχὴν
1019 1583 1049 1660 ἐξ
1062 1579 1167 1648 Ἰοῦδα
1181 1579 1336 1667 ἄρχοντες,
1357 1583 1414 1657 ἕως
1429 1579 1481 1646 αῦ-

334 1687 461 1748 τοῦτοῦ
481 1687 611 1766 Χριστοῦ
628 1681 794 1768 ἡγούμενοι.
838 1685 963 1748 Διίπεσε
982 1681 1038 1768 γόρ
1061 1679 1083 1765 ἦ
1101 1681 1197 1762 τάξις,
1225 1685 1278 1748 καί
1294 1685 1379 1765 ίστη,
1402 1682 1483 1760 ἐξότε

334 1781 424 1860 αότδς
437 1789 571 1870 γεννᾶται
593 1787 625 1850 έν
646 1785 782 1868 Βηθλεέμ
798 1790 852 1868 τῆς
869 1781 1036 1860 Ἰουδαίας,
1066 1785 1116 1850 ἐπί
1134 1781 1324 1871 Ἀλεξάνδρου
1345 1791 1398 1850 τοῦ
1421 1783 1483 1850 όπό

335 1889 438 1972 γένους
455 1888 604 1971 ἱερατικοῦ
619 1888 671 1952 καί
684 1891 849 1970 βασιλικοῦ.
893 1883 957 1967 ’.ἐφ’
978 1878 1015 1952 οῦ
1036 1883 1228 1972 Ἀλεξάνδρου
1246 1887 1378 1952 διέπεσεν
1393 1879 1484 1963 οὗτος

335 1987 354 2056 ό
367 1993 474 2074 κλῆρος
489 1985 549 2053 όιεό
564 1986 677 2074 χρόνιον
691 1985 784 2055 αῦτοῦ
800 2012 829 2053 τε
843 1990 894 2054 καί
910 1992 1068 2067 Σααλίνας,
1091 1995 1144 2070 τῆς
1158 1989 1209 2053 καὶ
1225 1985 1416 2072 Ἀλεξάνδρας
1430 2015 1483 2054 κα·

334 2091 492 2173 λουμένης,
515 2091 563 2156 έπΙ
579 2098 641 2166 τοῖς
654 2090 772 2176 χρόνοις
786 2079 920 2176 Ἦριίδου
935 2096 991 2156 τοῦ
1009 2092 1150 2174 βασιλέως
1162 2091 1214 2154 καὶ
1229 2088 1407 2176 Αῦγοόστου
1424 2097 1485 2156 τοῖν

333 2191 483 2276 Ῥωμαίων
509 2188 736 2278 αῦτοκριίτορος.
770 2191 828 2267 Ὃς
848 2194 900 2258 καί
921 2191 1050 2275 διάδημα
1074 2193 1199 2258 ἐπέθετο
1220 2193 1329 2281 ἐαυτῷ,
1361 2189 1485 2258 6212&-

336 2299 461 2380 ξανδρος
478 2285 582 2373 οὗτος,
605 2291 648 2370 είς
661 2300 721 2360 τοῦν
736 2300 862 2380 χριστῶν
877 2295 929 2359 καί
943 2291 1116 2380 ἡγουμένων
1129 2291 1279 2378 όπόργων.
1307 2299 1484 2373 Συναφθτι·

335 2403 397 2462 σῦν
414 2395 469 2482 γδρ
486 2403 546 2460 τοῖν
570 2395 626 2462 δόο
648 2403 751 2477 φυλῶν
773 2401 828 2461 τοῦ
842 2419 873 2460 τε
889 2398 1042 2478 βασιλικοῦ
1062 2397 1114 2462 καί
1130 2399 1295 2478 ίερατιιιοῦ,
1324 2393 1427 2460 Ἰοόδα
1449 2398 1486 2461 δέ

335 2523 412 2581 φημι
424 2499 476 2562 καί
489 2495 623 2580 Ἀαροδν,
644 2501 697 2564 καί
710 2495 808 2582 πόσης
823 2503 876 2581 τῆς
891 2504 946 2563 τοῦ
961 2500 1055 2574 Λευὶ,
1084 2499 1163 2562 οῦτω
1181 2501 1309 2579 βασιλεῖς
1325 2498 1378 2562 καί
1394 2500 1486 2582 ἱερεῖς

335 2601 474 2684 ἐγίνοντο.
520 2597 565 2663 Οιί
578 2599 633 2685 γδρ
649 2599 790 2686 διήμαρτέ
803 2625 832 2664 τι
845 2607 904 2665 τῶν
918 2596 978 2664 dud
991 2603 1043 2680 τῆς
1057 2595 1143 2683 δγίας
1156 2606 1274 2684 γραφῆς
1290 2599 1483 2685 αίνιγμότων.

340 2700 412 2764 Τότε
427 2700 459 2764 δέ
475 2698 580 2766 λοίπόν
596 2699 760 2783 δλλόφυλος
781 2699 916 2783 βασιλεῦς
935 2697 1083 2784 Ήροίδης,
1113 2701 1163 2765 καί
1180 2697 1279 2765 οόκίτι
1297 2703 1330 2765 εί
1348 2698 1409 2768 οίπδ
1426 2709 1484 2767 τοῦ

336 2801 435 2883 Δαβίδ
451 2799 581 2884 διάδημα
596 2803 746 2868 ἐπέθεντο.
790 2800 1025 2884 Μεταπεσοόσης
1042 2803 1074 2867 δέ
1090 2808 1144 2885 τῆς
1161 2805 1314 2884 βασιλικῆς
1328 2803 1485 2888 καθέδρας

334 2905 367 2969 ἐν
387 2908 505 2990 Χριστῷ
518 2904 565 2968 ἐπί
582 2901 636 2986 τὴν
654 2907 807 2987 ἐκκλησίαν
825 2901 884 2969 όπδ
903 2903 955 2986 μέν
974 2905 1061 2969 οίκου
1076 2910 1130 2969 τοῦ
1145 2910 1289 2988 σαρκικοῦ
1303 2901 1406 2970 Ἰοόδα
1427 2907 1484 2972 καί

338 3001 479 3091 ΙἸσραήλ
498 3001 531 3068 τό
551 3004 703 3088 βασιλικόν
727 3007 845 3088 μετέστη
867 3002 994 3088 όξίωριο,
1025 3007 1142 3089 ἵδρυται
1166 3005 1198 3069 δέ
1218 3001 1366 3090 όθρόνος
1387 3007 1420 3070 έν
1441 3013 1483 3094 τῇ

333 3104 403 3196 όγίρι
421 3113 476 3172 τοῦ
494 3112 571 3172 θεοῦ
591 3108 728 3197 ἐκκλησία
751 3110 793 3184 είς
809 3104 861 3173 τόν
878 3109 988 3188 αέοῑνα,
1018 3107 1051 3173 ἐιι
1068 3105 1123 3172 δόο
1149 3104 1328 3192 προφάσεων
1347 3107 1422 3190 έχων
1443 3107 1483 3174 τό

331 3209 461 3292 όξίωμα,
482 3213 537 3276 τοῦ
554 3233 585 3274 τε
606 3212 759 3292 βασιλικοῦ
779 3210 831 3275 καί
852 3215 906 3274 τοῦ
920 3206 1131 3294 δρχιερατικοῦ.
1176 3210 1237 3272 Καί
1252 3207 1285 3273 τό
1298 3208 1349 3289 μέν
1365 3211 1484 3290 βασιλε-

331 3312 386 3379 κδν
407 3309 467 3378 όπό
489 3317 543 3380 τοῦ
562 3316 669 3396 κυρίου
692 3309 775 3395 ἡμῶν
801 3308 903 3394 Ἰησοῦ
925 3317 1057 3395 Χριστοῦ
1076 3307 1152 3374 κακοὶ
1173 3308 1230 3375 δῦο
1251 3308 1395 3396 τρόπους,
1426 3311 1484 3376 διό

331 3413 414 3481 νεεδ
435 3411 510 3480 είναι
537 3410 628 3479 αῦτδν
649 3415 682 3480 ἐκ
708 3415 874 3498 σπέρματος
895 3414 992 3496 Δαβὶδ
1018 3418 1073 3477 τοῦ
1099 3411 1241 3493 βασιλέως
1267 3409 1343 3476 κατὰ
1369 3413 1485 3498 σόρικα,

210 3555 262 3599 ηις.
276 3543 320 3585 ιιι.
332 3517 383 3582 ιιαΙ
398 3513 431 3581 τό
447 3513 524 3582 εἶναι
540 3513 646 3594 αῦτδν,
667 3513 741 3598 ὅπερ
763 3516 838 3593 ἐστί,
860 3516 980 3598 βασιλέα
998 3517 1114 3596 μείζονα
1130 3510 1180 3578 ἐπ’
1195 3515 1305 3588 αίιῦνος
1328 3511 1403 3578 κατὰ
1423 3513 1486 3599 τὴν

331 3615 474 3700 θεότητα·
504 3616 537 3684 τό
554 3618 586 3682 δέ
601 3615 762 3704 ίερατικδν,
783 3615 830 3684 ότι
846 3614 936 3693 αῦτδς
956 3612 1105 3700 δργιερτῦς
1123 3616 1174 3679 καί
1195 3610 1352 3699 όρχιερέων
1367 3613 1487 3698 κρόκα.

331 3741 387 3794 νις,
408 3721 642 3796 κατασταθέντος
658 3717 752 3797 εῦθῦς
768 3716 880 3801 Ἰαιιαίβ
893 3723 947 3784 τοῦ
959 3714 1090 3798 ἀδελφοῦ
1105 3719 1210 3800 κυρίου
1225 3717 1412 3798 καλουμένου
1427 3721 1487 3784 παλ
1548 3771 1549 3791 ,

334 3813 499 3885 ιίποστόλου
515 3822 694 3903 ἐπισκόπου,
721 3819 841 3908 κρότου
859 3823 928 3886 υίοῦ
943 3825 997 3886 τοῦ
1012 3816 1125 3902 Ἰωσὴφ
1142 3815 1231 3899 φύσει
1244 3813 1345 3896 ὄντος,
1374 3819 1408 3884 ἐν
1429 3824 1487 3884 ταί.

336 3921 377 3996 ξει
399 3919 430 3982 δέ
450 3918 580 4002 όδελφοῦ
600 3931 653 3989 τοῦ
674 3928 780 4010 κυρίου
800 3923 962 4004 κληθέντος
983 3918 1033 3986 διδ
1053 3918 1108 4003 την
1128 3917 1385 4004 συναναστροφην.

368 4125 427 4208 Cn:-
447 4127 489 4176 ΙΙΙ·
513 4153 559 4210 -ρ
583 4131 602 4179 Ι·
621 4131 702 4179 ΙΙΙΙΙΙΙΙΙ
722 4133 780 4210 libes
794 4137 886 4191 ¹⁴¹⁸qu
922 4147 976 4194 λἰιέλ
993 4148 1057 4207 ονίρσ
1077 4145 1210 4208 ηιιοετιιιδο
1235 4147 1260 4194 ἐκ
1284 4147 1342 4206 siolo
1360 4127 1407 4208 ίηλ
1420 4151 1497 4199 neit

333 4199 399 4246 λσδκί
424 4193 590 4260 Ιεροιιοαλημ,
607 4211 750 4262 quemquam
762 4213 786 4247 ιιι
799 4199 887 4248 Coma·
922 4215 1041 4264 immo,

333 4267 363 4312 ιτίΙ
383 4263 476 4326 quidem
495 4265 597 4311 ικτιίοιιε
620 4269 678 4312 recu
703 4269 786 4326 λιςίευι·
807 4263 887 4313 lsrael.

1542 4807 1545 4929 ί
