3100 4984
307 279 442 333 rasnuu
459 280 520 331 um.
536 282 556 332 r.
572 279 654 332 rou.
670 281 714 333 ru.
730 279 829 332 usca.
839 279 961 331 xxxiv.
1145 267 1206 331 453

142 399 220 464 Nam
240 397 360 465 Aeones
378 421 394 464 a
412 399 542 464 Tetrade
558 399 680 485 protecti
695 409 774 462 sunt.
817 395 850 462 ln
865 419 920 482 qua
935 398 982 462 isti
1000 399 1205 478 censebantur,
1225 408 1284 476 Cap.
1299 408 1332 460 x.

62 503 156 568 Homo
180 513 210 566 ct
229 502 378 581 Ecclesia,
411 501 541 566 Verbum
565 515 594 566 et
613 501 693 566 Vita.
739 502 787 564 Ab
810 501 845 564 iis
868 503 1044 586 produentes
1065 505 1206 586 quaedam

61 605 193 670 Virtutes
215 603 310 668 lesum
333 605 412 670 illum
436 615 627 690 procrearunt
648 604 695 688 qui
720 604 747 667 iu
771 603 857 668 terris
878 604 1021 689 apparuit.
1067 600 1206 669 Ceterum

59 709 86 772 in
105 706 195 772 Verbi
218 709 310 772 locum
333 709 466 792 angelum
486 706 669 787 Gabrielem,
702 705 787 771 Vitae
812 729 883 771 vcro
907 705 1045 792 Spiritum
1066 704 1205 772 Sanctum

60 833 125 874 csse
150 810 334 874 substitutum
359 821 511 874 asserunt:
545 811 620 874 sicut
647 809 780 874 Hominis
807 821 903 894 partes
928 809 1072 872 Altissimi
1099 809 1203 890 virtus,

59 913 211 977 Ecclesiae
229 933 300 976 reno
319 911 410 997 Virgo
428 912 575 976 sustinuit.
621 911 672 977 sio
691 914 738 976 ille
756 912 890 997 peculiari
910 913 1090 995 providentia
1108 913 1202 976 editus

58 1017 89 1078 de
107 1014 204 1079 Maris
221 1025 306 1078 natus
325 1027 370 1078 cst
386 1015 498 1092 llomn,
523 1035 607 1100 quem
623 1035 674 1099 per
690 1026 802 1078 uterum
819 1035 969 1096 egressum
989 1014 1033 1076 sui
1052 1015 1087 1078 ad
1104 1016 1204 1098 cogrui-

59 1119 164 1181 tinnem
183 1139 239 1204 per
257 1117 387 1183 Verbum
408 1117 533 1181 onrrrium
553 1114 665 1180 Parcus
684 1116 782 1200 elegit.
830 1113 961 1200 Cumque
980 1117 1014 1179 ad
1033 1137 1136 1201 aquam
1155 1116 1205 1178 ab·

58 1220 179 1284 luendus
201 1221 349 1300 venisset,
383 1222 412 1284 in
435 1241 499 1284 eum
519 1218 668 1282 columbae
690 1219 877 1282 descendisse
895 1218 992 1302 speeie
1016 1219 1093 1282 illum
1113 1221 1205 1304 ipsum

59 1335 194 1401 narrant,
226 1324 274 1408 qui
293 1345 408 1386 sursum
429 1343 585 1386 recurrens
604 1322 810 1386 duodenarium
829 1342 978 1384 numerum
997 1321 1143 1408 implerit3
1174 1321 1203 1385 in

58 1448 110 1510 quo
134 1447 234 1488 semen
257 1424 335 1489 inest
357 1447 456 1488 eorum
480 1446 553 1510 qrrae
576 1447 640 1489 cum
662 1425 712 1488 illo
732 1436 793 1488 sata
814 1424 922 1507 pariter
943 1435 973 1488 et
991 1424 1205 1488 descenderunt

58 1539 84 1590 et
100 1529 311 1592 ascenderunt.
352 1525 447 1612 lpsem
464 1549 536 1592 vero
552 1529 698 1613 delapsam
715 1549 730 1590 e
746 1527 828 1590 coelo
844 1526 979 1592 virtutem
995 1549 1093 1591 semen
1107 1525 1204 1591 Patris

60 1631 160 1694 delinit
179 1649 264 1708 csse,
289 1631 363 1713 quod
384 1631 411 1692 in
431 1651 464 1692 se
483 1642 591 1712 patrem
611 1651 646 1694 ao
664 1627 787 1708 Filium,
812 1651 933 1714 eamque
951 1627 1037 1712 Sigcs
1054 1633 1202 1708 virtutem,

58 1755 127 1815 qrrae
152 1753 203 1817 per
222 1732 285 1794 illos
304 1733 418 1816 cognita
436 1733 552 1796 rrouriue
574 1743 654 1795 caret
671 1735 764 1811 omui,
789 1755 824 1796 ac
841 1734 968 1816 reliquos
986 1733 1106 1796 Aeones
1126 1755 1203 1796 com·

58 1836 202 1919 plectitur.
249 1835 390 1920 Hrrnequc
409 1833 549 1920 Spiritum
570 1857 635 1898 csse
654 1833 810 1913 Sanctum,
842 1835 889 1918 qui
910 1856 960 1920 por
978 1833 1072 1897 lesum
1089 1835 1202 1898 locutus

58 1959 116 2000 cum
137 1959 232 2021 euque
253 1940 424 2003 coniunctus
442 1950 498 2001 cst.
546 1936 604 2002 lam
623 1960 695 2001 vcro
711 1950 850 2014 mortem,
875 1939 985 2021 iuquit,
1009 1933 1146 2002 Salvator
1163 1960 1203 2002 cx

56 2041 100 2102 illa
118 2042 300 2125 providentia
322 2053 407 2104 natus
426 2042 560 2118 sustulit,
591 2037 795 2124 Christumque
814 2051 923 2124 patrem
943 2039 1104 2103 homiuibus
1123 2052 1202 2126 pate-

58 2143 134 2204 lecit.
178 2139 275 2205 lesum
292 2144 387 2226 itaque
404 2165 508 2206 nomeu
524 2145 587 2206 eius
601 2163 667 2206 esse
684 2144 826 2227 proprium
843 2141 966 2206 bortrinis
982 2143 1094 2220 statuit,
1119 2165 1202 2226 quem

58 2245 213 2328 singularis
231 2245 276 2306 illa
296 2247 477 2329 procidentia
494 2244 644 2324 submisit,
678 2245 728 2308 sed
747 2246 780 2306 ad
800 2246 919 2308 alterius
935 2245 1148 2308 similitudinem
1168 2267 1201 2308 ac

58 2347 315 2431 corrhguratioucm
332 2348 495 2433 impositum
515 2369 599 2426 csse,
631 2348 678 2432 qui
698 2349 725 2409 iu
746 2348 835 2430 ipsum
855 2359 918 2410 crat
933 2348 1086 2430 aliquando
1106 2348 1200 2430 lapsu·

55 2471 114 2513 cns.
163 2447 259 2532 Quem
282 2472 346 2513 cum
366 2452 549 2536 excepisset,
582 2472 638 2513 urta
658 2448 859 2511 ctllominem
879 2449 991 2533 ipsum,
1022 2460 1052 2510 et
1071 2447 1199 2512 Verhuru

56 2573 87 2614 ae
105 2550 244 2632 Patrem,
276 2564 305 2616 et
324 2554 481 2616 Arrhctum
504 2575 539 2618 ac
560 2548 667 2636 Sigeo,
700 2549 861 2615 Veritatem
883 2553 951 2614 item
975 2563 1004 2614 ct
1023 2549 1198 2632 Ecclesiam,

55 2650 210 2740 Vitamque
232 2657 499 2740 comprehendisse.

137 2858 224 2943 Quae
247 2881 348 2922 ourrres
370 2859 485 2924 illorum
505 2859 617 2923 tabulae
637 2858 776 2921 eiusmodi
794 2870 877 2938 sunt,
910 2869 942 2922 ut
962 2858 997 2921 iis
1017 2859 1198 2944 deplorandis
1218 2874 1333 2943 eapxt.

55 2961 160 3024 nullum
182 2961 264 3025 lleu!
293 2961 373 3026 llcu!
398 2963 444 3024 vel
460 2959 556 3024 Proh!
582 2982 675 3045 tueque
692 2961 746 3023 ullu
765 2983 884 3046 prorsus
904 2962 1014 3045 tragica
1031 2985 1089 3026 vox
1108 2983 1141 3027 ac
1159 2965 1200 3027 la-

56 3065 193 3126 mentatio
213 3065 304 3149 possit
321 3065 464 3128 sufficere.
512 3061 586 3145 Quis
605 3063 680 3126 euim
700 3085 756 3126 nou
777 3065 872 3128 talium
894 3065 1108 3127 mendaciorum
1127 3066 1199 3128 iule-

54 3163 134 3228 licem
153 3167 294 3230 artificem
314 3169 425 3245 oderit,
458 3189 521 3228 cum
539 3165 701 3231 Veritatem
720 3167 856 3250 ipsanriu
876 3167 1197 3231 irrarresiruulocrurua
1245 3241 1251 3252 ι

54 3263 156 3331 Marcu
171 3269 360 3330 deformatam
377 3269 474 3334 rideat
488 3279 533 3346 ct,
559 3269 633 3353 quod
650 3269 769 3352 gravius
785 3279 845 3346 est,
869 3268 1011 3352 alphabeti
1027 3270 1118 3332 literis
1136 3281 1198 3333 tau·

54 3391 134 3450 qurum
153 3371 337 3453 stigmatibus
354 3370 496 3450 inustam3
528 3381 559 3434 ut
578 3372 651 3454 quod
672 3392 764 3455 uupcr
780 3371 930 3434 adurodum
950 3383 1035 3456 atque
1058 3371 1137 3449 heri,
1167 3384 1198 3435 ut

55 3471 149 3551 aiunt,
181 3484 211 3535 ct
227 3473 436 3536 nudiustertius
452 3475 572 3550 accidit,
603 3475 683 3557 quasi
699 3474 753 3534 iam
774 3483 831 3534 tum
849 3473 915 3534 olim
933 3474 1095 3550 extitisset,
1127 3495 1198 3536 ren·

54 3571 143 3637 ditare
166 3576 320 3638 studuerit.
367 3574 473 3640 Gracci
496 3577 608 3659 quidem
627 3573 703 3638 XVl
726 3571 870 3638 aCadmo
890 3574 990 3636 literas
1009 3576 1128 3659 primum
1149 3597 1197 3640 ao·

55 3677 165 3758 cepisse
180 3699 214 3739 se
230 3688 401 3755 memorant,
423 3689 480 3740 tum
494 3699 510 3741 a
524 3699 556 3740 sc
573 3677 822 3762 progredientibus
840 3677 1016 3760 temporibus
1033 3678 1104 3741 alias
1121 3681 1198 3764 aspi-

56 3791 148 3859 ratus,
173 3782 247 3844 alias
265 3781 393 3865 duplices
410 3782 564 3860 iuventas,
588 3793 734 3866 postremo
751 3803 767 3844 a
783 3778 936 3844 Palamede
955 3779 1080 3843 maiores
1096 3783 1196 3847 adiun-

54 4033 268 4098 pientemhabcre
282 4046 307 4085 et
321 4035 400 4101 ipsum
414 4035 545 4085 Hominem
560 4042 612 4088 cell.
643 4035 768 4086 deciorum
792 4034 868 4086 malus
893 4035 1052 4102 compositor.
1092 4039 1121 4089 tr
1139 4043 1195 4101 pulo

85 4103 142 4154 Car.
161 4105 208 4154 Xt.
225 4131 259 4141 —-
279 4108 299 4154 Ι.
317 4104 391 4169 luced
407 4107 442 4154 ed.
457 4108 532 4165 princ.
640 4107 759 4155 Irenaeum
775 4108 891 4167 scrtpsr‘ssc
907 4104 1103 4159 xenocratem.

82 4173 105 4222 ¹2.
122 4169 172 4238 τήν
193 4177 282 4222 restitui
302 4188 356 4222 eum
378 4175 492 4222 llnssuetc
512 4187 555 4234 pro
579 4169 606 4224 rb
674 4171 697 4222 d.
718 4176 812 4222 Verium
832 4177 855 4223 tu
872 4177 968 4224 modeim
988 4177 1045 4224 hoec
1060 4178 1129 4225 verbo
1146 4178 1195 4226 dte-

53 4244 109 4300 ruod
125 4245 180 4291 lr'bri
194 4243 286 4291 hebent.
322 4243 367 4293 Vct.
382 4243 507 4302 luterpres:
525 4249 550 4288 et
564 4257 606 4288 su·
640 4244 763 4292 tinxerunt.
788 4243 812 4290 V.
822 4244 909 4292 treuuei
919 4246 1051 4305 interpreter
1062 4251 1082 4292 et
1093 4245 1195 4294 editores.

54 4322 94 4372 per
107 4309 246 4358 uniuersam
262 4309 378 4376 tragicum
396 4307 608 4358 exclamationem.
675 4309 698 4361 7.
716 4310 750 4357 lto
765 4311 832 4358 codd.
848 4313 923 4358 Venet.
944 4315 1024 4372 torte,
1041 4317 1061 4360 et
1075 4313 1110 4361 ed.
1126 4315 1194 4362 Petu-

82 4375 104 4426 3.
122 4375 270 4443 duodenem
286 4381 374 4441 ptucult
392 4380 493 4428 Petnuto.
641 4379 681 4426 uti.
716 4373 791 4441 μικρὰ
810 4379 877 4428 codd.
893 4379 989 4440 utrem.
1005 4381 1100 4441 Porta,
1121 4387 1141 4431 tt
1157 4383 1194 4431 ed.

83 4441 106 4494 l.
123 4444 316 4513 σχετλιατισμόν
333 4449 383 4496 cod.
399 4448 474 4496 Venet.
639 4449 713 4508 ptine.

84 4512 106 4563 b.
127 4517 175 4565 Vct.
188 4517 303 4576 lnterprcs
314 4518 381 4564 vertit
395 4523 521 4564 tentorum
537 4531 609 4564 meu·
