3078 5012
335 279 471 334 raxanu
488 281 551 333 eru.
565 283 584 332 1.
602 281 682 332 rou.
696 281 741 333 nr.
757 281 857 334 naen.
871 281 941 332 xer.
1154 271 1216 334 549

53 378 178 482 scribil3
210 401 258 486 qui
277 401 394 488 quidem
413 413 442 465 et
459 401 515 488 ipsi
536 401 566 464 in
582 401 719 465 haeresin
734 401 862 486 prolapsi
879 413 964 480 suxit,
996 403 1082 465 alium
1102 405 1215 487 praedi·

51 517 161 568 cautes
182 506 285 584 deum,
317 526 352 568 ac
369 504 558 590 genealogias
575 503 823 580 interminabiles,
856 525 1045 589 erroremque
1064 505 1142 569 inter
1165 507 1216 570 bo·

53 608 155 670 mines
174 607 417 685 disseminantes,
442 629 506 670 cum
525 629 543 672 a
561 610 616 670 deo
633 618 776 690 negarent
794 606 963 670 lubricatum
981 627 1048 672 csse
1065 611 1213 689 anundum,

50 712 108 774 sed
126 731 141 772 a
158 707 373 797 Principetibus
389 731 423 773 ac
439 707 639 774 Potestetibus
656 710 801 772 conditum
819 722 999 788 assererent,
1021 713 1214 774 resurrectio·

51 835 126 878 nem
150 814 264 876 demum
290 814 432 877 accidisse
456 813 512 876 iam
540 813 688 890 dicerent,
722 811 779 874 illis
801 811 873 896 ipsis
898 812 1091 897 producendis
1116 813 1215 878 liberis

49 937 132 1000 quos
154 925 305 1001 parentum
328 917 450 1002 quisque
472 917 640 1000 genuisset,
676 935 730 978 uec
752 915 836 976 aliam
856 927 1035 978 mortuorum
1055 926 1215 1000 expectan-

49 1023 121 1083 dam
143 1039 209 1082 esse
227 1020 487 1082 resurrectionem.
535 1018 598 1083 Vos
616 1029 712 1082 autem
732 1039 858 1101 quaeso,
885 1019 1007 1096 iratres,
1031 1017 1215 1083 animadver-

49 1123 110 1187 tite
126 1121 287 1186 cuiusmodi
306 1123 420 1207 propria
437 1122 477 1185 sit
493 1122 628 1186 veritatis
645 1135 731 1198 asota,
756 1132 786 1183 et
802 1119 836 1184 ad
855 1121 967 1183 illorum
984 1122 1214 1186 convincendam

49 1225 270 1310 improbitatem
293 1235 374 1288 certa
398 1226 483 1289 ratio.
768 1227 771 1232 ’

141 1327 286 1412 Equidem
311 1327 384 1391 satis
407 1349 552 1414 superque
579 1330 722 1391 adversus
747 1325 812 1389 illos
835 1327 1009 1411 disputatum
1034 1348 1051 1389 a
1075 1347 1122 1390 me
1148 1348 1214 1392 esse

48 1431 166 1494 iudico.
213 1427 314 1514 Quaere
332 1431 385 1494 bac
401 1432 508 1510 omissa
526 1431 652 1515 reliquas
669 1450 845 1515 persequar,
870 1439 898 1492 el
915 1429 943 1492 id
961 1451 1048 1520 unum
1067 1440 1212 1510 attexam,

46 1534 135 1597 illam
154 1533 223 1596 mibi
242 1533 378 1597 baeresiu
398 1534 434 1596 ob
456 1533 641 1620 multiplicem
658 1532 905 1596 archonticorum
922 1532 1144 1616 appellationem
1162 1556 1214 1597 ra·

45 1638 116 1700 riae
149 1656 182 1697 ac
210 1637 368 1727 perplexae
392 1649 559 1721 serpentum
584 1634 759 1721 improbitati
790 1656 873 1718 quam
901 1634 1075 1698 simillimam
1106 1636 1211 1700 videri.

46 1737 170 1802 Nescio
193 1739 269 1800 euim
293 1759 350 1821 quo
376 1749 459 1823 pacto
485 1739 527 1802 sic
545 1750 680 1822 {aliquam
702 1737 799 1801 multis
819 1737 1017 1820 exanguibus
1034 1739 1164 1802 conlusis
1184 1739 1213 1804 iu

47 1863 145 1904 uuum
163 1861 197 1903 ac
215 1841 388 1926 promiscuis
405 1841 534 1927 pestiferi
553 1841 629 1904 illius
647 1842 757 1904 erroris
775 1861 889 1903 veneua
906 1841 1031 1904 condato
1049 1853 1129 1905 sucu.
1174 1839 1214 1906 Ut

45 1946 79 2006 in
103 1942 163 2006 illis
184 1945 285 2026 partim
304 1944 441 2008 draconis
459 1945 526 2007 insit
547 1944 686 2021 audacia,
712 1943 813 2028 partim
834 1943 945 2028 physali
963 1943 1122 2022 calliditas,
1148 1965 1214 2027 par-

47 2049 102 2109 tim
119 2045 241 2131 spiritus
258 2067 332 2130 qnae
351 2047 438 2109 estin
457 2045 582 2109 baelone
600 2046 786 2131 suppressio,
812 2045 915 2130 parlim
933 2046 1067 2109 aconitae
1083 2047 1210 2129 agilitas,

46 2149 159 2235 partim
182 2150 339 2212 ostracitae
360 2170 450 2234 prona
469 2149 631 2212 lubricitas.
670 2145 812 2231 Quorum
830 2149 957 2211 ominium
977 2147 1049 2210 eliso
1067 2151 1160 2231 capite
1178 2171 1212 2212 ac

46 2250 187 2314 veritatis
204 2251 335 2314 doctrina
353 2252 479 2315 contrito
494 2252 528 2314 etl
547 2253 673 2335 reliquas
688 2250 888 2328 transibimus,
913 2270 947 2312 uc
962 2249 1141 2333 singularum
1160 2250 1211 2314 lul·

48 2354 172 2416 sitalem
196 2373 320 2436 arguere
342 2355 396 2416 deo
421 2353 580 2438 opitulante
602 2354 784 2418 currabimur.

203 2593 545 2670 ADVERSUS
592 2593 1062 2688 CBRDONIANOS,

278 2739 375 2838 ‘quae
402 2722 453 2792 esi
478 2715 625 2790 haeresis
645 2715 760 2808 ΧΠ,
787 2715 857 2790 sire
877 2715 970 2790 XLI.

136 2863 212 2928 Tam
236 2866 280 2930 bis
303 2889 388 2951 quam
410 2867 588 2932 Heracleoui
610 2868 725 2953 quidam
746 2865 844 2932 Cerdo
865 2868 1026 2947 successit,
1051 2869 1087 2932 ab
1108 2870 1209 2932 eadem
1230 2879 1288 2948 cap.
1306 2881 1325 2930 1.

46 2967 153 3031 scbola
178 2970 340 3052 prolectas,
375 2983 403 3032 et
430 2992 447 3033 a
471 2969 592 3036 Simone
616 2993 650 3034 ac
674 2969 825 3036 Saturuilo
851 2974 961 3036 erroris
987 2983 1090 3035 nactus
1116 2972 1210 3035 initia.

47 3067 108 3152 Qui
128 3090 193 3132 eum
212 3091 228 3132 c
248 3067 337 3156 Syria
357 3071 479 3135 bornam
499 3073 703 3158 peregrinandi
720 3095 824 3137 caussa
843 3074 932 3137 miser
949 3077 1142 3150 accessisset,
1167 3075 1213 3137 sui

47 3173 135 3236 iuxta
150 3183 376 3238 associatorum
391 3195 510 3240 suorum
528 3176 608 3238 labes
624 3178 764 3260 quaedam
779 3197 814 3239 ac
830 3177 975 3261 pernicies
992 3177 1056 3240 luit.
1102 3173 1211 3239 llliser-

46 3275 122 3336 rima
141 3272 244 3358 quippe
260 3286 327 3338 tuuc
344 3286 391 3340 cst
407 3277 554 3342 bominum
573 3291 697 3357 natura,
721 3301 784 3341 curu
805 3279 849 3340 dei
868 3281 945 3341 viam
964 3279 1150 3361 relinquens,
1183 3288 1212 3340 et

46 3399 63 3440 a
85 3375 189 3438 diviua
209 3397 241 3440 se
262 3379 415 3442 vocatione
434 3399 613 3462 segregans,
646 3381 761 3464 longius
780 3380 909 3444 aberrat.
956 3378 1071 3462 Quibus
1086 3378 1154 3442 illud
1175 3379 1211 3443 de

45 3478 135 3542 cauis
154 3476 264 3540 labulas
281 3481 440 3563 contingit,
466 3483 513 3564 qui
533 3483 563 3544 iu
580 3480 643 3545 eius
662 3481 736 3565 quod
756 3481 784 3544 iu
803 3503 855 3546 ore
871 3483 1005 3566 gestabat
1020 3481 1149 3545 umbram
1167 3481 1211 3545 iu-

46 3592 170 3656 lentus,
195 3590 224 3642 et
241 3579 269 3642 in
287 3603 389 3665 aquam
406 3584 588 3668 despiciens,
613 3585 679 3646 dum
697 3585 798 3646 eodem
816 3585 881 3648 cibo
900 3605 983 3668 quem
1003 3583 1149 3647 mordicus
1169 3587 1211 3648 le·

45 3685 134 3746 rebat
159 3682 298 3746 maiorem
322 3684 450 3750 umbram
474 3707 540 3750 csse
562 3687 744 3772 suspicatur,
777 3687 893 3750 diducto
916 3687 991 3750 rictu
1014 3687 1092 3750 illum
1115 3687 1209 3774 ipsum

47 3785 95 3870 qui
116 3805 209 3847 verus
227 3795 290 3846 erat
307 3788 440 3871 perdidit.
488 3787 539 3853 Sic
556 3789 595 3853 illi
613 3800 730 3875 reperta
745 3791 803 3870 via,
829 3791 894 3853 dum
913 3790 976 3853 eius
992 3789 1110 3854 umbrae
1125 3813 1210 3876 quam

46 3888 74 3949 iu
96 3886 175 3950 lalsa
194 3887 331 3972 opinione
349 3889 558 3954 circumierunt
574 3904 723 3976 compotes
742 3893 804 3955 lieri
822 3895 956 3970 student,
988 3915 1046 3958 nou
1066 3894 1151 3957 modo
1168 3895 1210 3957 di·

46 3989 163 4053 vinitas
179 4007 351 4056 concessum
368 3993 436 4058 illud
453 3995 610 4079 quod-ore,
630 3987 667 4056 'ut
681 3994 719 4057 ita
737 3995 878 4072 dixerim,
904 3999 1017 4077 lerunt,
1042 3996 1210 4061 alimentum

47 4091 233 4170 amiserunt,
257 4093 308 4158 scd
332 4095 452 4181 iusuper
474 4097 597 4159 exitium
620 4095 674 4159 sibi
698 4096 770 4181 ipsis
793 4097 963 4161 attulerunt.

137 4291 235 4378 igitur
251 4293 351 4362 Cerdo
370 4299 480 4386 Hygini
500 4321 589 4386 papae
609 4302 787 4388 temporibus
805 4301 878 4382 fuit,
902 4303 949 4387 qui
967 4303 996 4368 in
1012 4303 1209 4389 apostolorum

81 4523 106 4578 3.
126 4517 223 4590 petron
239 4521 302 4572 ictam
318 4523 474 4578 videturesse
490 4531 530 4590 pot
548 4530 680 4591 appellatur
697 4525 761 4595 βίων
777 4527 841 4578 tem.
856 4527 898 4588 50,
915 4524 940 4578 3.
