3100 4984
383 339 519 391 ransart
537 339 598 390 nra.
609 341 628 390 r.
644 339 725 390 rou.
743 337 774 391 n.
792 337 890 388 naon.
901 337 1005 388 *xxxo
1210 299 1270 387 365

117 479 206 546 porro
225 460 342 522 nomine
361 455 546 523 sceleratorem
562 458 655 544 ipsunt
670 457 819 543 appellari.
864 453 917 522 Sic
933 458 1020 521 etiarn
1038 467 1185 534 terrenos,
1209 455 1271 520 ani·

116 561 209 626 males
229 583 263 625 ao
280 559 426 647 spiritales
444 582 461 625 a
478 559 570 626 Paulo
588 561 720 626 homines
734 581 803 625 esse
820 571 1080 640 commemoratos,
1105 557 1208 645 partim
1226 559 1271 621 his

116 664 235 730 verhis:
260 668 359 744 Qualis
375 677 514 738 remeans,
537 667 608 726 tales
622 677 652 726 et
663 669 784 727 terreni:
809 665 912 749 partim
927 663 1008 726 istis:
1032 667 1174 725 Antheuh's
1190 663 1270 724 homo
1284 678 1368 774 {¹5⁰2}

115 791 172 831 aon
185 773 310 849 prothi!
324 790 357 830 en
373 789 445 850 quoe
460 779 527 829 aunt
539 773 675 848 spel-alca.-
699 767 801 853 partim
819 767 943 852 donique
959 787 1022 828 cuna
1040 764 1097 843 ait,
1123 767 1269 846 Spei-italia
1281 763 1337 843 nuh
1348 763 1369 854 ᾗ
1382 801 1412 844 pq

116 876 210 933 omnic
232 874 377 932 dti'nda'oot.
425 869 474 934 Ex
495 869 599 955 quihus
619 869 739 955 primum
758 869 844 948 illud,
873 871 1015 931 Anchialeia
1031 891 1085 931 non
1098 872 1269 950 perception
1284 866 1411 923 llll-²³⁵·

117 997 190 1058 quoe
203 985 274 1038 sunt
286 979 421 1055 epa'ra'tus,
446 973 481 1037 ad
500 969 690 1038 Conditorem
709 983 810 1058 putant
824 973 986 1058 pertinere,
1011 971 1140 1056 quicum
1157 971 1196 1035 sit
1211 970 1274 1033 aui·

117 1077 222 1158 malis,
246 1097 340 1162 neque
357 1073 502 1156 Matrem,
527 1086 625 1162 utpote
643 1071 826 1162 Spiritalem,
850 1073 1018 1160 cognoscit,
1043 1093 1137 1158 neque
1153 1074 1274 1156 stirpem

117 1181 229 1267 ipsius,
261 1200 315 1244 nec
336 1180 458 1244 Aeones
479 1179 546 1242 illos
568 1178 617 1264 qui
636 1175 801 1243 Pleromate
823 1178 1020 1244 continentur.
1066 1174 1153 1260 Quod
1176 1185 1273 1240 antem

119 1305 241 1364 eornm,
265 1281 370 1368 quihus
385 1281 507 1346 salutem
523 1293 588 1346 erat
604 1281 762 1361 allaturus,
786 1279 926 1366 primitias
942 1278 1082 1344 Salvator
1098 1277 1272 1364 susceperit,

119 1387 157 1450 oh
175 1387 203 1449 id
221 1385 432 1472 pronunciasse
450 1382 592 1463 Paulum,
622 1387 664 1446 Et
682 1389 711 1446 sd
718 1389 861 1465 primitius
876 1395 1006 1457 sanetae,
1039 1394 1069 1444 et
1083 1403 1191 1444 mosao.-
1225 1379 1425 1456 chinonense

120 1487 265 1575 primitias
283 1489 319 1552 ad
336 1487 363 1550 id
382 1487 458 1572 qnod
477 1499 523 1552 est
540 1487 669 1573 spiritale
683 1488 832 1567 relerunt,
863 1507 988 1550 massam
1004 1484 1039 1549 ad
1056 1506 1128 1563 nos,
1159 1484 1214 1547 hoc
1229 1495 1276 1547 est

120 1592 278 1655 animalem
290 1587 474 1670 Ecclesiam
494 1590 576 1654 cuius
589 1609 714 1654 massam
730 1589 767 1654 ab
782 1587 832 1654 illo
843 1599 1020 1675 susceptam,
1040 1588 1068 1652 in
1082 1587 1190 1672 illoque
1205 1607 1275 1650 con·

120 1705 263 1772 tractam,
288 1692 520 1778 quandoquidem
544 1703 608 1758 erat
629 1694 692 1778 ipse
716 1694 900 1756 termentum.
1342 1666 1351 1684 ⁸

206 1795 253 1861 Dc
268 1795 451 1860 Achamothe
466 1817 568 1881 porro,
592 1816 656 1859 eam
673 1805 758 1860 extra
773 1793 909 1860 Pleroma
923 1793 1106 1858 aberrantem
1122 1815 1138 1856 a
1155 1790 1274 1858 Christo
1324 1803 1356 1854 ca
1377 1841 1383 1855 .

120 1901 214 1965 luisse
232 1901 403 1978 formatam,
428 1908 459 1962 et
472 1898 509 1963 ab
524 1898 626 1962 eodem
642 1899 819 1984 quaesitam,
842 1899 996 1983 ipsummet
1009 1893 1186 1975 ostendisse,
1209 1917 1273 1959 eoru
1288 1872 1410 1998 mm

121 2004 199 2068 dixit
214 2003 333 2068 venisse
348 2023 381 2066 se
399 2003 434 2065 ad
452 2022 538 2065 ovem
553 2021 627 2086 qnae
643 2010 807 2066 erraverat.
841 1998 917 2064 Esse
933 1999 1009 2062 enim
1025 2010 1171 2064 errantem
1189 2019 1273 2062 ovem
1288 2008 1320 2063 ¹⁵,
1333 1987 1371 2050 ²⁴5

121 2105 253 2172 Matrem
271 2105 348 2170 illam
367 2125 448 2169 suam
468 2105 716 2190 interpretantur,
749 2125 765 2168 a
785 2124 839 2188 qua
858 2113 958 2166 nostra
977 2101 1049 2166 haec
1066 2101 1191 2166 ecclesia
1207 2122 1277 2164 con·

121 2211 178 2276 sita
196 2207 294 2274 luerit.
329 2205 472 2272 Errorem
492 2227 563 2271 vero
578 2205 656 2270 illius
671 2207 749 2270 inter
763 2204 997 2292 perturbationes
1012 2205 1091 2290 ipsas
1106 2215 1193 2268 extra
1206 2200 1274 2267 Ple·
1286 2221 1383 2277 nnete,
1395 2221 1416 2264 a.

121 2333 206 2380 roma
224 2309 496 2390 commorationem,
515 2310 590 2374 uude
605 2309 746 2374 materiae
762 2309 902 2393 originem
916 2319 1081 2372 arcessunt.
1119 2304 1198 2370 Nam
1214 2327 1277 2370 mu·

119 2417 224 2482 lierem
247 2414 326 2478 illam
348 2433 423 2498 quac
440 2413 555 2476 domurn
573 2411 685 2477 everrit
703 2423 734 2476 et
752 2411 915 2478 drachmam
933 2411 1046 2474 invenit
1063 2411 1097 2474 ad
1116 2409 1275 2473 coelestem

124 2515 306 2605 Sapientiam
323 2517 519 2594 transierunt,
551 2536 626 2600 quae
643 2513 837 2601 Enthymesin
853 2535 936 2599 qnam
952 2514 1092 2578 omiserat
1108 2522 1210 2598 postea
1229 2530 1277 2575 re·

122 2621 258 2708 purgatis
274 2621 408 2686 omnibus
423 2639 477 2706 per
490 2619 647 2683 adventum
662 2614 828 2683 Salvatoris
840 2617 1035 2702 recuperavit,
1059 2615 1095 2679 oh
1110 2615 1195 2700 idque
1210 2611 1278 2678 Ple·

122 2725 230 2789 romati
258 2733 381 2788 censent
407 2741 473 2788 esse
498 2721 675 2786 restitutam.
721 2718 899 2807 Symeonem
922 2719 1001 2784 illurn
1026 2730 1198 2803 praeterea,
1229 2717 1278 2800 qni

124 2823 276 2892 Christum
294 2827 324 2890 in
341 2825 417 2890 ulnis
434 2824 612 2910 gestaverit,
642 2825 727 2908 eiquo
743 2825 852 2908 gratias
873 2823 917 2888 his
935 2823 1033 2888 verbis
1050 2821 1173 2908 egerit:b
1192 2823 1416 2888 Neronemque

122 2933 244 2992 dimittis
258 2951 369 2991 sarnum
385 2939 479 3002 mum,
504 2931 627 3001 domnine,
651 2931 802 2990 secundum
815 2929 927 2990 verbnm
943 2939 1019 2989 tonan
1036 2930 1065 2987 a'n
1077 2945 1164 3007 poce,
1197 2918 1278 2986 Con·

123 3031 229 3098 ditoris
254 3031 411 3117 imaginem
439 3031 550 3094 reterre
577 3030 694 3110 dicunt,
728 3029 777 3115 qui
802 3031 976 3096 adveniente
1002 3025 1159 3093 Salvatore
1187 3024 1278 3110 ipsine

125 3135 404 3221 transportatiouem
428 3132 579 3212 didicerit,
611 3154 646 3196 ac
664 3130 761 3219 Bytho
784 3133 894 3219 gratias
914 3131 1018 3217 egerit.
1064 3129 1111 3192 Ad
1133 3129 1204 3191 haec
1225 3145 1277 3211 per

125 3241 245 3304 Annam
266 3238 362 3317 illam,
394 3257 467 3322 quae
488 3235 670 3322 prophetissa
693 3235 722 3298 in
743 3237 898 3322 evangelio
916 3235 1116 3320 praedicatur,
1147 3248 1278 3314 quaeque

125 3353 240 3428 septem
256 3361 350 3404 anuos
365 3361 429 3404 cum
446 3339 510 3404 viro
526 3339 652 3418 vixisse,
670 3337 811 3423 reliquum
829 3359 901 3402 vero
915 3349 1027 3422 tempus
1042 3354 1128 3398 omrre
1142 3331 1172 3394 in
1184 3331 1279 3394 vidui·

125 3454 185 3508 tate
210 3443 307 3528 egisse
331 3443 453 3521 dicitur,
486 3443 578 3506 donec
597 3439 753 3506 Salvatore
776 3451 933 3526 conspecto
953 3451 983 3503 et
1001 3440 1094 3525 ipsum
1113 3431 1277 3520 agnoverit,

126 3557 158 3610 et
175 3547 250 3629 apud
270 3566 373 3610 omnes
392 3546 427 3610 de
446 3565 482 3608 eo
498 3545 595 3610 locuta
612 3543 669 3622 sit,
702 3542 938 3610 manifestissime
952 3537 1165 3604 Achamothem
1181 3535 1280 3599 aduna-

125 3649 207 3714 hrari
230 3651 419 3730 confirmant,
449 3669 523 3732 quae
546 3647 595 3711 uhi
616 3643 800 3712 Salvatnrem
824 3667 888 3710 cnm
908 3643 971 3709 eius
988 3641 1156 3727 aequalibus
1176 3637 1279 3724 raptim

126 3751 332 3835 adspexisset,
356 3751 492 3837 deinceps
509 3761 571 3814 toto
587 3750 751 3835 insequenti
770 3759 899 3834 tempore
916 3745 1010 3811 media
1025 3745 1055 3808 in
1073 3744 1194 3829 regione
1211 3761 1281 3805 con·

126 3855 237 3920 sistens
260 3855 326 3918 doru
348 3855 454 3919 iterum
474 3854 585 3918 rediret
604 3853 823 3938 expectarent,
856 3872 890 3914 ac
913 3871 945 3914 se
965 3848 1100 3933 coniugio
1124 3869 1178 3910 suo
1195 3843 1282 3910 resti·

127 3967 237 4022 tuerat.
280 3954 372 4022 Cuius
387 3957 475 4021 etiam
491 3977 597 4021 nomen
612 3977 629 4020 a
643 3952 799 4021 Salvatore
816 3953 896 4018 hisce
912 3951 1012 4017 verbis
1026 3971 1217 4038 expressume
1240 3949 1376 4012 littaei,
1388 3958 1421 4003 aa.

162 4179 223 4231 Cae.
232 4179 355 4232 xxvttt.
364 4207 397 4220 ·-
414 4178 437 4232 1.
453 4183 507 4232 Vce.
521 4177 644 4250 πρόβατον
653 4182 691 4233 hio
759 4175 783 4232 4.
795 4173 889 4238 'dnae
905 4179 956 4228 eod
970 4178 1023 4228 Van.

126 4263 174 4300 om.
189 4263 269 4302 omnes
280 4251 341 4300 acan.
366 4249 446 4300 Adtect
459 4252 571 4301 sententio
583 4263 690 4311 cumpo·
759 4249 784 4300 5.
802 4245 972 4314 μεμενηκυίας
994 4246 1088 4308 reposui
1108 4255 1137 4292 ea
1158 4241 1210 4290 cod.
1228 4241 1283 4290 Van.

125 4319 224 4368 cnon
240 4318 270 4368 de
289 4319 336 4368 vet.
350 4319 480 4379 tntmprete.
727 4319 801 4380 t'utqo
817 4320 881 4366 mut
901 4317 962 4366 eutnn
980 4307 1112 4380 μενούσης.
1148 4311 1194 4362 vn
1211 4310 1283 4360 luter-

160 4385 192 4436 2:
209 4383 249 4454 aql
273 4385 367 4453 χριστῷ
389 4400 433 4448 pro
457 4377 528 4454 αὐτῷ
552 4387 618 4436 hahet
638 4389 688 4436 cod.
723 4399 777 4448 pres
792 4387 860 4436 avenn
876 4397 1052 4450 perseverasse

128 4455 185 4504 Ven.
213 4453 366 4515 Vetlaterpr.
380 4455 459 4517 legisse
469 4456 561 4504 noctur
574 4453 610 4522 τῷ
627 4453 690 4524 θεῷ.
759 4451 783 4505 6.
802 4455 837 4505 lta
854 4454 905 4502 eod.
922 4453 992 4513 Van,
1011 4465 1052 4500 con
1083 4451 1148 4500 tons
1163 4461 1217 4498 coar
1237 4448 1283 4496 Vct

161 4522 187 4572 ὃ.
206 4521 242 4571 lta
253 4523 307 4572 edd.
319 4524 384 4584 Van,
398 4527 420 4574 at
434 4523 481 4574 Vtt.
492 4523 612 4586 tulupam
637 4525 690 4574 vot·
724 4523 856 4585 Interpreta.
893 4522 966 4582 Vulgo
983 4515 1027 4584 μὶν
1044 4532 1117 4570 ουσα.

127 4604 159 4653 2⁰
176 4581 222 4648 tit·
759 4589 784 4644 'l-
801 4583 1007 4644 cinoaaraoraioet
1022 4587 1074 4638 eod.
1087 4587 1140 4638 Van
