3072 4986
336 321 468 372 ransart
492 321 568 374 nov.
585 321 753 374 necesses
771 325 832 376 ura.
849 327 866 376 t.
884 325 963 378 uolt.
981 327 999 376 t.
1204 315 1244 376 59

171 443 220 503 Ac
239 442 317 522 qnod
335 442 370 504 ad
390 437 513 504 Iudaeos
530 443 602 506 istos
619 444 741 520 attinet,
771 444 806 506 ad
825 441 893 508 illud
911 465 1003 530 usqae
1021 457 1154 530 tempus,
1185 467 1243 532 quo
1263 459 1322 528 cap.
1342 461 1372 509 v.

80 563 117 604 es
140 539 331 626 Babylonica
352 541 494 606 servitute
518 544 630 608 reversi
655 555 741 622 eunt,
772 545 826 610 hoe
847 557 877 608 ct
896 547 1051 631 prophetas
1074 559 1104 612 et
1122 549 1246 634 prophe-

82 657 179 707 urnrn
212 644 305 708 lihros
333 644 506 709 hahuerunt.
550 643 668 711 Primus
695 658 740 710 est
763 645 917 712 Geneseos
939 649 1031 727 liher,
1065 645 1105 713 tt.
1132 649 1244 731 Exodi,

80 744 137 808 III.
163 743 344 823 Leviticae,
368 745 424 809 IV.
448 745 590 826 Numeri,
614 747 655 811 V.
680 746 960 828 Deuteronominm,
985 749 1040 814 VI.
1064 749 1156 816 Liber
1176 750 1246 818 Iesu

82 849 130 910 etii
148 845 265 926 Nare,
288 845 361 912 VII.
386 846 532 928 Iudicate,
557 848 642 914 VIII.
668 849 785 929 Ilhuth,
809 849 868 915 IX.
892 849 963 929 Ioh,
988 849 1031 914 X.
1056 851 1243 934 Psalteriuna‚

81 947 139 1012 XI.
167 947 337 1013 Parabolae
356 948 534 1029 Salomonis,
559 950 632 1016 XII.
653 951 861 1032 Ecclesiastes,
885 951 974 1017 XIII.
994 950 1149 1019 Carnicum
1167 953 1246 1021 Can·

83 1053 231 1130 ticorum,
266 1049 356 1116 XIV.
381 1050 474 1116 Liber
495 1051 520 1117 I.
550 1051 738 1134 Regnorum,
773 1051 847 1118 XV.
877 1053 968 1118 Liber
988 1052 1028 1118 II.
1060 1055 1243 1141 Regnorum,

82 1151 176 1217 XVI.
194 1151 289 1216 Liber
301 1151 356 1217 III.
372 1152 555 1238 Regnorum,
571 1151 675 1219 XVII.
688 1153 845 1220 LiberIV.
861 1155 1045 1242 Regnorum,
1062 1156 1180 1223 XVIII.
1193 1158 1246 1224 bi-

83 1255 136 1318 ber
153 1253 185 1318 I.
211 1252 476 1340 Paralipomenon,
500 1255 591 1321 XIX.
612 1256 703 1324 Liber
721 1257 760 1323 II.
780 1256 1038 1342 Paralipomenon,
1062 1257 1138 1324 XX.
1162 1259 1246 1326 Duo·

84 1359 182 1420 decim
199 1354 432 1442 Prophetarum,
454 1355 547 1422 XXI.
572 1360 663 1426 Isaiae
682 1362 839 1446 prophete,
862 1358 969 1424 XXII.
995 1359 1159 1426 Hieremias
1177 1382 1246 1447 pro·

86 1461 194 1543 pheta,
227 1479 295 1522 cum
318 1457 608 1538 Lamentationihus,
642 1473 672 1526 et
696 1461 833 1546 Epistolis
862 1473 918 1526 tam
946 1463 1010 1526 eine
1037 1485 1123 1547 qnam
1152 1461 1247 1528 Barn-

86 1562 150 1638 chi,
190 1557 315 1625 XXIII.
340 1559 497 1642 Ezechiel,
531 1561 653 1628 XXIV.
679 1561 802 1642 Daniel,
832 1561 940 1628 XXV.
964 1563 1095 1629 LiberI.
1116 1563 1244 1644 Esdrae,

86 1660 212 1726 XXVI.
248 1661 340 1729 Liber
366 1663 480 1729 Esdrae
505 1663 566 1742 II.,
604 1663 740 1730 XXVII.
771 1661 893 1730 Esther.
949 1666 1049 1751 Atque
1078 1668 1150 1731 haec
1178 1677 1247 1732 sant

88 1762 215 1830 XXVII
237 1765 401 1844 volumina,
435 1789 508 1852 quac
531 1764 648 1832 Indaeis
671 1779 740 1831 sunt
761 1788 903 1832 concessa
925 1769 1082 1850 divinitus,
1115 1790 1188 1854 quae
1210 1769 1246 1833 ad
1338 1775 1342 1782 '

88 1864 185 1930 XXII
209 1889 264 1952 pro
285 1866 432 1931 literarum
453 1891 526 1953 qnae
549 1872 623 1954 apud
647 1869 798 1933 Hebraeos
823 1881 892 1933 sunt
914 1892 1035 1934 numero
1058 1873 1245 1954 rediguatnr3

88 1981 246 2054 propterea
269 1970 344 2052 quod
365 1967 396 2032 X
418 1991 459 2034 ex
481 1965 538 2034 illis
562 1973 589 2033 in
615 1971 739 2056 quinque
762 1972 828 2056 iuga
851 1972 1072 2036 distribuuntur.
1118 1971 1163 2038 De
1189 1995 1246 2058 qno

89 2071 144 2133 alio
168 2069 238 2134 loeo
261 2072 413 2156 perspicue
439 2072 660 2158 disputavimus.
707 2072 784 2138 Sunt
803 2083 832 2135 et
850 2073 898 2136 alii
920 2074 976 2136 duo
994 2075 1078 2153 libri,
1111 2096 1184 2158 qnos
1205 2073 1247 2137 itti

91 2193 140 2255 pm
159 2172 258 2234 duhiis
275 2172 397 2251 hahent,
421 2173 555 2237 nimirum
574 2173 689 2238 Sirachi
707 2186 736 2238 et
752 2171 920 2239 Salomonis
935 2173 1105 2260 Sapientia,
1130 2187 1248 2260 praeter

90 2274 163 2336 alios
180 2275 322 2357 quosdam
339 2277 385 2359 qui
400 2277 570 2362 apocryphi,
591 2277 645 2339 hoc
660 2288 706 2339 est
720 2277 837 2340 obscuri
852 2277 998 2341 dicuntur.
1035 2275 1131 2342 Porro
1148 2277 1247 2341 omnia

91 2375 137 2438 illa
156 2387 351 2440 sacrosancte
370 2378 516 2442 volumina
533 2377 650 2442 Iudaica
666 2379 815 2456 instituta,
849 2379 980 2463 legisque
997 2378 1180 2442 ceremonias
1196 2380 1248 2441 do·

91 2479 213 2555 echant,
240 2499 331 2563 usqne
350 2481 385 2542 ad
405 2478 472 2544 Iesu
489 2477 600 2544 Christi
613 2481 767 2544 salvatoris
781 2481 949 2558 adventum,
974 2477 1148 2565 omninoque
1164 2501 1248 2566 prae·

92 2581 170 2641 clare
191 2578 248 2642 suh
271 2581 325 2644 hec
346 2582 429 2664 lege,
460 2583 541 2646 velut
558 2583 681 2666 quodam
700 2583 867 2645 institutore
888 2603 954 2646 cum
969 2583 1026 2645 illis
1044 2593 1140 2645 actum
1159 2585 1245 2660 toret,

92 2681 216 2765 siquem
233 2683 335 2756 eadem
350 2683 398 2746 illa
412 2682 463 2747 lex
475 2685 673 2767 praedinerat,
692 2695 903 2768 vernarumque
914 2695 1140 2762 monstraverat,
1161 2679 1248 2748 Chri-

92 2793 168 2846 stum
190 2805 357 2867 agnoscere
380 2787 558 2864 vquIssent,
592 2796 623 2849 ut
645 2787 708 2849 eius
730 2787 910 2850 divinitatem
934 2786 1061 2849 confessi
1081 2789 1134 2849 hoc
1153 2786 1248 2872 ipsam

91 2887 170 2968 quod
190 2906 318 2970 corpore
339 2889 486 2972 praeditus
508 2889 694 2966 advenisset,
726 2909 784 2951 non
806 2888 841 2950 ad
864 2887 938 2971 legis
957 2889 1141 2952 eversionem
1159 2889 1248 2974 perti-

93 3009 183 3064 nere,
215 2989 269 3050 sed
288 2989 323 3051 ad
342 2989 407 3054 eius
429 2991 705 3054 consummationem
727 2989 942 3073 intelligerentp
975 2990 1109 3074 quoniam
1128 2991 1249 3054 nmhrae

94 3095 242 3152 danum
260 3102 346 3176 atque
364 3091 507 3174 imagines
528 3091 557 3154 in
581 3093 663 3175 Iege,
694 3093 724 3155 in
742 3092 895 3176 evangelie
910 3094 1021 3156 veritas
1037 3091 1101 3177 ipsa
1117 3093 1250 3156 contine·

95 3201 152 3254 tar.
196 3189 277 3254 Nam
300 3192 360 3256 illic
383 3193 516 3278 corporis
537 3195 717 3279 praescripta
739 3193 923 3258 elrcumcisio
947 3205 1009 3270 est,
1043 3215 1118 3278 quae
1142 3195 1170 3256 in
1196 3211 1249 3254 usu

96 3291 204 3357 tamdiu
225 3295 296 3373 luit,
321 3296 415 3378 quoad
432 3297 538 3379 iugens
556 3305 602 3358 est
619 3297 668 3359 illa
685 3296 869 3360 circumcisio
886 3297 1059 3373 subsecuta,
1089 3295 1249 3380 haptIsruus

96 3395 251 3471 videlicet,
282 3417 339 3480 quo
357 3419 410 3460 nos
427 3419 446 3460 a
465 3398 592 3482 peccatis
611 3398 822 3484 praecidimur,
856 3409 885 3461 et
902 3399 931 3460 in
951 3397 997 3460 dei
1014 3397 1131 3461 nomine
1149 3395 1249 3478 signa·

96 3519 170 3560 nur.
219 3495 376 3561 Idahehaut
391 3499 431 3561 illi
447 3511 597 3583 praeterea
613 3501 784 3579 sabbatum,
807 3500 882 3585 quod
902 3520 956 3562 nos
972 3499 1007 3561 ad
1027 3518 1161 3580 magnum
1180 3497 1250 3562 illud

96 3600 267 3677 sabbatum,
294 3600 349 3664 hoc
366 3609 411 3664 est
428 3599 537 3666 Christi
556 3601 664 3666 domini
683 3601 827 3687 quietem,
851 3599 1049 3687 praeparando
1067 3599 1194 3677 detinet,
1220 3611 1253 3663 nt

95 3725 113 3764 a
136 3713 258 3787 peccato
275 3715 427 3766 cessantes
444 3705 525 3768 velut
540 3705 690 3768 sabbatum
708 3705 850 3788 quoddam
870 3703 899 3764 io
916 3699 1036 3765 ChrIsto
1055 3701 1248 3765 celebremus.

97 3802 171 3868 Erat
191 3823 285 3890 penes
306 3803 372 3867 illos
396 3817 426 3869 et
447 3805 512 3870 ovis
528 3805 647 3870 victima
665 3805 787 3868 rahonis
805 3823 930 3888 expers,
960 3823 1034 3886 quae
1051 3825 1105 3866 nos
1123 3805 1157 3867 ad
1174 3804 1252 3866 illem

97 3927 231 3992 agnam
246 3906 463 3990 coelestemque
479 3911 653 3994 perduceret
667 3929 771 3986 orem,
803 3927 856 3991 pro
874 3913 974 3968 nostra
992 3907 1146 3988 mundique
1163 3905 1253 3968 totius

97 4011 192 4072 sainte
207 4019 374 4072 mactatam.
418 4007 580 4074 Praeterea
595 4011 726 4074 instituta
741 4010 815 4094 apud
833 4008 898 4070 illos
913 4006 1067 4072 decimatio
1083 4009 1152 4086 luit,
1178 4025 1253 4090 qnae

99 4131 152 4173 nos
169 4129 209 4173 ce
226 4109 442 4194 praemuniret,
466 4133 503 4176 ne
521 4112 578 4175 iota
596 4111 727 4190 literam,
751 4131 826 4194 quae
843 4119 912 4173 nom
927 4110 1059 4174 deenssIs
1077 4121 1139 4188 est,
1162 4108 1253 4172 idem·

98 4231 153 4296 qne
174 4211 247 4276 Iesu
268 4213 396 4276 nominis
418 4213 541 4299 primurn
563 4215 739 4277 elementum
760 4213 898 4297 ignorare
920 4233 1084 4298 possemus.

183 4415 331 4500 Quoniam
353 4416 444 4500 igitur
465 4437 517 4504 per
539 4416 656 4480 umbras
679 4437 713 4478 ac
734 4416 842 4500 ligures
863 4417 986 4479 traducti
1006 4423 1090 4491 sun't,
1115 4433 1254 4478 neceam
1274 4429 1334 4499 cap.
1351 4427 1392 4480 vt.

101 4519 309 4600 perlectionem
322 4519 452 4584 assecuti
467 4539 550 4602 quam
563 4519 614 4583 Iex
627 4519 736 4603 pariter
750 4540 784 4581 ac
801 4518 957 4604 prophetae
972 4515 1138 4600 caeterique
1153 4535 1254 4580 omnes
