<?xml version="1.0" encoding="UTF-8"?>
<!DOCTYPE html PUBLIC "-//W3C//DTD XHTML 1.0 Transitional//EN"
    "http://www.w3.org/TR/xhtml1/DTD/xhtml1-transitional.dtd">
<html xmlns="http://www.w3.org/1999/xhtml" xml:lang="en" lang="en">
 <head>
  <title>
</title>
<meta http-equiv="Content-Type" content="text/html;charset=utf-8" />
  <meta name='ocr-system' content='tesseract 3.04.00' />
  <meta name='ocr-capabilities' content='ocr_page ocr_carea ocr_par ocr_line ocrx_word'/>
</head>
<body>
  <div class='ocr_page' id='page_1' title='image "./corporishaerese01oehlgoog_0222.png"; bbox 0 0 3112 4984; ppageno 0'>
   <div class='ocr_carea' id='block_1_1' title="bbox 368 285 1264 350">
    <p class='ocr_par' dir='ltr' id='par_1_1' title="bbox 368 285 1264 350">
     <span class='ocr_line' id='line_1_1' title="bbox 368 285 1264 350; baseline -0.001 -3"><span class='ocrx_word' id='word_1_1' title='bbox 368 294 504 347; x_wconf 77' lang='grc' dir='ltr'><strong>ιιιιιιιιι</strong></span> <span class='ocrx_word' id='word_1_2' title='bbox 521 293 583 345; x_wconf 84' lang='lat' dir='ltr'>urs.</span> <span class='ocrx_word' id='word_1_3' title='bbox 599 295 618 346; x_wconf 94' lang='grc' dir='ltr'><strong>ι.</strong></span> <span class='ocrx_word' id='word_1_4' title='bbox 635 293 715 347; x_wconf 82' lang='lat' dir='ltr'>ron.</span> <span class='ocrx_word' id='word_1_5' title='bbox 729 295 759 346; x_wconf 90' lang='lat' dir='ltr'>u.</span> <span class='ocrx_word' id='word_1_6' title='bbox 786 293 884 346; x_wconf 79' lang='lat' dir='ltr'>ussa.</span> <span class='ocrx_word' id='word_1_7' title='bbox 902 295 1012 346; x_wconf 83' lang='lat' dir='ltr'>xxva.</span> <span class='ocrx_word' id='word_1_8' title='bbox 1204 285 1264 350; x_wconf 75' lang='lat'>209</span> 
     </span>
    </p>
   </div>
   <div class='ocr_carea' id='block_1_2' title="bbox 15 411 1372 4363">
    <p class='ocr_par' dir='ltr' id='par_1_2' title="bbox 15 411 1372 4363">
     <span class='ocr_line' id='line_1_2' title="bbox 114 411 1262 501; baseline 0.003 -23"><span class='ocrx_word' id='word_1_9' title='bbox 114 421 267 498; x_wconf 66' lang='grc' dir='ltr'><strong>ἱεμιὺιιιηιι</strong></span> <span class='ocrx_word' id='word_1_10' title='bbox 284 427 342 489; x_wconf 84' lang='lat' dir='ltr'>est,</span> <span class='ocrx_word' id='word_1_11' title='bbox 367 415 394 478; x_wconf 94' lang='lat' dir='ltr'>id</span> <span class='ocrx_word' id='word_1_12' title='bbox 412 415 488 500; x_wconf 93' lang='lat' dir='ltr'>quod</span> <span class='ocrx_word' id='word_1_13' title='bbox 505 411 614 478; x_wconf 89' lang='lat' dir='ltr'>Paulus</span> <span class='ocrx_word' id='word_1_14' title='bbox 630 413 779 498; x_wconf 90' lang='lat' dir='ltr'>apostolus</span> <span class='ocrx_word' id='word_1_15' title='bbox 800 413 929 478; x_wconf 75' lang='lat' dir='ltr'><strong>tradidit.</strong></span> <span class='ocrx_word' id='word_1_16' title='bbox 973 411 1122 500; x_wconf 81' lang='lat' dir='ltr'>Siquidem</span> <span class='ocrx_word' id='word_1_17' title='bbox 1142 427 1262 501; x_wconf 91' lang='lat' dir='ltr'>propter</span> 
     </span>
     <span class='ocr_line' id='line_1_3' title="bbox 112 516 1259 603; baseline -0.001 -20"><span class='ocrx_word' id='word_1_18' title='bbox 112 519 305 583; x_wconf 81' lang='lat' dir='ltr'>abominanda</span> <span class='ocrx_word' id='word_1_19' title='bbox 320 517 450 603; x_wconf 88' lang='lat' dir='ltr'>ipsorum</span> <span class='ocrx_word' id='word_1_20' title='bbox 466 519 552 597; x_wconf 86' lang='lat' dir='ltr'>facta,</span> <span class='ocrx_word' id='word_1_21' title='bbox 576 537 690 589; x_wconf 89' lang='lat' dir='ltr'>merces</span> <span class='ocrx_word' id='word_1_22' title='bbox 705 517 762 579; x_wconf 88' lang='lat' dir='ltr'>illis</span> <span class='ocrx_word' id='word_1_23' title='bbox 779 526 977 580; x_wconf 89' lang='lat' dir='ltr'>consentanea</span> <span class='ocrx_word' id='word_1_24' title='bbox 996 516 1145 582; x_wconf 76' lang='lat' dir='ltr'>reddetur.</span> <span class='ocrx_word' id='word_1_25' title='bbox 1180 517 1259 582; x_wconf 89' lang='lat' dir='ltr'>Nam</span> 
     </span>
     <span class='ocr_line' id='line_1_4' title="bbox 112 617 1259 704; baseline 0.001 -21"><span class='ocrx_word' id='word_1_26' title='bbox 112 643 176 684; x_wconf 89' lang='lat' dir='ltr'>aum</span> <span class='ocrx_word' id='word_1_27' title='bbox 192 619 320 684; x_wconf 86' lang='lat' dir='ltr'>animum</span> <span class='ocrx_word' id='word_1_28' title='bbox 337 641 421 683; x_wconf 92' lang='lat' dir='ltr'>suam</span> <span class='ocrx_word' id='word_1_29' title='bbox 438 619 499 704; x_wconf 88' lang='lat' dir='ltr'>rapi</span> <span class='ocrx_word' id='word_1_30' title='bbox 515 619 641 682; x_wconf 89' lang='lat' dir='ltr'>libidinis</span> <span class='ocrx_word' id='word_1_31' title='bbox 657 619 766 702; x_wconf 89' lang='lat' dir='ltr'>impetu</span> <span class='ocrx_word' id='word_1_32' title='bbox 781 637 816 680; x_wconf 87' lang='lat' dir='ltr'>ao</span> <span class='ocrx_word' id='word_1_33' title='bbox 832 619 932 682; x_wconf 89' lang='lat' dir='ltr'>furore</span> <span class='ocrx_word' id='word_1_34' title='bbox 949 617 1145 702; x_wconf 75' lang='lat' dir='ltr'>permiserint,</span> <span class='ocrx_word' id='word_1_35' title='bbox 1170 621 1198 683; x_wconf 91' lang='lat' dir='ltr'>in</span> <span class='ocrx_word' id='word_1_36' title='bbox 1216 621 1259 684; x_wconf 92' lang='lat' dir='ltr'>in·</span> 
     </span>
     <span class='ocr_line' id='line_1_5' title="bbox 111 718 1259 807; baseline 0.001 -21"><span class='ocrx_word' id='word_1_37' title='bbox 111 724 190 788; x_wconf 83' lang='lat' dir='ltr'>finita</span> <span class='ocrx_word' id='word_1_38' title='bbox 208 743 276 788; x_wconf 87' lang='lat' dir='ltr'>sese</span> <span class='ocrx_word' id='word_1_39' title='bbox 294 721 473 807; x_wconf 86' lang='lat' dir='ltr'>voluptatum</span> <span class='ocrx_word' id='word_1_40' title='bbox 490 742 600 805; x_wconf 82' lang='lat' dir='ltr'>genera</span> <span class='ocrx_word' id='word_1_41' title='bbox 616 719 791 807; x_wconf 84' lang='lat' dir='ltr'>praecipites</span> <span class='ocrx_word' id='word_1_42' title='bbox 809 720 1003 783; x_wconf 88' lang='lat' dir='ltr'>committunt.</span> <span class='ocrx_word' id='word_1_43' title='bbox 1048 718 1093 784; x_wconf 90' lang='lat' dir='ltr'>lta</span> <span class='ocrx_word' id='word_1_44' title='bbox 1107 723 1184 786; x_wconf 89' lang='lat' dir='ltr'>enim</span> <span class='ocrx_word' id='word_1_45' title='bbox 1200 722 1259 787; x_wconf 88' lang='lat' dir='ltr'>dis·</span> 
     </span>
     <span class='ocr_line' id='line_1_6' title="bbox 111 819 1256 910; baseline 0.001 -21"><span class='ocrx_word' id='word_1_46' title='bbox 111 835 229 910; x_wconf 92' lang='lat' dir='ltr'>patant,</span> <span class='ocrx_word' id='word_1_47' title='bbox 253 845 327 908; x_wconf 88' lang='lat' dir='ltr'>quac</span> <span class='ocrx_word' id='word_1_48' title='bbox 349 823 385 886; x_wconf 91' lang='lat' dir='ltr'>ab</span> <span class='ocrx_word' id='word_1_49' title='bbox 410 823 574 886; x_wconf 90' lang='lat' dir='ltr'>bominibus</span> <span class='ocrx_word' id='word_1_50' title='bbox 593 823 666 886; x_wconf 87' lang='lat' dir='ltr'>mala</span> <span class='ocrx_word' id='word_1_51' title='bbox 685 821 866 900; x_wconf 89' lang='lat' dir='ltr'>indicantur,</span> <span class='ocrx_word' id='word_1_52' title='bbox 890 841 923 884; x_wconf 91' lang='lat' dir='ltr'>ea</span> <span class='ocrx_word' id='word_1_53' title='bbox 941 819 1058 887; x_wconf 87' lang='lat' dir='ltr'>minime</span> <span class='ocrx_word' id='word_1_54' title='bbox 1081 824 1155 887; x_wconf 87' lang='lat' dir='ltr'>mala</span> <span class='ocrx_word' id='word_1_55' title='bbox 1177 845 1256 906; x_wconf 89' lang='lat' dir='ltr'>esse,</span> 
     </span>
     <span class='ocr_line' id='line_1_7' title="bbox 110 922 1258 1002; baseline 0 -10"><span class='ocrx_word' id='word_1_56' title='bbox 110 927 161 992; x_wconf 89' lang='lat' dir='ltr'>sed</span> <span class='ocrx_word' id='word_1_57' title='bbox 179 925 302 991; x_wconf 85' lang='lat' dir='ltr'>honesta</span> <span class='ocrx_word' id='word_1_58' title='bbox 320 938 436 990; x_wconf 90' lang='lat' dir='ltr'>natura.</span> <span class='ocrx_word' id='word_1_59' title='bbox 467 922 550 988; x_wconf 89' lang='lat' dir='ltr'>Nihil</span> <span class='ocrx_word' id='word_1_60' title='bbox 564 924 640 987; x_wconf 90' lang='lat' dir='ltr'>enim</span> <span class='ocrx_word' id='word_1_61' title='bbox 659 934 760 988; x_wconf 89' lang='lat' dir='ltr'>natura</span> <span class='ocrx_word' id='word_1_62' title='bbox 777 923 881 987; x_wconf 88' lang='lat' dir='ltr'>malum</span> <span class='ocrx_word' id='word_1_63' title='bbox 898 932 955 1002; x_wconf 92' lang='lat' dir='ltr'>est,</span> <span class='ocrx_word' id='word_1_64' title='bbox 975 925 1026 988; x_wconf 88' lang='lat' dir='ltr'>sed</span> <span class='ocrx_word' id='word_1_65' title='bbox 1044 924 1258 992; x_wconf 80' lang='lat' dir='ltr'>abdominibus</span> 
     </span>
     <span class='ocr_line' id='line_1_8' title="bbox 111 1022 1258 1112; baseline 0 -20"><span class='ocrx_word' id='word_1_66' title='bbox 111 1029 252 1093; x_wconf 78' lang='lat' dir='ltr'>duntaxat</span> <span class='ocrx_word' id='word_1_67' title='bbox 269 1047 358 1112; x_wconf 87' lang='lat' dir='ltr'>prava</span> <span class='ocrx_word' id='word_1_68' title='bbox 375 1038 543 1090; x_wconf 75' lang='lat' dir='ltr'><strong>censentur.</strong></span> <span class='ocrx_word' id='word_1_69' title='bbox 589 1022 674 1108; x_wconf 82' lang='lat' dir='ltr'>Quae</span> <span class='ocrx_word' id='word_1_70' title='bbox 691 1027 716 1089; x_wconf 89' lang='lat' dir='ltr'>si</span> <span class='ocrx_word' id='word_1_71' title='bbox 733 1025 798 1110; x_wconf 90' lang='lat' dir='ltr'>quis</span> <span class='ocrx_word' id='word_1_72' title='bbox 811 1025 907 1088; x_wconf 88' lang='lat' dir='ltr'>omnia</span> <span class='ocrx_word' id='word_1_73' title='bbox 924 1025 953 1088; x_wconf 91' lang='lat' dir='ltr'>in</span> <span class='ocrx_word' id='word_1_74' title='bbox 969 1024 1021 1088; x_wconf 87' lang='lat' dir='ltr'>bae</span> <span class='ocrx_word' id='word_1_75' title='bbox 1039 1047 1095 1090; x_wconf 91' lang='lat' dir='ltr'>una</span> <span class='ocrx_word' id='word_1_76' title='bbox 1111 1029 1258 1112; x_wconf 76' lang='lat' dir='ltr'>praesenti</span> 
     </span>
     <span class='ocr_line' id='line_1_9' title="bbox 109 1126 1255 1216; baseline -0.001 -22"><span class='ocrx_word' id='word_1_77' title='bbox 109 1130 170 1194; x_wconf 83' lang='lat' dir='ltr'>rita</span> <span class='ocrx_word' id='word_1_78' title='bbox 180 1131 352 1216; x_wconf 85' lang='lat' dir='ltr'>&#39;perfecerit‚</span> <span class='ocrx_word' id='word_1_79' title='bbox 377 1131 441 1194; x_wconf 89' lang='lat' dir='ltr'>eius</span> <span class='ocrx_word' id='word_1_80' title='bbox 456 1129 550 1192; x_wconf 85' lang='lat' dir='ltr'>anima</span> <span class='ocrx_word' id='word_1_81' title='bbox 566 1149 623 1190; x_wconf 91' lang='lat' dir='ltr'>uon</span> <span class='ocrx_word' id='word_1_82' title='bbox 638 1128 760 1213; x_wconf 88' lang='lat' dir='ltr'>amplius</span> <span class='ocrx_word' id='word_1_83' title='bbox 775 1128 804 1190; x_wconf 90' lang='lat' dir='ltr'>ln</span> <span class='ocrx_word' id='word_1_84' title='bbox 819 1126 876 1190; x_wconf 89' lang='lat' dir='ltr'>alia</span> <span class='ocrx_word' id='word_1_85' title='bbox 892 1147 1016 1211; x_wconf 85' lang='lat' dir='ltr'>corpora</span> <span class='ocrx_word' id='word_1_86' title='bbox 1032 1129 1255 1210; x_wconf 73' lang='lat' dir='ltr'>transfunditur,</span> 
     </span>
     <span class='ocr_line' id='line_1_10' title="bbox 109 1227 1257 1317; baseline -0.001 -21"><span class='ocrx_word' id='word_1_87' title='bbox 109 1245 142 1296; x_wconf 92' lang='lat' dir='ltr'>nt</span> <span class='ocrx_word' id='word_1_88' title='bbox 157 1232 188 1295; x_wconf 93' lang='lat' dir='ltr'>in</span> <span class='ocrx_word' id='word_1_89' title='bbox 203 1233 278 1296; x_wconf 90' lang='lat' dir='ltr'>banc</span> <span class='ocrx_word' id='word_1_90' title='bbox 293 1233 386 1296; x_wconf 87' lang='lat' dir='ltr'>lucem</span> <span class='ocrx_word' id='word_1_91' title='bbox 408 1231 503 1295; x_wconf 93' lang='lat' dir='ltr'>denno</span> <span class='ocrx_word' id='word_1_92' title='bbox 524 1241 710 1314; x_wconf 77' lang='lat' dir='ltr'>procreetur,</span> <span class='ocrx_word' id='word_1_93' title='bbox 735 1228 786 1292; x_wconf 92' lang='lat' dir='ltr'>sed</span> <span class='ocrx_word' id='word_1_94' title='bbox 805 1227 883 1292; x_wconf 84' lang='lat' dir='ltr'>omni</span> <span class='ocrx_word' id='word_1_95' title='bbox 901 1228 1045 1292; x_wconf 88' lang='lat' dir='ltr'>actionum</span> <span class='ocrx_word' id='word_1_96' title='bbox 1065 1251 1174 1314; x_wconf 76' lang='lat' dir='ltr'>genere</span> <span class='ocrx_word' id='word_1_97' title='bbox 1191 1253 1257 1317; x_wconf 88' lang='lat' dir='ltr'>per·</span> 
     </span>
     <span class='ocr_line' id='line_1_11' title="bbox 109 1329 1257 1417; baseline -0.001 -18"><span class='ocrx_word' id='word_1_98' title='bbox 109 1337 205 1399; x_wconf 75' lang='lat' dir='ltr'>mnata</span> <span class='ocrx_word' id='word_1_99' title='bbox 220 1333 310 1397; x_wconf 90' lang='lat' dir='ltr'>libera</span> <span class='ocrx_word' id='word_1_100' title='bbox 326 1344 412 1417; x_wconf 86' lang='lat' dir='ltr'>atque</span> <span class='ocrx_word' id='word_1_101' title='bbox 429 1333 565 1396; x_wconf 89' lang='lat' dir='ltr'>immunis</span> <span class='ocrx_word' id='word_1_102' title='bbox 581 1333 730 1410; x_wconf 73' lang='lat' dir='ltr'>abscedet,</span> <span class='ocrx_word' id='word_1_103' title='bbox 753 1352 817 1394; x_wconf 86' lang='lat' dir='ltr'>cnm</span> <span class='ocrx_word' id='word_1_104' title='bbox 832 1329 938 1394; x_wconf 90' lang='lat' dir='ltr'>nullius</span> <span class='ocrx_word' id='word_1_105' title='bbox 953 1330 1046 1394; x_wconf 92' lang='lat' dir='ltr'>adbuc</span> <span class='ocrx_word' id='word_1_106' title='bbox 1061 1331 1090 1394; x_wconf 92' lang='lat' dir='ltr'>in</span> <span class='ocrx_word' id='word_1_107' title='bbox 1102 1331 1159 1396; x_wconf 83' lang='lat' dir='ltr'>boc</span> <span class='ocrx_word' id='word_1_108' title='bbox 1173 1355 1257 1398; x_wconf 91' lang='lat' dir='ltr'>mnu·</span> 
     </span>
     <span class='ocr_line' id='line_1_12' title="bbox 108 1430 1256 1518; baseline -0.001 -19"><span class='ocrx_word' id='word_1_109' title='bbox 108 1436 145 1500; x_wconf 90' lang='lat' dir='ltr'>do</span> <span class='ocrx_word' id='word_1_110' title='bbox 169 1436 268 1500; x_wconf 90' lang='lat' dir='ltr'>debito</span> <span class='ocrx_word' id='word_1_111' title='bbox 289 1434 413 1498; x_wconf 79' lang='lat' dir='ltr'>actionis</span> <span class='ocrx_word' id='word_1_112' title='bbox 434 1433 590 1518; x_wconf 84' lang='lat' dir='ltr'>obligetur.</span> <span class='ocrx_word' id='word_1_113' title='bbox 635 1430 806 1497; x_wconf 81' lang='lat' dir='ltr'>Cuiusmodi</span> <span class='ocrx_word' id='word_1_114' title='bbox 826 1453 899 1496; x_wconf 91' lang='lat' dir='ltr'>vero</span> <span class='ocrx_word' id='word_1_115' title='bbox 922 1432 1066 1496; x_wconf 88' lang='lat' dir='ltr'>actionem</span> <span class='ocrx_word' id='word_1_116' title='bbox 1093 1434 1256 1518; x_wconf 76' lang='lat' dir='ltr'>intelligant</span> 
     </span>
     <span class='ocr_line' id='line_1_13' title="bbox 107 1535 1256 1622; baseline 0 -20"><span class='ocrx_word' id='word_1_117' title='bbox 107 1559 222 1602; x_wconf 79' lang='lat' dir='ltr'>nasum</span> <span class='ocrx_word' id='word_1_118' title='bbox 239 1537 389 1622; x_wconf 84' lang='lat' dir='ltr'>explicare</span> <span class='ocrx_word' id='word_1_119' title='bbox 409 1556 534 1613; x_wconf 85' lang='lat' dir='ltr'>vereor,</span> <span class='ocrx_word' id='word_1_120' title='bbox 559 1556 597 1598; x_wconf 93' lang='lat' dir='ltr'>ne</span> <span class='ocrx_word' id='word_1_121' title='bbox 614 1535 694 1599; x_wconf 85' lang='lat' dir='ltr'>velut</span> <span class='ocrx_word' id='word_1_122' title='bbox 712 1546 842 1620; x_wconf 87' lang='lat' dir='ltr'>opertum</span> <span class='ocrx_word' id='word_1_123' title='bbox 860 1554 999 1614; x_wconf 87' lang='lat' dir='ltr'>ocenum,</span> <span class='ocrx_word' id='word_1_124' title='bbox 1023 1535 1064 1598; x_wconf 91' lang='lat' dir='ltr'>ita</span> <span class='ocrx_word' id='word_1_125' title='bbox 1081 1538 1256 1620; x_wconf 82' lang='lat' dir='ltr'>graveolen-</span> 
     </span>
     <span class='ocr_line' id='line_1_14' title="bbox 108 1635 1255 1723; baseline -0.001 -19"><span class='ocrx_word' id='word_1_126' title='bbox 108 1651 166 1704; x_wconf 88' lang='lat' dir='ltr'>tam</span> <span class='ocrx_word' id='word_1_127' title='bbox 183 1638 260 1702; x_wconf 86' lang='lat' dir='ltr'>banc</span> <span class='ocrx_word' id='word_1_128' title='bbox 278 1638 406 1702; x_wconf 85' lang='lat' dir='ltr'>cloacam</span> <span class='ocrx_word' id='word_1_129' title='bbox 431 1637 576 1723; x_wconf 86' lang='lat' dir='ltr'>aperiam,</span> <span class='ocrx_word' id='word_1_130' title='bbox 600 1658 635 1701; x_wconf 89' lang='lat' dir='ltr'>aa</span> <span class='ocrx_word' id='word_1_131' title='bbox 655 1639 812 1722; x_wconf 80' lang='lat' dir='ltr'>pestiferae</span> <span class='ocrx_word' id='word_1_132' title='bbox 834 1635 982 1700; x_wconf 86' lang='lat' dir='ltr'>cuiusdam</span> <span class='ocrx_word' id='word_1_133' title='bbox 1003 1636 1198 1702; x_wconf 81' lang='lat' dir='ltr'>exlralationis</span> <span class='ocrx_word' id='word_1_134' title='bbox 1219 1660 1255 1703; x_wconf 89' lang='lat' dir='ltr'>ao</span> 
     </span>
     <span class='ocr_line' id='line_1_15' title="bbox 109 1735 1252 1823; baseline 0.003 -20"><span class='ocrx_word' id='word_1_135' title='bbox 109 1740 234 1804; x_wconf 90' lang='lat' dir='ltr'>foetoris</span> <span class='ocrx_word' id='word_1_136' title='bbox 250 1739 436 1804; x_wconf 86' lang='lat' dir='ltr'>occasionem</span> <span class='ocrx_word' id='word_1_137' title='bbox 452 1738 622 1823; x_wconf 90' lang='lat' dir='ltr'>quibusdam</span> <span class='ocrx_word' id='word_1_138' title='bbox 637 1738 739 1802; x_wconf 90' lang='lat' dir='ltr'>videar</span> <span class='ocrx_word' id='word_1_139' title='bbox 753 1737 934 1823; x_wconf 80' lang='lat' dir='ltr'>praebuisse.</span> <span class='ocrx_word' id='word_1_140' title='bbox 980 1735 1039 1803; x_wconf 90' lang='lat' dir='ltr'>Sed</span> <span class='ocrx_word' id='word_1_141' title='bbox 1055 1740 1252 1820; x_wconf 91' lang='lat' dir='ltr'>nibilominus,</span> 
     </span>
     <span class='ocr_line' id='line_1_16' title="bbox 109 1839 1254 1926; baseline 0.003 -22"><span class='ocrx_word' id='word_1_142' title='bbox 109 1863 174 1906; x_wconf 88' lang='lat' dir='ltr'>cam</span> <span class='ocrx_word' id='word_1_143' title='bbox 192 1862 240 1904; x_wconf 89' lang='lat' dir='ltr'>me</span> <span class='ocrx_word' id='word_1_144' title='bbox 259 1840 371 1905; x_wconf 83' lang='lat' dir='ltr'>veritas</span> <span class='ocrx_word' id='word_1_145' title='bbox 387 1841 450 1926; x_wconf 90' lang='lat' dir='ltr'>ipsa</span> <span class='ocrx_word' id='word_1_146' title='bbox 465 1840 674 1925; x_wconf 87' lang='lat' dir='ltr'>quodammodo</span> <span class='ocrx_word' id='word_1_147' title='bbox 695 1851 797 1924; x_wconf 82' lang='lat' dir='ltr'>cogat,</span> <span class='ocrx_word' id='word_1_148' title='bbox 820 1850 852 1902; x_wconf 95' lang='lat' dir='ltr'>nt</span> <span class='ocrx_word' id='word_1_149' title='bbox 868 1839 923 1902; x_wconf 85' lang='lat' dir='ltr'>boe</span> <span class='ocrx_word' id='word_1_150' title='bbox 943 1860 1046 1904; x_wconf 91' lang='lat' dir='ltr'>errore</span> <span class='ocrx_word' id='word_1_151' title='bbox 1060 1841 1254 1908; x_wconf 79' lang='lat' dir='ltr'>laborantium</span> 
     </span>
     <span class='ocr_line' id='line_1_17' title="bbox 107 1939 1256 2028; baseline 0.002 -22"><span class='ocrx_word' id='word_1_152' title='bbox 107 1943 257 2006; x_wconf 76' lang='lat' dir='ltr'>boninum</span> <span class='ocrx_word' id='word_1_153' title='bbox 276 1963 384 2007; x_wconf 90' lang='lat' dir='ltr'>arcana</span> <span class='ocrx_word' id='word_1_154' title='bbox 400 1943 588 2028; x_wconf 76' lang='lat' dir='ltr'>patefaciam,</span> <span class='ocrx_word' id='word_1_155' title='bbox 611 1963 674 2006; x_wconf 84' lang='lat' dir='ltr'>cam</span> <span class='ocrx_word' id='word_1_156' title='bbox 690 1941 759 2004; x_wconf 90' lang='lat' dir='ltr'>mibi</span> <span class='ocrx_word' id='word_1_157' title='bbox 776 1939 977 2004; x_wconf 87' lang='lat' dir='ltr'>necessitatem</span> <span class='ocrx_word' id='word_1_158' title='bbox 994 1942 1155 2026; x_wconf 88' lang='lat' dir='ltr'>imponam,</span> <span class='ocrx_word' id='word_1_159' title='bbox 1179 1957 1211 2008; x_wconf 93' lang='grc' dir='ltr'>ιιι</span> <span class='ocrx_word' id='word_1_160' title='bbox 1226 1956 1256 2010; x_wconf 90' lang='lat' dir='ltr'>et</span> 
     </span>
     <span class='ocr_line' id='line_1_18' title="bbox 107 2043 1254 2128; baseline 0.002 -20"><span class='ocrx_word' id='word_1_161' title='bbox 107 2044 326 2110; x_wconf 81' lang='lat' dir='ltr'>honestioribus</span> <span class='ocrx_word' id='word_1_162' title='bbox 341 2066 376 2108; x_wconf 92' lang='lat' dir='ltr'>ea</span> <span class='ocrx_word' id='word_1_163' title='bbox 392 2044 490 2108; x_wconf 84' lang='lat' dir='ltr'>verbis</span> <span class='ocrx_word' id='word_1_164' title='bbox 507 2063 656 2122; x_wconf 84' lang='lat' dir='ltr'>enarrem,</span> <span class='ocrx_word' id='word_1_165' title='bbox 680 2054 709 2107; x_wconf 86' lang='lat' dir='ltr'>et</span> <span class='ocrx_word' id='word_1_166' title='bbox 724 2063 740 2106; x_wconf 89' lang='lat' dir='ltr'>a</span> <span class='ocrx_word' id='word_1_167' title='bbox 757 2043 800 2105; x_wconf 89' lang='lat' dir='ltr'>rei</span> <span class='ocrx_word' id='word_1_168' title='bbox 815 2043 937 2106; x_wconf 88' lang='lat' dir='ltr'>veritate</span> <span class='ocrx_word' id='word_1_169' title='bbox 954 2062 1132 2128; x_wconf 87' lang='lat' dir='ltr'>nequaqnam</span> <span class='ocrx_word' id='word_1_170' title='bbox 1150 2045 1254 2110; x_wconf 88' lang='lat' dir='ltr'>abbor-</span> 
     </span>
     <span class='ocr_line' id='line_1_19' title="bbox 105 2143 1255 2230; baseline 0.002 -20"><span class='ocrx_word' id='word_1_171' title='bbox 105 2167 200 2210; x_wconf 81' lang='lat' dir='ltr'>reem.</span> <span class='ocrx_word' id='word_1_172' title='bbox 246 2144 324 2230; x_wconf 81' lang='lat' dir='ltr'>Quid</span> <span class='ocrx_word' id='word_1_173' title='bbox 341 2147 430 2230; x_wconf 83' lang='lat' dir='ltr'>igitur</span> <span class='ocrx_word' id='word_1_174' title='bbox 445 2146 493 2210; x_wconf 91' lang='lat' dir='ltr'>isti</span> <span class='ocrx_word' id='word_1_175' title='bbox 510 2145 587 2208; x_wconf 87' lang='lat' dir='ltr'>aliud</span> <span class='ocrx_word' id='word_1_176' title='bbox 605 2156 721 2230; x_wconf 85' lang='lat' dir='ltr'>praeter</span> <span class='ocrx_word' id='word_1_177' title='bbox 735 2145 930 2208; x_wconf 81' lang='lat' dir='ltr'>execrandum</span> <span class='ocrx_word' id='word_1_178' title='bbox 946 2143 1015 2207; x_wconf 90' lang='lat' dir='ltr'>illud</span> <span class='ocrx_word' id='word_1_179' title='bbox 1032 2167 1067 2208; x_wconf 89' lang='lat' dir='ltr'>ac</span> <span class='ocrx_word' id='word_1_180' title='bbox 1084 2145 1255 2212; x_wconf 89' lang='lat' dir='ltr'>detestabile</span> 
     </span>
     <span class='ocr_line' id='line_1_20' title="bbox 107 2246 1253 2331; baseline 0.003 -21"><span class='ocrx_word' id='word_1_181' title='bbox 107 2247 248 2331; x_wconf 77' lang='lat' dir='ltr'>flagitium</span> <span class='ocrx_word' id='word_1_182' title='bbox 265 2249 458 2326; x_wconf 87' lang='lat' dir='ltr'>committunt,</span> <span class='ocrx_word' id='word_1_183' title='bbox 483 2247 558 2331; x_wconf 90' lang='lat' dir='ltr'>quod</span> <span class='ocrx_word' id='word_1_184' title='bbox 575 2267 612 2310; x_wconf 93' lang='lat' dir='ltr'>ne</span> <span class='ocrx_word' id='word_1_185' title='bbox 629 2268 765 2310; x_wconf 86' lang='lat' dir='ltr'>sermone</span> <span class='ocrx_word' id='word_1_186' title='bbox 782 2247 896 2331; x_wconf 88' lang='lat' dir='ltr'>quidem</span> <span class='ocrx_word' id='word_1_187' title='bbox 915 2246 1080 2330; x_wconf 86' lang='lat' dir='ltr'>exprimere</span> <span class='ocrx_word' id='word_1_188' title='bbox 1094 2247 1175 2327; x_wconf 87' lang='lat' dir='ltr'>licet,</span> <span class='ocrx_word' id='word_1_189' title='bbox 1199 2248 1253 2313; x_wconf 86' lang='lat' dir='ltr'>boe</span> 
     </span>
     <span class='ocr_line' id='line_1_21' title="bbox 107 2346 1253 2434; baseline 0.003 -22"><span class='ocrx_word' id='word_1_190' title='bbox 107 2359 152 2412; x_wconf 89' lang='lat' dir='ltr'>est</span> <span class='ocrx_word' id='word_1_191' title='bbox 175 2361 394 2434; x_wconf 88' lang='lat' dir='ltr'>praeposteram</span> <span class='ocrx_word' id='word_1_192' title='bbox 418 2349 541 2412; x_wconf 90' lang='lat' dir='ltr'>mariam</span> <span class='ocrx_word' id='word_1_193' title='bbox 563 2349 818 2427; x_wconf 87' lang='lat' dir='ltr'>consuetudinem,</span> <span class='ocrx_word' id='word_1_194' title='bbox 843 2358 893 2410; x_wconf 91' lang='lat' dir='ltr'>aut</span> <span class='ocrx_word' id='word_1_195' title='bbox 912 2346 1164 2413; x_wconf 89' lang='lat' dir='ltr'>libidinosissimos</span> <span class='ocrx_word' id='word_1_196' title='bbox 1187 2371 1253 2414; x_wconf 89' lang='lat' dir='ltr'>eum</span> 
     </span>
     <span class='ocr_line' id='line_1_22' title="bbox 109 2449 1253 2536; baseline 0.003 -23"><span class='ocrx_word' id='word_1_197' title='bbox 109 2451 225 2515; x_wconf 75' lang='lat' dir='ltr'>fenicis</span> <span class='ocrx_word' id='word_1_198' title='bbox 243 2451 373 2535; x_wconf 90' lang='lat' dir='ltr'>qualibet</span> <span class='ocrx_word' id='word_1_199' title='bbox 388 2450 519 2536; x_wconf 89' lang='lat' dir='ltr'>corporis</span> <span class='ocrx_word' id='word_1_200' title='bbox 536 2462 619 2534; x_wconf 90' lang='lat' dir='ltr'>parte</span> <span class='ocrx_word' id='word_1_201' title='bbox 636 2449 822 2528; x_wconf 88' lang='lat' dir='ltr'>concubitus,</span> <span class='ocrx_word' id='word_1_202' title='bbox 848 2461 906 2512; x_wconf 87' lang='lat' dir='ltr'>turn</span> <span class='ocrx_word' id='word_1_203' title='bbox 923 2449 1052 2534; x_wconf 75' lang='lat' dir='ltr'>magicas</span> <span class='ocrx_word' id='word_1_204' title='bbox 1070 2450 1190 2536; x_wconf 89' lang='lat' dir='ltr'>insuper</span> <span class='ocrx_word' id='word_1_205' title='bbox 1204 2473 1253 2516; x_wconf 88' lang='lat' dir='ltr'>ar-</span> 
     </span>
     <span class='ocr_line' id='line_1_23' title="bbox 109 2549 1252 2638; baseline 0.003 -23"><span class='ocrx_word' id='word_1_206' title='bbox 109 2562 153 2616; x_wconf 87' lang='lat' dir='ltr'>tes</span> <span class='ocrx_word' id='word_1_207' title='bbox 172 2574 208 2616; x_wconf 86' lang='lat' dir='ltr'>ae</span> <span class='ocrx_word' id='word_1_208' title='bbox 225 2553 385 2632; x_wconf 85' lang='lat' dir='ltr'>veneficia,</span> <span class='ocrx_word' id='word_1_209' title='bbox 408 2553 608 2638; x_wconf 83' lang='lat' dir='ltr'>idolorumque</span> <span class='ocrx_word' id='word_1_210' title='bbox 629 2553 735 2615; x_wconf 88' lang='lat' dir='ltr'>cultus.</span> <span class='ocrx_word' id='word_1_211' title='bbox 779 2549 877 2634; x_wconf 85' lang='lat' dir='ltr'>Atque</span> <span class='ocrx_word' id='word_1_212' title='bbox 901 2551 976 2616; x_wconf 86' lang='lat' dir='ltr'>banc</span> <span class='ocrx_word' id='word_1_213' title='bbox 1000 2550 1252 2618; x_wconf 85' lang='lat' dir='ltr'>dissolvendarum</span> 
     </span>
     <span class='ocr_line' id='line_1_24' title="bbox 108 2653 1251 2741; baseline 0.002 -23"><span class='ocrx_word' id='word_1_214' title='bbox 108 2655 239 2739; x_wconf 86' lang='lat' dir='ltr'>corporis</span> <span class='ocrx_word' id='word_1_215' title='bbox 262 2655 423 2720; x_wconf 87' lang='lat' dir='ltr'>debitorum</span> <span class='ocrx_word' id='word_1_216' title='bbox 444 2657 587 2720; x_wconf 86' lang='lat' dir='ltr'>rationem</span> <span class='ocrx_word' id='word_1_217' title='bbox 613 2673 679 2717; x_wconf 90' lang='lat' dir='ltr'>esse</span> <span class='ocrx_word' id='word_1_218' title='bbox 699 2653 887 2730; x_wconf 86' lang='lat' dir='ltr'>confirmant,</span> <span class='ocrx_word' id='word_1_219' title='bbox 911 2673 948 2716; x_wconf 91' lang='lat' dir='ltr'>ne</span> <span class='ocrx_word' id='word_1_220' title='bbox 969 2653 1106 2739; x_wconf 89' lang='lat' dir='ltr'>appellari</span> <span class='ocrx_word' id='word_1_221' title='bbox 1128 2656 1251 2741; x_wconf 85' lang='lat' dir='ltr'>amplius</span> 
     </span>
     <span class='ocr_line' id='line_1_25' title="bbox 109 2754 1251 2842; baseline 0.002 -22"><span class='ocrx_word' id='word_1_222' title='bbox 109 2756 237 2840; x_wconf 89' lang='lat' dir='ltr'>possint,</span> <span class='ocrx_word' id='word_1_223' title='bbox 262 2766 312 2819; x_wconf 87' lang='lat' dir='ltr'>ant</span> <span class='ocrx_word' id='word_1_224' title='bbox 332 2755 368 2820; x_wconf 86' lang='lat' dir='ltr'>ab</span> <span class='ocrx_word' id='word_1_225' title='bbox 388 2755 425 2820; x_wconf 88' lang='lat' dir='ltr'>iis</span> <span class='ocrx_word' id='word_1_226' title='bbox 447 2757 518 2842; x_wconf 90' lang='lat' dir='ltr'>ipsis</span> <span class='ocrx_word' id='word_1_227' title='bbox 541 2777 613 2841; x_wconf 92' lang='lat' dir='ltr'>opas</span> <span class='ocrx_word' id='word_1_228' title='bbox 635 2754 749 2839; x_wconf 90' lang='lat' dir='ltr'>aliquod</span> <span class='ocrx_word' id='word_1_229' title='bbox 768 2764 934 2839; x_wconf 90' lang='lat' dir='ltr'>repetatur,</span> <span class='ocrx_word' id='word_1_230' title='bbox 958 2775 1052 2839; x_wconf 89' lang='lat' dir='ltr'>eoque</span> <span class='ocrx_word' id='word_1_231' title='bbox 1073 2757 1159 2820; x_wconf 91' lang='lat' dir='ltr'>modo</span> <span class='ocrx_word' id='word_1_232' title='bbox 1181 2758 1251 2822; x_wconf 88' lang='lat' dir='ltr'>illud</span> 
     </span>
     <span class='ocr_line' id='line_1_26' title="bbox 109 2855 1249 2942; baseline 0.004 -22"><span class='ocrx_word' id='word_1_233' title='bbox 109 2857 249 2936; x_wconf 89' lang='lat' dir='ltr'>obtineri,</span> <span class='ocrx_word' id='word_1_234' title='bbox 273 2867 306 2922; x_wconf 93' lang='lat' dir='ltr'>ut</span> <span class='ocrx_word' id='word_1_235' title='bbox 321 2878 359 2921; x_wconf 90' lang='lat' dir='ltr'>ne</span> <span class='ocrx_word' id='word_1_236' title='bbox 376 2870 561 2942; x_wconf 88' lang='lat' dir='ltr'>posteaquam</span> <span class='ocrx_word' id='word_1_237' title='bbox 580 2857 646 2921; x_wconf 89' lang='lat' dir='ltr'>binc</span> <span class='ocrx_word' id='word_1_238' title='bbox 663 2855 826 2921; x_wconf 85' lang='lat' dir='ltr'>excesserit</span> <span class='ocrx_word' id='word_1_239' title='bbox 843 2857 939 2920; x_wconf 89' lang='lat' dir='ltr'>anima</span> <span class='ocrx_word' id='word_1_240' title='bbox 959 2859 1054 2922; x_wconf 89' lang='lat' dir='ltr'>denuo</span> <span class='ocrx_word' id='word_1_241' title='bbox 1071 2869 1249 2939; x_wconf 86' lang='lat' dir='ltr'>revertatur,</span> 
     </span>
     <span class='ocr_line' id='line_1_27' title="bbox 110 2957 1195 3044; baseline 0.004 -23"><span class='ocrx_word' id='word_1_242' title='bbox 110 2960 186 3023; x_wconf 90' lang='lat' dir='ltr'>etad</span> <span class='ocrx_word' id='word_1_243' title='bbox 202 2958 268 3022; x_wconf 88' lang='lat' dir='ltr'>illos</span> <span class='ocrx_word' id='word_1_244' title='bbox 284 2959 378 3022; x_wconf 84' lang='lat' dir='ltr'>aliena</span> <span class='ocrx_word' id='word_1_245' title='bbox 394 2959 424 3021; x_wconf 92' lang='lat' dir='ltr'>iu</span> <span class='ocrx_word' id='word_1_246' title='bbox 442 2981 566 3044; x_wconf 89' lang='lat' dir='ltr'>corpora</span> <span class='ocrx_word' id='word_1_247' title='bbox 582 2959 722 3022; x_wconf 83' lang='lat' dir='ltr'>transitus</span> <span class='ocrx_word' id='word_1_248' title='bbox 737 2979 771 3021; x_wconf 89' lang='lat' dir='ltr'>ae</span> <span class='ocrx_word' id='word_1_249' title='bbox 788 2957 976 3042; x_wconf 84' lang='lat' dir='ltr'>migrationes</span> <span class='ocrx_word' id='word_1_250' title='bbox 992 2981 1059 3024; x_wconf 90' lang='lat' dir='ltr'>sese</span> <span class='ocrx_word' id='word_1_251' title='bbox 1075 2961 1195 3025; x_wconf 90' lang='lat' dir='ltr'>referat.</span> 
     </span>
     <span class='ocr_line' id='line_1_28' title="bbox 188 3057 1372 3148; baseline 0 -26"><span class='ocrx_word' id='word_1_252' title='bbox 188 3057 435 3123; x_wconf 80' lang='lat' dir='ltr'>Eiusmodi-enim</span> <span class='ocrx_word' id='word_1_253' title='bbox 456 3060 569 3124; x_wconf 87' lang='lat' dir='ltr'>illorum</span> <span class='ocrx_word' id='word_1_254' title='bbox 590 3069 774 3124; x_wconf 86' lang='lat' dir='ltr'>monumenta</span> <span class='ocrx_word' id='word_1_255' title='bbox 793 3069 877 3136; x_wconf 90' lang='lat' dir='ltr'>sunt,</span> <span class='ocrx_word' id='word_1_256' title='bbox 902 3071 934 3123; x_wconf 92' lang='lat' dir='ltr'>ut</span> <span class='ocrx_word' id='word_1_257' title='bbox 947 3061 972 3124; x_wconf 90' lang='lat' dir='ltr'>si</span> <span class='ocrx_word' id='word_1_258' title='bbox 987 3063 1051 3146; x_wconf 85' lang='lat' dir='ltr'>quis</span> <span class='ocrx_word' id='word_1_259' title='bbox 1073 3082 1107 3125; x_wconf 92' lang='lat' dir='ltr'>ca</span> <span class='ocrx_word' id='word_1_260' title='bbox 1130 3061 1247 3148; x_wconf 89' lang='lat' dir='ltr'>sapiens</span> <span class='ocrx_word' id='word_1_261' title='bbox 1265 3069 1325 3138; x_wconf 75' lang='lat' dir='ltr'>crp.</span> <span class='ocrx_word' id='word_1_262' title='bbox 1342 3073 1372 3123; x_wconf 87' lang='lat' dir='ltr'>v.</span> 
     </span>
     <span class='ocr_line' id='line_1_29' title="bbox 109 3158 1249 3249; baseline 0.005 -28"><span class='ocrx_word' id='word_1_263' title='bbox 109 3158 222 3244; x_wconf 72' lang='lat' dir='ltr'>legerit,</span> <span class='ocrx_word' id='word_1_264' title='bbox 241 3161 431 3224; x_wconf 86' lang='lat' dir='ltr'>vehementer</span> <span class='ocrx_word' id='word_1_265' title='bbox 444 3161 640 3246; x_wconf 88' lang='lat' dir='ltr'>obstupescat,</span> <span class='ocrx_word' id='word_1_266' title='bbox 660 3161 769 3245; x_wconf 83' lang='lat' dir='ltr'>vixque</span> <span class='ocrx_word' id='word_1_267' title='bbox 786 3160 822 3224; x_wconf 91' lang='lat' dir='ltr'>ab</span> <span class='ocrx_word' id='word_1_268' title='bbox 834 3160 997 3224; x_wconf 87' lang='lat' dir='ltr'>bominibus</span> <span class='ocrx_word' id='word_1_269' title='bbox 1012 3163 1072 3226; x_wconf 86' lang='lat' dir='ltr'>beri</span> <span class='ocrx_word' id='word_1_270' title='bbox 1090 3163 1145 3228; x_wconf 90' lang='lat' dir='ltr'>ista</span> <span class='ocrx_word' id='word_1_271' title='bbox 1161 3185 1249 3249; x_wconf 87' lang='lat' dir='ltr'>posse</span> 
     </span>
     <span class='ocr_line' id='line_1_30' title="bbox 107 3261 1246 3347; baseline 0.004 -23"><span class='ocrx_word' id='word_1_272' title='bbox 107 3261 159 3324; x_wconf 84' lang='lat' dir='ltr'>sibi</span> <span class='ocrx_word' id='word_1_273' title='bbox 177 3263 367 3347; x_wconf 87' lang='lat' dir='ltr'>persuadeat,</span> <span class='ocrx_word' id='word_1_274' title='bbox 391 3284 450 3326; x_wconf 92' lang='lat' dir='ltr'>non</span> <span class='ocrx_word' id='word_1_275' title='bbox 467 3263 552 3326; x_wconf 90' lang='lat' dir='ltr'>modo</span> <span class='ocrx_word' id='word_1_276' title='bbox 573 3263 610 3326; x_wconf 86' lang='lat' dir='ltr'>iis</span> <span class='ocrx_word' id='word_1_277' title='bbox 631 3263 724 3326; x_wconf 87' lang='lat' dir='ltr'>nostri</span> <span class='ocrx_word' id='word_1_278' title='bbox 743 3262 860 3346; x_wconf 80' lang='lat' dir='ltr'>generis</span> <span class='ocrx_word' id='word_1_279' title='bbox 877 3262 1056 3342; x_wconf 87' lang='lat' dir='ltr'>bominibus,</span> <span class='ocrx_word' id='word_1_280' title='bbox 1081 3263 1178 3347; x_wconf 93' lang='lat' dir='ltr'>quiin</span> <span class='ocrx_word' id='word_1_281' title='bbox 1199 3285 1246 3328; x_wconf 89' lang='lat' dir='ltr'>re-</span> 
     </span>
     <span class='ocr_line' id='line_1_31' title="bbox 108 3363 1323 3448; baseline 0.002 -22"><span class='ocrx_word' id='word_1_282' title='bbox 108 3363 218 3446; x_wconf 80' lang='lat' dir='ltr'>publica</span> <span class='ocrx_word' id='word_1_283' title='bbox 235 3374 410 3441; x_wconf 81' lang='lat' dir='ltr'>versantur,</span> <span class='ocrx_word' id='word_1_284' title='bbox 434 3365 587 3428; x_wconf 88' lang='lat' dir='ltr'>sedetiam</span> <span class='ocrx_word' id='word_1_285' title='bbox 610 3363 647 3428; x_wconf 92' lang='lat' dir='ltr'>iis</span> <span class='ocrx_word' id='word_1_286' title='bbox 663 3364 711 3448; x_wconf 93' lang='lat' dir='ltr'>qui</span> <span class='ocrx_word' id='word_1_287' title='bbox 728 3365 758 3426; x_wconf 91' lang='lat' dir='ltr'>in</span> <span class='ocrx_word' id='word_1_288' title='bbox 774 3363 868 3427; x_wconf 90' lang='lat' dir='ltr'>medio</span> <span class='ocrx_word' id='word_1_289' title='bbox 885 3365 1012 3428; x_wconf 88' lang='lat' dir='ltr'>ferarum</span> <span class='ocrx_word' id='word_1_290' title='bbox 1034 3365 1189 3428; x_wconf 87' lang='lat' dir='ltr'>earundem</span> <span class='ocrx_word' id='word_1_291' title='bbox 1211 3387 1245 3429; x_wconf 90' lang='lat' dir='ltr'>ac</span> <span class='ocrx_word' id='word_1_292' title='bbox 1321 3403 1323 3408; x_wconf 95' lang='lat'>·</span> 
     </span>
     <span class='ocr_line' id='line_1_32' title="bbox 107 3465 1245 3551; baseline 0 -21"><span class='ocrx_word' id='word_1_293' title='bbox 107 3466 245 3548; x_wconf 61' lang='lat' dir='ltr'>meatum</span> <span class='ocrx_word' id='word_1_294' title='bbox 261 3465 372 3529; x_wconf 92' lang='lat' dir='ltr'>similes</span> <span class='ocrx_word' id='word_1_295' title='bbox 388 3466 513 3549; x_wconf 83' lang='lat' dir='ltr'>degunt,</span> <span class='ocrx_word' id='word_1_296' title='bbox 537 3465 643 3549; x_wconf 90' lang='lat' dir='ltr'>quique</span> <span class='ocrx_word' id='word_1_297' title='bbox 657 3487 721 3529; x_wconf 87' lang='lat' dir='ltr'>oum</span> <span class='ocrx_word' id='word_1_298' title='bbox 741 3465 860 3529; x_wconf 86' lang='lat' dir='ltr'>canibus</span> <span class='ocrx_word' id='word_1_299' title='bbox 877 3487 911 3528; x_wconf 89' lang='lat' dir='ltr'>ao</span> <span class='ocrx_word' id='word_1_300' title='bbox 927 3465 1027 3529; x_wconf 88' lang='lat' dir='ltr'>suibus</span> <span class='ocrx_word' id='word_1_301' title='bbox 1044 3465 1124 3551; x_wconf 87' lang='lat' dir='ltr'>paria</span> <span class='ocrx_word' id='word_1_302' title='bbox 1142 3485 1245 3551; x_wconf 90' lang='lat' dir='ltr'>prope·</span> 
     </span>
     <span class='ocr_line' id='line_1_33' title="bbox 106 3564 1245 3652; baseline 0 -20"><span class='ocrx_word' id='word_1_303' title='bbox 106 3567 218 3632; x_wconf 75' lang='lat' dir='ltr'>nodam</span> <span class='ocrx_word' id='word_1_304' title='bbox 242 3576 420 3652; x_wconf 88' lang='lat' dir='ltr'>perpetrant.</span> <span class='ocrx_word' id='word_1_305' title='bbox 465 3564 614 3650; x_wconf 90' lang='lat' dir='ltr'>Siquidem</span> <span class='ocrx_word' id='word_1_306' title='bbox 635 3567 764 3652; x_wconf 83' lang='lat' dir='ltr'>experiri</span> <span class='ocrx_word' id='word_1_307' title='bbox 788 3565 884 3630; x_wconf 90' lang='lat' dir='ltr'>omnia</span> <span class='ocrx_word' id='word_1_308' title='bbox 907 3577 1041 3651; x_wconf 87' lang='lat' dir='ltr'>oportere</span> <span class='ocrx_word' id='word_1_309' title='bbox 1064 3567 1177 3645; x_wconf 89' lang='lat' dir='ltr'>dicunt,</span> <span class='ocrx_word' id='word_1_310' title='bbox 1207 3589 1245 3632; x_wconf 89' lang='lat' dir='ltr'>ne</span> 
     </span>
     <span class='ocr_line' id='line_1_34' title="bbox 107 3666 1243 3754; baseline 0.002 -22"><span class='ocrx_word' id='word_1_311' title='bbox 107 3686 244 3750; x_wconf 65' lang='lat' dir='ltr'>egressu</span> <span class='ocrx_word' id='word_1_312' title='bbox 261 3668 347 3732; x_wconf 87' lang='lat' dir='ltr'>istinc</span> <span class='ocrx_word' id='word_1_313' title='bbox 367 3667 497 3746; x_wconf 88' lang='lat' dir='ltr'>animae,</span> <span class='ocrx_word' id='word_1_314' title='bbox 521 3689 609 3754; x_wconf 93' lang='lat' dir='ltr'>opere</span> <span class='ocrx_word' id='word_1_315' title='bbox 626 3669 719 3754; x_wconf 85' lang='lat' dir='ltr'>aliquo</span> <span class='ocrx_word' id='word_1_316' title='bbox 737 3667 960 3751; x_wconf 87' lang='lat' dir='ltr'>praetermisso,</span> <span class='ocrx_word' id='word_1_317' title='bbox 985 3666 1021 3730; x_wconf 93' lang='lat' dir='ltr'>ob</span> <span class='ocrx_word' id='word_1_318' title='bbox 1040 3667 1068 3730; x_wconf 92' lang='lat' dir='ltr'>id</span> <span class='ocrx_word' id='word_1_319' title='bbox 1089 3687 1191 3732; x_wconf 90' lang='lat' dir='ltr'>rursus</span> <span class='ocrx_word' id='word_1_320' title='bbox 1212 3671 1243 3734; x_wconf 88' lang='lat' dir='ltr'>iu</span> 
     </span>
     <span class='ocr_line' id='line_1_35' title="bbox 104 3766 1242 3855; baseline 0.003 -23"><span class='ocrx_word' id='word_1_321' title='bbox 104 3788 224 3853; x_wconf 77' lang='lat' dir='ltr'>corpora</span> <span class='ocrx_word' id='word_1_322' title='bbox 251 3769 490 3855; x_wconf 77' lang='lat' dir='ltr'>compingendam</span> <span class='ocrx_word' id='word_1_323' title='bbox 515 3770 676 3854; x_wconf 85' lang='lat' dir='ltr'>perficiant.</span> <span class='ocrx_word' id='word_1_324' title='bbox 720 3766 786 3831; x_wconf 87' lang='lat' dir='ltr'>Hoc</span> <span class='ocrx_word' id='word_1_325' title='bbox 804 3787 875 3832; x_wconf 87' lang='lat' dir='ltr'>vero</span> <span class='ocrx_word' id='word_1_326' title='bbox 893 3771 986 3854; x_wconf 91' lang='lat' dir='ltr'>ipsorn</span> <span class='ocrx_word' id='word_1_327' title='bbox 1007 3787 1091 3848; x_wconf 90' lang='lat' dir='ltr'>esse,</span> <span class='ocrx_word' id='word_1_328' title='bbox 1115 3771 1220 3852; x_wconf 92' lang='lat' dir='ltr'>quod</span> <span class='ocrx_word' id='word_1_329' title='bbox 1211 3793 1242 3835; x_wconf 90' lang='grc' dir='ltr'>ιιι</span> 
     </span>
     <span class='ocr_line' id='line_1_36' title="bbox 15 3867 1346 3991; baseline 0.002 -58"><span class='ocrx_word' id='word_1_330' title='bbox 15 3869 17 3923; x_wconf 86' lang='lat' dir='ltr'>l</span> <span class='ocrx_word' id='word_1_331' title='bbox 104 3869 254 3954; x_wconf 79' lang='lat' dir='ltr'>evaugelio</span> <span class='ocrx_word' id='word_1_332' title='bbox 280 3867 362 3936; x_wconf 89' lang='lat' dir='ltr'>lesus</span> <span class='ocrx_word' id='word_1_333' title='bbox 387 3871 441 3936; x_wconf 92' lang='lat' dir='ltr'>bac</span> <span class='ocrx_word' id='word_1_334' title='bbox 465 3872 602 3957; x_wconf 89' lang='lat' dir='ltr'>parabola</span> <span class='ocrx_word' id='word_1_335' title='bbox 626 3869 788 3955; x_wconf 82' lang='lat' dir='ltr'>signifieat:</span> <span class='ocrx_word' id='word_1_336' title='bbox 821 3875 908 3944; x_wconf 83' lang='lat' dir='ltr'>Esto,</span> <span class='ocrx_word' id='word_1_337' title='bbox 932 3869 1042 3954; x_wconf 91' lang='lat' dir='ltr'>inquit,</span> <span class='ocrx_word' id='word_1_338' title='bbox 1066 3878 1303 3936; x_wconf 67' lang='lat' dir='ltr'>ementatum</span> <span class='ocrx_word' id='word_1_339' title='bbox 1262 3884 1346 3991; x_wconf 61' lang='lat' dir='ltr'>appot</span> 
     </span>
     <span class='ocr_line' id='line_1_37' title="bbox 101 3975 1239 4052; baseline 0.004 -18"><span class='ocrx_word' id='word_1_340' title='bbox 101 3975 261 4036; x_wconf 72' lang='lat' dir='ltr'>dmamr‘a</span> <span class='ocrx_word' id='word_1_341' title='bbox 276 3984 338 4048; x_wconf 86' lang='lat' dir='ltr'>tuo,</span> <span class='ocrx_word' id='word_1_342' title='bbox 363 3977 428 4035; x_wconf 85' lang='lat' dir='ltr'>dum</span> <span class='ocrx_word' id='word_1_343' title='bbox 444 3977 534 4036; x_wconf 83' lang='lat' dir='ltr'>adduc</span> <span class='ocrx_word' id='word_1_344' title='bbox 550 3996 581 4036; x_wconf 86' lang='lat' dir='ltr'>es</span> <span class='ocrx_word' id='word_1_345' title='bbox 598 3980 626 4036; x_wconf 84' lang='lat' dir='ltr'>r&#39;u</span> <span class='ocrx_word' id='word_1_346' title='bbox 641 3979 686 4036; x_wconf 80' lang='lat' dir='ltr'>vrb</span> <span class='ocrx_word' id='word_1_347' title='bbox 703 3993 764 4034; x_wconf 88' lang='lat' dir='ltr'>cum</span> <span class='ocrx_word' id='word_1_348' title='bbox 781 3977 857 4052; x_wconf 75' lang='lat' dir='ltr'>apra,</span> <span class='ocrx_word' id='word_1_349' title='bbox 881 3975 957 4033; x_wconf 88' lang='lat' dir='ltr'>etdu</span> <span class='ocrx_word' id='word_1_350' title='bbox 977 3995 1087 4052; x_wconf 67' lang='lat' dir='ltr'>cmm</span> <span class='ocrx_word' id='word_1_351' title='bbox 1106 3986 1139 4036; x_wconf 81' lang='lat' dir='ltr'>ut</span> <span class='ocrx_word' id='word_1_352' title='bbox 1155 3977 1191 4036; x_wconf 86' lang='lat' dir='ltr'>ab</span> <span class='ocrx_word' id='word_1_353' title='bbox 1207 3999 1239 4038; x_wconf 86' lang='lat' dir='ltr'>ea</span> 
     </span>
     <span class='ocr_line' id='line_1_38' title="bbox 100 4075 1239 4156; baseline 0.005 -24"><span class='ocrx_word' id='word_1_354' title='bbox 100 4075 244 4150; x_wconf 61' lang='lat' dir='ltr'>atam,</span> <span class='ocrx_word' id='word_1_355' title='bbox 268 4097 304 4136; x_wconf 86' lang='lat' dir='ltr'>ae</span> <span class='ocrx_word' id='word_1_356' title='bbox 319 4077 397 4156; x_wconf 83' lang='lat' dir='ltr'>sorte</span> <span class='ocrx_word' id='word_1_357' title='bbox 414 4079 509 4138; x_wconf 64' lang='lat' dir='ltr'>nudat</span> <span class='ocrx_word' id='word_1_358' title='bbox 526 4087 553 4137; x_wconf 90' lang='lat' dir='ltr'>te</span> <span class='ocrx_word' id='word_1_359' title='bbox 566 4079 745 4137; x_wconf 78' lang='lat' dir='ltr'>aduersam&#39;ur</span> <span class='ocrx_word' id='word_1_360' title='bbox 761 4078 862 4146; x_wconf 72' lang='lat' dir='ltr'>abdeca,</span> <span class='ocrx_word' id='word_1_361' title='bbox 887 4086 917 4135; x_wconf 92' lang='lat' dir='ltr'>et</span> <span class='ocrx_word' id='word_1_362' title='bbox 935 4077 1021 4136; x_wconf 72' lang='lat' dir='ltr'>rudem</span> <span class='ocrx_word' id='word_1_363' title='bbox 1035 4080 1132 4138; x_wconf 84' lang='lat' dir='ltr'>tradat</span> <span class='ocrx_word' id='word_1_364' title='bbox 1146 4089 1173 4138; x_wconf 87' lang='lat' dir='ltr'>te</span> <span class='ocrx_word' id='word_1_365' title='bbox 1187 4081 1239 4138; x_wconf 81' lang='lat' dir='ltr'>mi-</span> 
     </span>
     <span class='ocr_line' id='line_1_39' title="bbox 98 4180 1238 4252; baseline 0.002 -14"><span class='ocrx_word' id='word_1_366' title='bbox 98 4181 204 4250; x_wconf 62' lang='lat' dir='ltr'>mmo,</span> <span class='ocrx_word' id='word_1_367' title='bbox 228 4187 258 4237; x_wconf 88' lang='lat' dir='ltr'>et</span> <span class='ocrx_word' id='word_1_368' title='bbox 272 4181 400 4238; x_wconf 64' lang='lat' dir='ltr'>martur</span> <span class='ocrx_word' id='word_1_369' title='bbox 414 4182 444 4238; x_wconf 84' lang='lat' dir='ltr'>r&#39;a</span> <span class='ocrx_word' id='word_1_370' title='bbox 461 4197 600 4238; x_wconf 85' lang='lat' dir='ltr'>carcerem</span> <span class='ocrx_word' id='word_1_371' title='bbox 616 4189 642 4238; x_wconf 88' lang='lat' dir='ltr'>te</span> <span class='ocrx_word' id='word_1_372' title='bbox 655 4181 757 4238; x_wconf 74' lang='lat' dir='ltr'>mittat.</span> <span class='ocrx_word' id='word_1_373' title='bbox 802 4180 903 4251; x_wconf 86' lang='lat' dir='ltr'>Aarea,</span> <span class='ocrx_word' id='word_1_374' title='bbox 927 4198 1006 4239; x_wconf 84' lang='lat' dir='ltr'>amen</span> <span class='ocrx_word' id='word_1_375' title='bbox 1019 4181 1082 4240; x_wconf 74' lang='lat' dir='ltr'>dabo</span> <span class='ocrx_word' id='word_1_376' title='bbox 1099 4180 1158 4252; x_wconf 67' lang='lat' dir='ltr'>trba}</span> <span class='ocrx_word' id='word_1_377' title='bbox 1182 4200 1238 4240; x_wconf 85' lang='lat' dir='ltr'>aaa</span> 
     </span>
     <span class='ocr_line' id='line_1_40' title="bbox 95 4274 1238 4363; baseline 0.003 -25"><span class='ocrx_word' id='word_1_378' title='bbox 95 4283 173 4338; x_wconf 79' lang='lat' dir='ltr'>era&#39;es</span> <span class='ocrx_word' id='word_1_379' title='bbox 190 4282 271 4352; x_wconf 76' lang='lat' dir='ltr'>fade,</span> <span class='ocrx_word' id='word_1_380' title='bbox 296 4281 382 4340; x_wconf 79' lang='lat' dir='ltr'>donec</span> <span class='ocrx_word' id='word_1_381' title='bbox 395 4281 497 4340; x_wconf 81' lang='lat' dir='ltr'>reddas</span> <span class='ocrx_word' id='word_1_382' title='bbox 511 4283 688 4340; x_wconf 69' lang='lat' dir='ltr'>nenbrunnen</span> <span class='ocrx_word' id='word_1_383' title='bbox 704 4281 895 4358; x_wconf 84' lang='lat' dir='ltr'>quadrantem.</span> <span class='ocrx_word' id='word_1_384' title='bbox 942 4274 998 4342; x_wconf 83' lang='lat' dir='ltr'>cui</span> <span class='ocrx_word' id='word_1_385' title='bbox 1015 4279 1129 4363; x_wconf 88' lang='lat' dir='ltr'>quidem</span> <span class='ocrx_word' id='word_1_386' title='bbox 1147 4279 1238 4342; x_wconf 86' lang='lat' dir='ltr'>inter·</span> 
     </span>
    </p>
   </div>
   <div class='ocr_carea' id='block_1_3' title="bbox 92 4443 1239 4580">
    <p class='ocr_par' dir='ltr' id='par_1_3' title="bbox 92 4443 1239 4580">
     <span class='ocr_line' id='line_1_41' title="bbox 127 4443 1239 4512; baseline 0.003 -17"><span class='ocrx_word' id='word_1_387' title='bbox 127 4445 233 4498; x_wconf 71' lang='lat' dir='ltr'>cmv.</span> <span class='ocrx_word' id='word_1_388' title='bbox 251 4473 286 4486; x_wconf 91' lang='lat'><em>-</em></span> <span class='ocrx_word' id='word_1_389' title='bbox 311 4445 333 4498; x_wconf 89' lang='grc'>1.</span> <span class='ocrx_word' id='word_1_390' title='bbox 351 4443 461 4500; x_wconf 73' lang='grc' dir='ltr'>ἐπίλυσιν</span> <span class='ocrx_word' id='word_1_391' title='bbox 476 4449 584 4512; x_wconf 75' lang='lat' dir='ltr'>reretprt</span> <span class='ocrx_word' id='word_1_392' title='bbox 598 4449 654 4498; x_wconf 83' lang='lat' dir='ltr'>Gar·</span> <span class='ocrx_word' id='word_1_393' title='bbox 685 4460 757 4508; x_wconf 75' lang='lat' dir='ltr'>quarn</span> <span class='ocrx_word' id='word_1_394' title='bbox 780 4447 874 4508; x_wconf 68' lang='lat' dir='ltr'>fratcre</span> <span class='ocrx_word' id='word_1_395' title='bbox 894 4452 986 4500; x_wconf 75' lang='grc' dir='ltr'><strong>υιιιιιιιι</strong></span> <span class='ocrx_word' id='word_1_396' title='bbox 1008 4451 1058 4498; x_wconf 83' lang='lat' dir='ltr'>cart.</span> <span class='ocrx_word' id='word_1_397' title='bbox 1078 4449 1190 4510; x_wconf 66' lang='lat' dir='ltr'>adata,</span> <span class='ocrx_word' id='word_1_398' title='bbox 1212 4451 1239 4498; x_wconf 80' lang='grc' dir='ltr'>ιἰι</span> 
     </span>
     <span class='ocr_line' id='line_1_42' title="bbox 92 4512 1236 4580; baseline 0.003 -16"><span class='ocrx_word' id='word_1_399' title='bbox 92 4518 158 4564; x_wconf 75' lang='lat' dir='ltr'>ecrit</span> <span class='ocrx_word' id='word_1_400' title='bbox 185 4521 207 4564; x_wconf 86' lang='lat' dir='ltr'>et</span> <span class='ocrx_word' id='word_1_401' title='bbox 230 4515 324 4566; x_wconf 75' lang='lat' dir='ltr'>Petunti</span> <span class='ocrx_word' id='word_1_402' title='bbox 348 4518 528 4567; x_wconf 73' lang='lat' dir='ltr'>meduanam</span> <span class='ocrx_word' id='word_1_403' title='bbox 556 4519 654 4576; x_wconf 79' lang='lat' dir='ltr'>sendus,</span> <span class='ocrx_word' id='word_1_404' title='bbox 685 4529 731 4576; x_wconf 86' lang='lat' dir='ltr'>quo</span> <span class='ocrx_word' id='word_1_405' title='bbox 745 4517 828 4576; x_wconf 82' lang='lat' dir='ltr'>lepttrrr</span> <span class='ocrx_word' id='word_1_406' title='bbox 841 4514 918 4568; x_wconf 72' lang='lat' dir='ltr'>taut.</span> <span class='ocrx_word' id='word_1_407' title='bbox 947 4519 1020 4578; x_wconf 79' lang='lat' dir='ltr'>Vutpo</span> <span class='ocrx_word' id='word_1_408' title='bbox 1033 4520 1097 4565; x_wconf 77' lang='lat' dir='ltr'>estut</span> <span class='ocrx_word' id='word_1_409' title='bbox 1111 4512 1236 4580; x_wconf 71' lang='lat' dir='ltr'>tanquan.</span> 
     </span>
    </p>
   </div>
   <div class='ocr_carea' id='block_1_4' title="bbox 142 4594 1035 4664">
    <p class='ocr_par' dir='ltr' id='par_1_4' title="bbox 142 4594 1035 4664">
     <span class='ocr_line' id='line_1_43' title="bbox 142 4594 1035 4664; baseline 0.001 -24"><span class='ocrx_word' id='word_1_410' title='bbox 142 4596 238 4652; x_wconf 66' lang='lat' dir='ltr'>eorpus</span> <span class='ocrx_word' id='word_1_411' title='bbox 252 4595 386 4641; x_wconf 69' lang='grc' dir='ltr'><strong>ιιιειοκοι</strong></span> <span class='ocrx_word' id='word_1_412' title='bbox 400 4594 429 4641; x_wconf 87' lang='lat' dir='ltr'>tt.</span> <span class='ocrx_word' id='word_1_413' title='bbox 998 4605 1035 4664; x_wconf 74' lang='lat'>14</span> 
     </span>
    </p>
   </div>
   <div class='ocr_carea' id='block_1_5' title="bbox 0 0 1560 4984">
    <p class='ocr_par' dir='ltr' id='par_1_5' title="bbox 0 0 1560 4984">
     <span class='ocr_line' id='line_1_44' title="bbox 0 0 1560 4984; baseline 0 2"><span class='ocrx_word' id='word_1_414' title='bbox 0 0 1560 4984; x_wconf 95' lang='lat' dir='ltr'> </span> 
     </span>
    </p>
   </div>
  </div>
 </body>
</html>
