3072 4986
318 315 453 366 osunen
472 317 549 368 nov.
567 317 736 368 aurursus
753 317 815 369 tre.
833 319 851 368 ι.
870 321 950 371 τοι.
967 321 986 369 ι.
1128 389 1131 399 Ι
1190 309 1229 370 53

245 485 419 562 Relutrtio
445 488 656 586 superiorum
682 497 825 586 quatuor
850 490 1048 567 haeresium.

153 635 243 700 Nunc
271 649 302 700 nt
324 638 482 702 lectoribus
504 639 649 704 brevitate
671 641 876 720 consulamus,
911 654 1037 727 quatuor
1058 643 1143 708 simul
1172 645 1225 708 luae
1246 661 1305 728 cop.
1326 662 1344 712 t.

74 751 169 802 sectae
189 740 326 803 oratione
347 753 450 803 uostra
472 742 650 806 refellendae
673 753 752 806 suot.
798 742 846 806 Ab
874 744 918 808 bis
946 745 1023 808 enim
1046 747 1224 831 primordiis,

74 843 206 905 celante
230 842 430 921 bucceliam,
460 853 493 906 ut
514 843 597 906 initio
620 844 765 923 diximus,
790 853 911 928 politae,
936 845 1083 925 historici,
1108 841 1226 930 reliquiss

74 965 123 1026 que
145 944 325 1028 scriptores,
348 946 528 1024 astronomi,
551 948 662 1010 coeteri
684 947 808 1031 denique
830 948 942 1012 erroris
959 949 1087 1013 artilices
1109 972 1142 1013 ιι
1165 972 1226 1014 ιιι-

73 1045 162 1126 gistri,
187 1048 237 1130 qui
257 1048 292 1110 ad
311 1057 453 1110 sexcenta
471 1067 568 1110 rerum
586 1049 741 1112 statuenda
760 1049 900 1134 principia
921 1051 1122 1135 pessimnsqoe
1140 1073 1228 1115 eaus-

73 1169 116 1210 ιιι
137 1148 281 1232 impulere
304 1147 467 1211 mortalium
490 1147 622 1228 animos,
656 1151 858 1214 communibus
879 1152 997 1234 generis
1018 1152 1137 1216 bomani
1158 1175 1227 1216 scn-

72 1251 147 1312 sibus
167 1250 362 1314 densissimas
388 1250 524 1314 tenebras
550 1251 727 1316 offuderunt.
771 1252 872 1336 Atque
899 1253 946 1316 bic
973 1255 1087 1318 demum
1114 1255 1226 1340 primus

74 1373 152 1414 error
164 1353 285 1430 extitit,
316 1352 460 1416 idolorum
478 1353 647 1436 excogitata
661 1353 851 1438 superstitio,
882 1351 1045 1440 inlelixque
1066 1357 1115 1419 illa
1138 1357 1226 1420 disci·

73 1454 152 1536 plina.
198 1451 297 1516 Erant
318 1463 379 1517 tum
405 1453 477 1516 duas
501 1454 530 1516 iu
551 1453 694 1518 lectiones
713 1455 852 1522 universa
871 1457 1040 1536 distributa,
1073 1459 1224 1542 gentilium

72 1577 100 1617 ιι
121 1553 312 1620 ludaeorum.
357 1553 469 1619 Verum
491 1553 610 1620 ludaico
634 1568 716 1620 secta
738 1579 918 1642 nequaquam
946 1559 1030 1622 initio
1044 1559 1223 1640 ‘vocabalum

71 1657 115 1720 sed
133 1656 227 1721 lsrael
244 1658 361 1720 diviono
376 1657 442 1720 buic
458 1658 593 1742 religioni
611 1670 836 1742 cognomentum
856 1671 937 1738 erat,
971 1661 1065 1726 donee
1082 1684 1224 1748 generum

70 1771 110 1822 est
132 1771 296 1845 propagata
318 1761 480 1824 successio.
524 1757 642 1824 Etenim
660 1759 819 1838 Naesson,
850 1761 897 1844 qui
918 1762 1013 1828 tribus
1035 1761 1122 1828 ltrdae
1146 1765 1225 1850 prin-

69 1883 131 1946 ecps
146 1862 175 1926 in
191 1864 312 1925 deserto
327 1862 502 1925 constitutus
518 1873 580 1938 est,
601 1859 723 1926 Salmon
737 1862 855 1946 genuit,
882 1861 1003 1928 Sulmon
1019 1863 1118 1945 Boos,
1141 1865 1224 1931 Doos

69 1961 165 2042 Dbed,
195 1961 283 2028 Dbed
300 1961 400 2042 less‘e,
432 1983 497 2027 curn
517 1964 564 2048 qui
582 1964 721 2050 religiose
741 1965 825 2028 deum
841 1966 976 2030 colerent
992 1967 1086 2031 adbuc
1105 1965 1223 2032 lsraeli-

69 2079 108 2129 ιιι
124 2068 310 2130 dicerentur.
355 2063 470 2129 Deinde
488 2063 571 2128 lesse
589 2063 732 2130 Davidem
752 2066 872 2150 genuit,
904 2069 952 2152 qui
974 2070 1084 2155 primus
1105 2089 1124 2132 e
1147 2071 1223 2133 tribu

68 2167 153 2231 ledae
176 2189 304 2250 reguum
327 2167 462 2232 obtinuit.
509 2165 603 2232 Cuius
624 2169 661 2232 eb
682 2168 773 2254 stirpe
793 2169 930 2255 deinceps
948 2183 1087 2256 perpetuo
1105 2193 1209 2236 succes

67 2273 144 2333 sione
165 2291 258 2354 reges
277 2270 401 2354 imperio
422 2269 504 2354 potiti
525 2281 603 2334 suut.
649 2267 709 2336 Sed
727 2283 795 2333 ante
811 2269 956 2335 Davidem
974 2274 1085 2358 primus
1104 2269 1223 2337 lsrneli·

66 2377 149 2436 tieum
168 2395 294 2456 regnum
310 2369 418 2435 Saulus
435 2382 570 2434 tenuerat
586 2393 603 2434 e
619 2369 786 2436 Beniamini
806 2373 900 2452 tribu,
929 2370 1021 2438 Celso
1041 2386 1122 2458 patre
1139 2377 1223 2458 gout»

66 2489 118 2538 tos.
163 2474 235 2538 Nec
254 2475 282 2536 ei
299 2486 396 2537 tanuen
415 2475 488 2539 filius
505 2473 651 2536 successit
666 2475 718 2538 sed
734 2478 769 2537 ιι
785 2475 891 2538 tribum
909 2473 997 2539 ludae
1012 2499 1064 2563 per
1079 2475 1221 2540 Davidem

66 2577 216 2662 imperium
238 2576 411 2638 translatum
428 2587 485 2639 est.
531 2573 624 2658 lgitur
636 2573 761 2640 lacobus
781 2577 938 2641 liberorum
955 2577 1077 2662 primurn
1094 2578 1223 2642 omnium

65 2677 220 2742 liebertum
244 2678 383 2762 suscipit,
415 2678 519 2741 deiude
542 2675 729 2757 Simeonem,
760 2682 877 2742 tertium
895 2677 990 2759 Levi,
1021 2692 1154 2763 quartum
1175 2678 1223 2744 lu·

66 2785 145 2860 ιιιιι,
169 2801 186 2843 ι
204 2803 263 2863 qno
281 2779 382 2844 ludaei
400 2779 598 2862 cognominati
615 2790 701 2859 sunt,
725 2780 762 2843 ob
777 2777 866 2844 ludae
884 2781 1007 2861 tribum,
1031 2782 1078 2866 qui
1098 2805 1138 2846 ex
1154 2783 1224 2845 reli·

65 2886 214 2963 poserem
230 2881 378 2945 bominum
395 2903 505 2966 genere
523 2883 686 2966 prodierat,
711 2884 746 2946 ad
763 2905 826 2947 eam
846 2884 1068 2969 appellationem
1087 2884 1221 2961 traducti.

67 2981 217 3069 Siquidem
234 2981 387 3048 lsrablitae
405 2983 546 3070 principio
566 2986 663 3048 vocati
685 2997 753 3048 suot
775 2986 822 3070 qui
844 2983 946 3049 ludaei
964 2986 1051 3050 modo
1073 2985 1220 3051 dicuntur.

148 3086 195 3148 Ad
221 3086 276 3148 boc
299 3107 390 3170 usque
413 3098 527 3171 tempus
549 3100 674 3168 quatuor
694 3086 724 3150 in
748 3087 836 3150 terris
857 3088 1003 3153 bominum
1024 3109 1135 3172 genera
1157 3109 1222 3173 per·
1241 3099 1301 3168 erp.
1319 3101 1350 3150 ιι.

65 3189 147 3252 dueta
169 3198 259 3263 sunt,
293 3209 415 3271 quorum
438 3188 663 3272 unumquodque
686 3211 741 3252 suo
764 3200 895 3275 tempore
916 3191 1072 3274 separatim
1100 3189 1220 3264 coaluit,

63 3293 94 3352 ιι
116 3311 182 3352 eam
211 3299 337 3352 aetatem
366 3300 395 3352 et
423 3289 498 3352 ultra
525 3309 611 3372 quam
638 3293 771 3374 proxime
794 3291 1035 3374 significavimus.
1079 3289 1158 3355 Nam
1186 3289 1222 3352 sb

63 3393 175 3456 Adamo
190 3392 229 3455 ιι
243 3389 394 3454 Noemum
409 3387 618 3456 Barbarismus
632 3393 767 3456 obtinuit.
806 3391 967 3458 ANoemo
982 3394 1018 3456 ιι
1037 3393 1127 3456 turris
1142 3391 1222 3454 aedi·

63 3494 227 3558 ficationem
250 3504 278 3556 et
304 3491 430 3556 Serucbi
456 3503 607 3578 tempora,
641 3497 688 3578 qui
711 3496 797 3559 tertia
824 3507 888 3580 post
913 3496 990 3560 illam
1014 3501 1111 3558 usuro
1132 3493 1220 3572 vixit,

61 3593 204 3682 Scythica
223 3593 406 3680 superstitio.
452 3596 588 3659 Aturris
605 3597 792 3661 extractione
812 3609 841 3662 et
859 3593 1011 3673 Serucbo,
1042 3615 1097 3658 nec
1115 3617 1174 3660 non
1192 3605 1223 3660 et

61 3701 191 3774 Ammo,
217 3699 251 3758 sd
270 3695 467 3776 Abraamum,
490 3697 608 3781 gentilis
622 3708 702 3762 secta
718 3697 821 3783 viguit.
864 3699 913 3763 Ab
928 3697 1080 3762 Abreemo
1096 3699 1222 3784 denique

60 3811 85 3860 et
106 3801 175 3863 eins
204 3798 332 3884 posteris
351 3798 469 3862 siucero
492 3799 598 3884 religio
622 3799 746 3884 prodiit,
778 3821 853 3885 quae
871 3800 907 3864 ob
926 3801 1052 3885 ipsomet
1069 3799 1221 3866 Abraumo

59 3913 161 3986 coepta
181 3921 238 3985 per
254 3901 319 3962 eius
333 3902 454 3984 stirpem
471 3912 518 3964 eet
533 3901 724 3980 transmissa,
753 3899 900 3984 ludoeque
916 3901 1083 3987 cumprimis
1101 3903 1219 3981 tribum,

59 4005 133 4067 unde
159 4001 326 4065 ludaismus
350 4023 457 4065 nornen
478 4003 603 4088 accepit.
648 3999 735 4085 Quod
760 4002 875 4087 quidem
899 4023 917 4066 a
940 4025 986 4067 me
1004 4025 1076 4068 vere
1094 4023 1161 4070 esse
1178 4004 1221 4067 di-

57 4117 133 4168 ctum
150 4101 248 4168 divini
267 4103 501 4187 sanctissimique
517 4103 641 4188 apostoli
657 4101 740 4168 Pauli
757 4103 926 4168 testimonio
940 4115 1073 4182 constat,
1098 4127 1162 4169 cnm
1179 4105 1218 4168 ita

57 4206 207 4292 disputat:
231 4209 268 4268 In
284 4209 399 4268 Cdm'sto
412 4209 478 4267 lesu
494 4227 583 4288 neque
599 4206 755 4278 burburus,
779 4227 868 4288 neque
882 4211 1004 4287 Scylla,
1025 4229 1115 4290 neque
1132 4211 1218 4268 Gros-
1233 4215 1322 4312 cptpps.

58 4329 120 4382 res,
154 4330 250 4391 neque
274 4311 396 4369 ludaeos
419 4319 477 4382 est,
509 4312 561 4370 ssd
580 4329 652 4370 nouo
675 4317 819 4370 creature.
866 4304 1109 4394 Quandoquidem
1133 4307 1219 4371 etiem
1259 4301 1267 4324 '
1303 4299 1309 4312 '
1351 4358 1357 4369 .

58 4407 157 4493 initio,
193 4432 261 4475 cum
281 4410 405 4496 primunr
422 4419 557 4474 creatura
575 4408 690 4474 condita
710 4420 772 4489 est,
805 4431 881 4475 nova
898 4409 992 4476 adbuc
1006 4409 1140 4474 existens
1158 4409 1223 4473 nul·

59 4511 111 4576 lum
136 4514 290 4600 peculiare
314 4533 347 4574 sc
374 4511 540 4576 distinctum
568 4533 674 4576 nomeu
698 4511 810 4576 babuit.
856 4509 912 4575 llis
934 4521 1131 4574 consentanea
1155 4522 1223 4574 ennt
