3072 4986
190 456 195 466 ,
291 389 311 448 4
385 404 411 445 ·.
516 370 520 381 '
723 397 894 452 κακοιιττ
912 388 1014 450 mu

293 511 505 600 στεύομενχδρ
523 512 585 594 δἐι,
607 517 636 582 εί
649 507 723 598 ἦμεν
739 511 832 594 άξιοι,
854 511 1029 590 άνελθύντις
1044 539 1073 579 τε
1088 515 1139 578 καλ
1149 485 1344 594 ’άκούσαντες
1366 517 1445 598 ἐστη.

294 615 439 702 ριζόμεθα
460 614 515 699 τήν
537 619 701 696 πολιτείαν,
730 615 769 700 ἣν
789 615 1034 701 προβεβλήμεθα,
1064 619 1093 682 εί
1108 617 1194 698 ἐσμεν
1215 612 1292 692 ἄξιοι
1309 613 1342 682 τδ
1360 617 1447 701 τέρμα

168 802 173 811 ¹
294 717 403 801 ταύτης
418 721 602 802 καταλαβεῖν.
649 725 710 802 Τῆς
726 711 781 786 οὖν
797 715 962 802 άρβωστίας
976 717 1215 802 καταλαβούσης,
1249 715 1379 800 δεόμεθα
1396 724 1449 799 τῆς

292 819 438 903 τοσαύτης
459 843 514 887 σου
536 825 724 904 θεοσεβείας,
755 820 796 904 μή
818 819 980 910 φθονήσῃς
997 824 1173 904 μεταδοῦναι
1201 817 1302 886 ιοάπδ
1324 823 1447 884 ταῖνδε-

294 925 474 1010 δωρημένων
488 946 534 988 σοι
550 921 671 1004 άληθῶς
685 919 744 988 άπδ
759 929 814 988 τοῦ
827 929 967 1010 σωτῆρος.
997 919 1213 1008 Ὁμολοχοῦμεν
1228 920 1283 1007 γάρ
1302 920 1339 988 ού
1356 921 1449 1006 μόνον

294 1021 394 1109 ἡμεῖς,
424 1021 495 1090 άλλά
512 1027 563 1091 καλ
581 1023 688 1100 πάντες
703 1027 734 1089 οί
749 1021 922 1104 άκούοντες,
950 1023 997 1090 ὅτι
1014 1027 1045 1090 έν
1060 1023 1152 1114 ταύτῃ
1174 1030 1211 1114 τῇ
1228 1031 1311 1112 γενεᾷ
1330 1023 1398 1089 νέον
1417 1043 1449 1087 σε

295 1125 460 1195 άπόστολον
472 1125 587 1212 ἤγειρεν
602 1120 675 1209 ἡμῖν
689 1128 741 1192 καλ
756 1124 872 1210 κήρυκα
890 1124 909 1192 ό
927 1124 1109 1212 ι(ἐδέριστδς,
1133 1123 1274 1208 ’ἐωάννην
1290 1127 1372 1206 νέον,
1398 1125 1449 1190 καλ

294 1228 451 1317 κηρύσσειν
473 1227 510 1293 τά
529 1227 705 1312 δφιιλόμενα
728 1225 971 1309 ιγφυλάσσεσθαι
989 1225 1048 1293 άπδ
1066 1236 1127 1293 ταῖν
1145 1227 1197 1295 τόν
1215 1227 1330 1314 δρόμον
1344 1234 1450 1293 τοῦτον

294 1333 549 1418 προβαλλομένων.
597 1337 659 1396 Τοῦ
673 1323 729 1396 οὖν
744 1338 848 1396 κοινοῦ
864 1327 995 1411 άδελφοῦ
1011 1333 1189 1416 Μαρκέλλου
1206 1332 1254 1395 ἐπλ
1269 1337 1306 1419 τῇ
1321 1327 1449 1418 τοσαύτη

295 1432 383 1524 φήμη
400 1431 563 1519 άγχομένου
580 1435 633 1499 καί
648 1434 807 1516 ἑλκομένου
824 1439 860 1521 τῇ
876 1431 1007 1515 ποθήσει
1020 1439 1074 1515 τῆς
1088 1439 1143 1515 σῆς
1157 1436 1340 1515 θεοσεβείας,
1363 1429 1451 1507 δ’ντος

293 1561 325 1601 τε
338 1537 390 1600 καλ
403 1542 456 1617 τῆς
469 1532 612 1620 ἡμετέρας
625 1534 774 1620 μάνδρας,
796 1531 888 1600 αύτόν
902 1559 932 1600 τε
946 1531 1097 1617 άπηρέτην
1111 1532 1263 1616 ἐσχηκότες
1278 1541 1330 1616 τῆς
1343 1531 1451 1600 τοσαύ-

293 1664 346 1718 της
362 1635 450 1718 όδοῦ,
480 1639 532 1703 καλ
551 1636 768 1722 νεοκατηχήτου
787 1635 888 1715 ὄντος,
919 1637 1120 1718 ἐπετρέψαμεν
1136 1635 1346 1718 τὴντσσαύτην
1364 1632 1452 1718 ἡμῶν

294 1737 405 1820 τόλμαν
425 1747 484 1804 τῶν
509 1736 691 1825 ἁμαρτωλῶν
712 1737 790 1825 πρδς
812 1737 865 1804 τόν
886 1736 1026 1822 μαθητήν
1050 1761 1081 1802 σε
1103 1744 1156 1803 τοῦ
1179 1745 1319 1822 σωτῆρος.
1353 1736 1394 1801 Ὃ
1418 1738 1453 1800 δὲ

296 1839 450 1922 άξιοῦμεν,
481 1847 540 1906 ταῖν
555 1843 709 1924 (ίηθέυτων
724 1863 770 1906 σοι
794 1837 870 1926 πρός
885 1865 966 1914 τινας
983 1835 1131 1920 άδελφούς
1147 1841 1188 1914 είς
1205 1841 1341 1904 παιδείαν
1356 1837 1451 1922 δωρή-

296 1951 423 2022 σασθαι,
452 1941 525 2028 ὅπερ
545 1945 594 2008 σολ
617 1944 670 2025 μέν
689 1949 731 2032 τῷ
752 1946 855 2031 δικαίῳ
879 1941 1001 2026 άβαρλς,
1033 1937 1102 2024 ἡμῖν
1126 1941 1157 2007 δέ
1182 1949 1245 2016 τοῖς
1267 1937 1454 2026 άμαρτωλοῖς

296 2050 510 2128 μεταλαβοῦσιν
531 2041 738 2130 εύφρννθῆναι
764 2047 796 2111 έν
816 2050 918 2133 κυρίην.
968 2042 1201 2127 Ἐμπλησθέντες
1224 2041 1282 2129 γάρ
1309 2065 1365 2108 σου
1393 2051 1453 2108 τῶν

296 2153 501 2229 πνευματικῶν
519 2145 658 2232 βημάτων
676 2145 931 2229 ἐπικυυφιζόμεθα
949 2153 1008 2212 τοῖν
1024 2143 1156 2228 άνομιοῖν
1174 2143 1266 2228 ἡμῶν.
1308 2142 1452 2211 Ἠκούσα·

296 2273 350 2332 μεν
372 2249 404 2314 δέ
424 2251 620 2337 ἐπικληθέντα
641 2247 772 2331 ὀνόματα
795 2245 855 2314 ύπδ
876 2257 930 2332 τῆς
951 2253 1006 2331 σῆς
1026 2245 1192 2330 τιμιότητος
1211 2256 1276 2324 ταῖς
1298 2249 1454 2332 αἱρέσεσιν,

297 2342 340 2416 τόν
366 2349 489 2434 ἑκάστης
512 2355 675 2436 θρησκείας
697 2348 835 2432 άξιοῠμεν
857 2349 911 2434 τὴν
932 2347 987 2432 σύν
1008 2351 1180 2432 θεοσέβειαν
1199 2348 1361 2434 διαρῤηδην
1378 2346 1454 2432 ἡμῖν

295 2457 425 2536 δηλῶσαι
445 2451 500 2535 τὴν
523 2455 648 2539 αἳρεσιν·
678 2456 727 2534 ἲση
748 2449 803 2538 γάρ
826 2449 964 2517 ἁπάντων
987 2447 1008 2535 ἡ
1029 2449 1133 2534 δωρεά.
1178 2455 1239 2516 Καί
1260 2473 1292 2516 σε
1313 2448 1455 2532 άξιοῦμεν

296 2553 384 2638 τύχην
402 2557 601 2638 ποιήσασθαι,
623 2555 654 2620 σὲ
669 2551 721 2620 τόν
737 2557 854 2619 δίκαιον
867 2561 909 2640 τηῖ
927 2557 1036 2641 κυρίῳ,
1064 2550 1138 2635 ύπέρ
1156 2551 1276 2618 πόντων
1291 2560 1350 2618 ταῖν
1378 2559 1454 2618 18σε

296 2658 476 2722 ποθούντων
494 2659 545 2722 καλ
569 2658 768 2739 ἐκδεχομένων
790 2654 845 2738 τήν
864 2653 946 2740 παρά
965 2663 1019 2720 σοῦ
1036 2653 1158 2738 δωρεάν.
1200 2653 1248 2718 Ἐν
1266 2659 1383 2742 νηστείᾳ
1400 2655 1455 2719 καὶ

296 2755 366 2848 εύχῇ
389 2761 474 2842 ἐσμεν
494 2756 547 2824 τόν
562 2756 665 2824 κοινόν
678 2755 764 2842 ἡμῶν
777 2755 906 2838 άδελφδν
920 2759 1061 2839 δεηθέντα
1074 2753 1133 2822 ύπδ
1150 2763 1202 2840 τῆς
1216 2765 1271 2839 σῆς
1284 2755 1456 2838 τιμιότητος

297 2857 428 2944 άσμένως
441 2862 492 2925 καλ
506 2864 625 2942 κομίσαι
640 2858 695 2942 τὴν
707 2855 766 2926 ύπό
783 2866 837 2924 σοῦ
853 2860 1060 2944 δεδωρημένην
1075 2856 1189 2946 δωρεάν
1201 2859 1253 2922 καὶ
1269 2855 1365 2932 οὕτως
1380 2855 1453 2921 άνα-

296 2963 414 3044 πέμψαν
427 2959 481 3037 τάς
494 2963 524 3038 ἐξ
538 2963 630 3038 ἐθους
649 2959 772 3045 ιοεύχάς
790 2961 879 3044 πατρί
892 2961 942 3025 καλ
958 2963 1014 3048 υἱῷ
1029 2962 1078 3024 καί
1095 2957 1168 3048 άγίῳ
1181 2957 1332 3038 πνεύματι.
1367 2957 1452 3022 Πάν-

294 3089 342 3139 τες
357 3066 519 3142 ἐλπίζουσιν
534 3067 566 3128 σί
579 3061 702 3144 άδελφοί
717 3071 753 3153 τῇ
767 3059 826 3127 όπό
845 3069 900 3126 σοῦ
919 3059 988 3151 εύχῇ
1003 3059 1078 3148 δπέρ
1096 3059 1193 3126 αύταῖν
1210 3062 1367 3149 γιγνομένη
1383 3081 1453 3142 στη-

295 3153 443 3252 ριχθῆναί.
489 3171 725 3251 Παρακαλοῦμεν
741 3163 781 3248 μη
798 3161 921 3246 ὀκνῆσαι
936 3166 1112 3246 μεταδοῦναι
1130 3162 1216 3248 χάριν
1238 3160 1345 3244 θεϊκήν
1369 3161 1454 3244 ἐσχη-

294 3268 368 3334 κότα
391 3264 572 3333 άποστόλων.
618 3265 734 3342 Πάντες
752 3269 783 3332 οἱ
799 3267 899 3351 μικροί
921 3269 953 3331 ἐν
968 3275 1032 3341 ταῖς
1048 3265 1191 3350 μάνδραις
1207 3263 1289 3341 ὅντες
1305 3261 1391 3346 τύχην
1408 3277 1455 3350 τῷ

294 3376 437 3455 κρείττονι
456 3367 676 3452 άναπέμπουσι,
706 3371 878 3451 μεταλαβεῖν
893 3364 952 3432 άπδ
971 3375 1024 3450 τῆς
1042 3376 1096 3450 σῆς
1111 3371 1280 3448 θεοσεβείας
1294 3391 1455 3448 πνευματι-

295 3470 352 3554 κὴν
370 3470 492 3557 δωρεάν.
534 3469 716 3555 Ἐρβωμένος
731 3471 762 3534 ἐν
778 3473 870 3556 κυρίην
888 3471 938 3533 καὶ
955 3467 1088 3552 εύθυμος
1105 3472 1137 3534 ἐν
1154 3475 1274 3556 Χριστῷ
1290 3471 1458 3551 διατελοίης

295 3574 348 3637 καλ
369 3575 401 3638 ἐν
418 3570 491 3664 άγίῳ
511 3571 652 3657 πνεύματι
672 3571 723 3638 τόν
746 3572 920 3636 ”domna
940 3591 988 3635 σοι
1004 3568 1120 3656 θρόνον
1135 3573 1186 3636 κοιλ
1201 3569 1255 3654 την
1269 3569 1377 3653 θεῖκὴυ
1395 3575 1456 3637 δω-

298 3671 384 3758 ρεάν,
407 3678 488 3760 μέχρι
507 3685 562 3742 τοῦ
584 3698 616 3742 σε
637 3675 829 3759 ἐκδεχομένου
851 3671 1008 3752 στεφάνου.

333 3879 373 3931 15.
391 3875 453 3945 ἡμῖν
471 3875 520 3933 αἰτδ
539 3885 590 3933 ανδ.
609 3887 684 3933 Venet.
892 3877 945 3930 filio
960 3887 987 3929 et
1000 3877 1098 3946 spiritui
1112 3887 1200 3928 sancto
1213 3877 1384 3928 transmittat“
1399 3893 1459 3929 υττ-

335 3946 373 3999 16.
392 3943 479 4012 σωτδρ
496 3949 547 3998 ενδ.
567 3954 641 4001 λυπεῖ.
892 3953 920 4000 m
938 3950 1073 4000 Carnarius.

334 4015 372 4068 17.
390 4012 563 4082 φυλάττεσθαι
579 4019 630 4066 cod.
651 4021 725 4070 Venti.
926 4017 968 4066 20.
986 4017 1022 4066 ssa
1040 4017 1094 4064 libri
1109 4029 1194 4064 οιτοεε.
1230 4015 1323 4077 Aliquid
1340 4016 1461 4066 excidisse

334 4085 372 4135 18.
391 4098 422 4135 σε
437 4097 485 4133 παπ
501 4083 569 4132 habet
589 4087 662 4135 λιπα-
681 4089 745 4136 liber.
892 4084 1184 4146 ιυιρῖταδυίατΡεεαοίυι,
1194 4087 1323 4132 retractans
1334 4093 1416 4144 αειιιμτ
1427 4098 1461 4132 πα

333 4148 372 4204 19.
390 4159 434 4212 „et
447 4149 484 4202 εἰσ
499 4159 631 4202 consuetas
644 4169 732 4218 μιεοω
748 4151 814 4222 μισεῖ
826 4161 853 4202 ετ
894 4154 1039 4203 accusativos
1062 4147 1104 4203 τδν
1122 4149 1228 4204 δοθέντα
1245 4143 1332 4213 Βρόνον
1353 4151 1384 4200 εδ
1403 4153 1462 4213 ipso

894 4222 962 4270 verbo
979 4220 1100 4272 διατελεῖν
1118 4223 1185 4282 aptos
1200 4220 1301 4268 λασαισ.

775 4407 972 4418 --.--—---.
