3096 4988
392 323 529 377 PANARH
545 323 609 376 Ltu.
622 325 642 376 1.
658 323 740 377 ΤΟΜ.
751 323 785 376 tt.
803 323 903 376 HAER.
915 325 1003 378 XXX.
1206 319 1267 382 273

111 441 200 507 vobis
225 441 319 507 iustos
341 442 408 508 ilios
432 443 612 530 primiceri,
643 441 738 528 iisque
765 463 821 508 vos
846 445 1017 528 porcorum
1042 445 1174 533 gloriari.
1218 449 1267 515 Ad

112 544 191 608 haee
210 544 252 608 ito
276 545 473 630 respondent,
505 545 562 609 sibi
585 545 614 610 id
640 565 657 608 a
680 541 801 610 Christo
825 547 1014 629 pstefsotum.
1057 547 1140 635 Ergo
1161 552 1267 616 bouum

111 645 191 730 iugis
213 657 325 732 portem
353 646 564 712 contumeliose
589 647 761 724 trudocuot,
790 656 821 712 et
842 643 1036 733 Stmpeouem
1054 669 1089 714 uo
1108 647 1265 732 Davidem,

112 745 231 826 litium,
252 747 405 812 Eiizsoom
428 759 602 832 ceterosque
624 753 777 832 respuunt.
798 765 801 770 ’

199 846 261 914 Sed
280 870 298 913 u
315 847 436 914 Christo
454 847 571 913 domino
586 849 700 935 peritus
722 849 866 936 impostor
881 847 930 916 ilie
946 851 1159 937 manifesteque
1175 855 1262 918 reiei·
1272 873 1412 942 cepxrx.

112 951 202 1031 litor,
231 953 280 1036 qui
303 953 490 1038 depruvotum
514 971 630 1016 omnem
651 953 715 1017 eius
736 951 897 1016 doctrinam
919 954 1020 1037 porrois
1045 954 1143 1018 verbis
1166 956 1267 1019 redur-

113 1052 197 1138 goit,
221 1074 286 1117 eom
306 1056 347 1118 ite
363 1055 507 1138 loquitur:
533 1059 616 1116 Venit
630 1059 752 1116 loonncc
764 1059 794 1116 in
808 1059 854 1116 oio
869 1059 994 1116 recutite
1008 1077 1064 1117 non
1079 1061 1261 1133 manducone,
1297 1064 1383 1160 iffi·

111 1155 205 1237 nop'uc
220 1157 332 1230 ttteus,
355 1167 385 1218 et
397 1160 511 1229 decent,
535 1159 715 1218 Buemonrmn
731 1157 832 1232 dobetp
863 1162 940 1218 uenit
951 1159 1038 1237 filiius
1051 1161 1170 1221 tenuis
1185 1180 1263 1222 mon-
1327 1147 1334 1172 ’
1373 1148 1380 1162 ’

110 1262 222 1320 decons
237 1269 268 1318 st
280 1259 384 1320 bidens.
431 1255 518 1340 Quod
540 1257 660 1340 periodo
678 1277 737 1320 uou
753 1267 800 1321 est
821 1256 1019 1343 accipiendum
1039 1279 1074 1322 uo
1091 1258 1117 1322 si
1139 1257 1266 1324 loouoes

113 1359 196 1424 uuile
215 1358 334 1424 omuino
353 1379 404 1436 re,
429 1355 566 1423 Christus
586 1359 721 1424 omuibus
745 1359 928 1444 promiscue,
960 1359 1092 1444 adeoque
1114 1359 1266 1446 prohibitis

111 1472 299 1526 vesceretur.
345 1457 405 1524 Sed
426 1460 572 1544 scripturo
593 1461 653 1524 vim
670 1459 804 1525 veritatis
823 1462 987 1547 expressit,
1012 1469 1044 1524 ut
1064 1483 1122 1526 uuo
1145 1463 1265 1528 mondu-

111 1583 188 1626 euos
207 1571 238 1626 et
255 1561 358 1626 bibens
370 1561 446 1624 idem
464 1562 504 1624 sit
517 1581 552 1624 uc
567 1559 708 1626 loouoeor
725 1561 860 1626 cornibus
876 1566 1003 1647 vinoque
1019 1585 1079 1626 uou
1094 1585 1176 1628 osum
1195 1563 1266 1629 nihil
1340 1548 1342 1556 ’

113 1673 236 1750 proeter
252 1663 383 1728 locustas
399 1683 435 1726 co
458 1663 515 1726 mel
540 1663 653 1743 edisse,
677 1673 710 1726 ut
723 1685 827 1748 equum
843 1663 959 1728 iuterim
976 1663 1143 1730 adhibuisse
1165 1667 1266 1733 credo·

111 1777 175 1830 tor.
220 1763 332 1850 Ecquis
355 1764 451 1828 oesoit
469 1761 619 1830 Christum
644 1765 790 1829 dominum
810 1765 968 1830 excitatum
992 1768 1151 1832 amortuis
1168 1789 1267 1832 eome-

114 1868 217 1932 disset
239 1867 480 1952 quemodmodom
496 1866 630 1931 veritatis
645 1867 799 1950 evaugelio
815 1869 983 1947 continent,
1028 1871 1156 1931 Oblatum
1172 1875 1203 1931 ci
1211 1891 1264 1950 po·
1275 1893 1414 1952 uuum

111 1991 175 2032 nea
192 1990 228 2030 oc
247 1974 337 2050 piscis
353 1974 415 2030 ossi
428 1971 616 2048 peraculum,
649 1971 684 2030 de
706 1970 808 2050 quotus
830 1989 892 2030 mun
914 1974 1110 2032 manducasset
1130 1975 1265 2052 apostolis

111 2077 174 2134 em'c
191 2075 328 2152 rets'qucm
341 2075 485 2150 conponit.
531 2067 564 2132 tt
581 2069 657 2154 quod
675 2070 710 2133 ed
729 2067 895 2135 Tiberiadis
911 2092 989 2136 mure
1005 2073 1092 2151 iecit,
1116 2072 1193 2151 edit,
1217 2073 1263 2135 iu·
1283 2097 1398 2144 romu.

112 2194 214 2258 quum,
229 2195 264 2236 so
279 2172 436 2237 distribuit.
460 2168 527 2252 Quo
540 2171 576 2234 de
592 2191 625 2234 rc
639 2171 761 2256 plurimu
773 2172 894 2236 diceudo
910 2172 996 2237 uobis
1010 2182 1178 2238 oooorruut.
1204 2169 1265 2237 Sed

112 2277 150 2340 ed
164 2275 281 2360 putidos
295 2272 362 2338 ilios
378 2273 577 2357 absurdosque
592 2293 758 2352 sermones,
782 2273 830 2357 qui
847 2273 883 2338 ob
898 2274 968 2359 ipsis
983 2274 1185 2352 instituuntur,
1203 2273 1264 2337 sio·

112 2377 235 2463 gillotius
254 2375 430 2442 refellendos
448 2386 537 2460 utque
553 2375 732 2440 evertendos
754 2374 956 2439 mausicreudo
974 2374 1058 2440 uobis
1074 2385 1121 2439 est
1134 2374 1241 2439 oratio.

198 2579 246 2644 Ao
268 2578 389 2664 primum
410 2576 600 2658 doctrinm,
625 2599 812 2644 opomerum
832 2577 976 2642 homiuem
996 2597 1063 2643 esse
1078 2579 1262 2646 demonstro-
1276 2601 1335 2670 cop.
1349 2601 1412 2652 xtt.

110 2681 220 2746 bimus.
264 2679 373 2766 Neque
393 2682 469 2744 euim
493 2683 541 2766 qui
568 2681 638 2745 nihii
662 2681 781 2746 omuino
805 2681 844 2745 sit
865 2691 981 2765 praeter
1000 2679 1162 2762 homiuem,
1178 2681 1263 2766 sigui

110 2785 208 2848 inetur
224 2783 359 2851 exhiberi
378 2783 483 2847 muodo
501 2793 614 2868 potest3
637 2784 712 2868 quod
728 2784 846 2868 spiritus
863 2793 980 2846 serretur
997 2783 1032 2847 do
1043 2779 1163 2848 Christo
1179 2803 1264 2868 proe-

110 2884 207 2964 ueto,
230 2905 295 2948 cum
311 2886 352 2950 itu
368 2885 492 2949 thoco
516 2886 630 2950 loeutus
656 2896 718 2949 este
747 2889 814 2946 Pete
830 2886 1026 2965 u'be'ct'gnunr
1050 2885 1100 2948 iiio
1117 2906 1190 2949 vero
1213 2905 1263 2971 pe·

112 2999 177 3051 tore
196 2987 389 3064 detrectem,
410 2986 550 3072 propheta
568 2985 703 3065 subiecit,
728 2991 792 3067 Ipse
805 2991 932 3048 domem
945 2989 1026 3048 dubit
1038 2989 1115 3048 vobis
1130 2991 1260 3067 signum.-

109 3111 175 3152 ecce
195 3095 278 3169 erigo
302 3094 447 3170 concipiet.
494 3086 627 3172 Virquis
648 3109 735 3173 porro
755 3089 872 3152 uomiue
895 3109 952 3151 ooo
977 3109 1013 3152 oe
1031 3087 1135 3151 mulier
1152 3086 1263 3171 siguifi-

111 3201 197 3256 outor
214 3209 290 3274 quoe
308 3191 458 3277 nupserit,
483 3199 513 3253 et
530 3211 594 3252 oum
615 3190 678 3253 viro
695 3189 849 3254 oouiuuotu
867 3189 921 3267 sit,
946 3190 998 3253 sed
1014 3209 1048 3252 oo
1064 3189 1177 3252 demum
1194 3206 1262 3272 pro·

110 3293 174 3380 pric
188 3292 275 3384 virgo
293 3293 399 3356 dicitur
420 3313 494 3376 quoe
510 3291 639 3354 divinum
656 3292 778 3356 verbum
802 3293 831 3355 iu
848 3311 882 3354 su
898 3291 1007 3374 ubsque
1029 3289 1089 3353 uilo
1105 3289 1162 3352 viri
1180 3309 1261 3352 oom-

109 3395 199 3482 piexu
218 3393 364 3478 genuerit.
408 3391 658 3475 Quemadmodum
682 3391 786 3457 Esaias
812 3393 869 3457 olio
892 3393 922 3455 io
942 3392 1007 3455 iooo
1027 3400 1167 3454 testatur:
1197 3395 1259 3453 Voc
1270 3410 1374 3465 mmet.

109 3501 245 3560 elcsroris
259 3517 297 3558 ee
313 3498 397 3571 orde,
421 3519 477 3558 voc
493 3519 509 3556 c
528 3498 643 3575 templo,
668 3517 724 3557 vor
741 3499 849 3556 domnici
867 3495 1079 3566 remr‘iuttonis,
1101 3494 1259 3555 motinen-

111 3603 150 3660 τίς
170 3602 304 3660 muntem.
355 3604 513 3679 Antequam
533 3601 699 3678 perdurent
719 3606 850 3676 pareret,
882 3607 1029 3675 ontcpoom
1052 3599 1161 3656 venees
1179 3599 1262 3657 dolor

106 3712 228 3782 patus,
252 3703 371 3785 ffrgest,
396 3713 425 3762 et
437 3704 549 3780 pepen't
566 3701 729 3760 musculum.
776 3702 845 3776 Quoi
865 3701 973 3758 endroit
988 3715 1109 3776 unqoutn
1129 3700 1208 3758 tolet
1233 3710 1264 3760 et

110 3807 176 3884 μὴ
187 3805 262 3863 mitit
272 3805 340 3863 ltttt'o
351 3805 464 3865 nnete?
484 3803 629 3880 Numquid
636 3803 779 3879 purtttrir't
791 3811 869 3860 terro
882 3802 928 3860 die
940 3819 1008 3872 ono,
1029 3809 1059 3858 et
1069 3804 1180 3878 pcpm't
1190 3821 1262 3880 gen·

111 3916 167 3966 ten
182 3907 291 3966 unhul?
317 3909 383 3985 petit
395 3907 555 4014 portenderit
569 3913 598 3962 et
609 3905 722 3981 peperit
732 3905 802 3962 Sion
813 3903 898 3980 filios
914 3921 990 3960 suos.
1036 3903 1101 3980 Ego
1118 3923 1183 3962 oero
1197 3905 1264 3964 dett

111 4007 186 4066 duc
200 4010 435 4084 eepcctotr'onenr,
458 4016 489 4066 et
503 4025 558 4066 non
574 4005 813 4074 recordationem,
838 4004 909 4062 droit
922 4005 1059 4064 dominus.
1107 3999 1259 4084 Quoeuem

110 4105 203 4190 igitur
219 4125 254 4169 eo
271 4119 318 4170 est
334 4107 521 4192 expectatio?
552 4104 666 4189 quinam
686 4103 714 4166 hi
730 4103 800 4182 otii,
823 4101 879 4166 uisi
897 4105 973 4187 quod
988 4105 1061 4168 citro
1080 4103 1260 4190 parturiendi

111 4207 245 4272 laborem
260 4208 344 4292 virgo
367 4207 531 4294 pepererit,
555 4207 630 4290 qood
648 4225 789 4290 uusquum
808 4215 896 4268 nutes
913 4206 1097 4291 contigeret?
1127 4205 1260 4290 quodque

111 4339 252 4394 lusorem?
271 4342 345 4392 mum
360 4342 382 4393 oi
396 4343 500 4394 ioannes
512 4359 557 4410 per
569 4339 670 4391 dolores
703 4355 759 4404 rut,
782 4337 827 4392 eut
846 4337 890 4393 τὸν
907 4335 940 4394 δι’
963 4335 1038 4395 uo’rdu
1061 4346 1110 4393 cett.
1132 4353 1218 4401 repono
1241 4343 1262 4388 et

109 4419 198 4480 partos
216 4409 314 4477 genitus
328 4419 374 4462 est.
408 4413 583 4462 flcuuocouum
598 4413 670 4473 ipitor
702 4411 838 4471 toterprctor
860 4413 907 4460 tic:
935 4427 1007 4477 quoru
1028 4407 1095 4490 quod
1112 4406 1183 4472 virgo
1200 4405 1262 4456 citro

107 4481 204 4542 poturit
228 4477 377 4544 γεγίνηται,
407 4481 470 4541 quod
489 4482 559 4528 etiotn
584 4479 609 4527 in
633 4478 670 4526 sd.
704 4487 790 4542 portus
798 4474 912 4528 dolorem
922 4487 1050 4544 pepererit
1065 4474 1131 4542 quod
1143 4489 1262 4541 umquem

107 4549 205 4598 retent
228 4559 363 4608 coprem
383 4549 460 4597 video.
490 4549 540 4610 Epo
555 4543 671 4612 peploru-
705 4555 804 4611 portum
818 4554 856 4595 cst
871 4547 1070 4613 (pudorosum
1083 4545 1201 4594 ioannem
1211 4547 1262 4594 cett.

165 4625 257 4682 corpus
269 4625 403 4672 thamul.
416 4625 445 4670 tt.
1022 4633 1061 4696 18
