3096 4988
400 239 534 290 ιιιιιιιιι
550 237 612 290 ιιι.
623 241 642 290 ι.
659 239 740 292 rou.
759 241 790 292 ιι.
807 239 906 292 anna.
921 240 1022 292 xxxi.
1221 231 1282 294 319

134 355 312 424 'l'rieeuaria
330 371 481 442 permanet
496 363 605 444 (oeque
623 359 700 423 enim
717 357 851 444 ingentes
867 357 1079 445 Magnitudinis
1098 361 1217 447 spiritns
1235 385 1284 428 co-

133 461 228 526 erceri
246 461 305 526 ullo
321 481 355 525 so
371 481 493 526 raumara
509 462 675 545 sinebant),
707 483 759 547 pro
778 462 905 526 maribus
920 483 1017 528 mares
1033 464 1105 530 alios
1121 463 1281 545 substituit,

133 559 248 643 Unum,
272 561 423 643 Tertium,
449 561 607 648 Quintum,
633 561 815 650 Septimum,
838 565 1015 650 totidemque
1038 567 1170 646 lemiaas,
1194 565 1284 632 Bina·

132 663 226 747 riam,
253 665 448 746 Ternarium,
473 665 649 745 Senarium,
674 663 878 732 Oatonariarn.
924 665 1006 734 llaec
1024 682 1071 734 est
1085 667 1205 755 Ogdoas
1220 670 1281 748 illa,

133 789 207 854 quae
227 767 388 854 superioris
406 765 556 854 Ogdoadis
574 791 680 834 nomen
701 771 736 832 ad
757 789 825 834 sese
842 771 1007 836 transtulit:
1038 767 1145 858 Bytbi,
1170 770 1279 851 Patris,

133 869 283 951 Hominis,
302 869 467 950 Sermonis,
487 869 588 958 Siges,
612 869 767 952 Veritatis,
791 869 957 950 Ecclesiae,
983 871 1083 938 Vitae.
1120 873 1204 958 Quae
1220 876 1283 958 qni-

134 973 199 1036 dem
218 973 374 1038 coniuncta
391 971 565 1040 Luminibus
585 986 648 1053 est,
679 985 710 1038 ot
728 975 879 1040 absolutus
897 975 1090 1041 'l'ricenarius
1108 978 1216 1055 evasit,
1249 999 1283 1040 ae

134 1075 215 1160 prior
232 1071 411 1142 Octonarius
434 1077 607 1162 quiescens,
638 1098 702 1140 cum
727 1089 757 1142 et
773 1075 887 1163 Bytltus
906 1097 958 1163 per
972 1075 1182 1164 Magnitudiuis
1201 1077 1283 1143 fului-

134 1189 261 1243 mentum
287 1181 376 1259 exiit,
408 1191 440 1244 at
464 1201 529 1246 cum
549 1177 726 1244 Tricenario
750 1199 817 1244 sose
839 1181 1001 1265 copularet.
1052 1180 1130 1246 Vere
1153 1182 1228 1245 enim
1254 1192 1283 1246 et

135 1278 277 1346 Veritatis
300 1280 391 1346 Pater
415 1304 479 1346 curn
502 1280 638 1346 Ecclesia
659 1303 836 1367 congressus
860 1293 921 1362 est,
956 1293 985 1346 et
1008 1281 1161 1348 Maternus
1185 1281 1283 1346 Vitam

101 1369 105 1380 ⁸
133 1385 254 1450 sortitus
277 1395 339 1464 est,
370 1394 401 1448 et
420 1382 591 1448 Paracletus
610 1381 776 1462 Unitatern,
809 1395 838 1448 et
853 1381 960 1450 Unitas
983 1407 1047 1448 cum
1065 1383 1207 1450 Veritatis
1227 1384 1282 1450 Pa·

134 1497 218 1552 cente
235 1487 370 1572 copulata
388 1497 449 1566 est,
473 1497 502 1550 et
521 1507 585 1550 cum
606 1483 678 1572 Sige
693 1483 837 1552 Veritatis
856 1487 905 1552 ille
922 1485 1035 1552 Pareos
1056 1489 1119 1552 luit.
1164 1489 1205 1552 At
1223 1488 1282 1574 spi·

133 1590 226 1654 ritalis
242 1587 349 1655 Sermo
363 1611 428 1655 cam
447 1585 560 1673 Spiritu
574 1587 743 1674 incorrupta
756 1589 878 1674 quadam
896 1589 1096 1655 commistione
1112 1591 1283 1656 couittnetus

134 1701 196 1770 est,
221 1703 252 1756 et
268 1692 470 1758 Autometnris
486 1691 588 1772 finem,
615 1692 668 1756 boc
683 1702 730 1756 est
745 1711 921 1777 perennem,
945 1713 999 1757 nec
1014 1693 1203 1780 interruptam
1220 1694 1283 1778 qai-

135 1804 210 1858 etem
233 1816 316 1859 suam
340 1795 447 1860 effecit.
493 1790 691 1877 Quamobrem
711 1795 759 1858 ubi
780 1794 973 1860 'l'rieeoarius
990 1797 1130 1881 prolnnda
1148 1796 1196 1860 illa
1215 1795 1283 1883 My-

134 1895 224 1961 steria
241 1897 372 1983 peregit,
404 1897 467 1960 siae
485 1897 553 1960 ullis
569 1899 687 1962 omniuo
704 1897 828 1983 nuptiis,
859 1909 891 1961 at
905 1899 1074 1985 incorrupto
1091 1899 1283 1984 sempiterno-

134 2021 190 2084 que
208 2001 311 2086 geueri
330 2000 487 2078 corrvenit,
518 1999 685 2085 incorrupta
702 2001 800 2064 itidem
817 2000 942 2081 lumina,
977 1999 1283 2087 quannitasappel·

134 2101 248 2182 lantar,
271 2113 407 2187 unquam
425 2101 499 2166 lilios
517 2102 672 2188 produxit,
695 2113 726 2166 et
744 2102 859 2187 quidem
875 2102 1026 2168 informes.
1074 2103 1211 2168 iacebant
1229 2103 1282 2190 igi-

134 2214 180 2268 tur
207 2207 413 2290 propemodum
438 2205 630 2288 intelligentia
659 2206 737 2268 omni
764 2205 920 2284 destituta,
953 2225 988 2269 aa
1015 2205 1079 2270 sino
1109 2205 1165 2270 ulla
1193 2207 1281 2270 animi

133 2307 255 2372 notione
272 2306 472 2392 quiescebant.
519 2306 663 2393 Quicquid
682 2307 758 2371 euim
774 2329 791 2372 a
808 2306 941 2392 quopiam
960 2308 1071 2392 agitur,
1093 2308 1128 2372 ab
1146 2329 1201 2386 eo,
1224 2309 1282 2372 nisi

132 2409 273 2474 universe
290 2409 443 2496 intelligat,
469 2411 564 2496 agitur
580 2409 661 2474 nibil.
708 2409 794 2477 llnuc
809 2411 838 2474 in
856 2411 971 2474 modum
990 2409 1149 2496 procreatis
1167 2411 1281 2474 lumini-

132 2511 203 2592 bus,
228 2519 358 2597 jqnarum
377 2513 587 2578 multitudinem
605 2513 786 2576 numerando
804 2533 980 2598 percensere
999 2512 1067 2576 nibil
1083 2533 1204 2576 necesse
1222 2523 1280 2593 est,

132 2615 230 2678 auimo
252 2635 327 2679 vero
345 2615 591 2699 comprehendere
609 2625 725 2700 oportet
743 2615 823 2698 (uam
840 2616 1063 2699 uuuotquodqae
1084 2637 1165 2679 saam
1185 2616 1282 2701 appel·

131 2715 271 2781 lationem
290 2718 425 2782 sortitum
446 2728 508 2795 est,
540 2737 614 2802 quae
635 2737 675 2780 ex
694 2737 868 2780 areanorum
889 2719 1093 2803 mysteriorum
1113 2719 1281 2802 cognitione

132 2821 337 2907 depromitur),
355 2822 390 2885 ad
405 2820 548 2884 scientiae
561 2821 704 2886 delectum
719 2819 880 2905 perpellere
894 2821 1049 2884 universos
1065 2821 1136 2905 Siga
1148 2822 1280 2907 cupieos,

132 2924 167 2986 ad
187 2924 345 2988 secundam
367 2923 610 3008 substitutamque
629 2923 707 2988 illam
726 2923 792 2986 loco
807 2923 928 2988 alterius
946 2919 1115 3008 Ogdoadem
1134 2924 1279 3003 adiunxit,

132 3025 299 3111 corruptela
314 3026 409 3091 omnis
425 3036 547 3112 experte
564 3025 787 3103 coniunctione,
820 3027 870 3089 sed
887 3025 1036 3090 voluntate
1051 3027 1192 3090 eiusmodi
1208 3047 1281 3110 quae

132 3127 429 3213 subintelligentiam
452 3129 581 3192 caderet.
632 3123 803 3194 Cuiusmodi
825 3127 984 3192 voluntatis
1006 3129 1131 3214 impetus
1154 3125 1282 3212 Spiritus

134 3227 263 3294 Sanctus
284 3243 347 3310 est,
379 3233 426 3316 qui
449 3231 479 3294 in
500 3231 594 3294 medio
614 3242 780 3294 sanctarum
800 3227 1000 3294 Ecclesiarum
1019 3229 1139 3294 residet.
1186 3225 1280 3310 Quem

132 3355 196 3396 cum
217 3334 374 3397 secundam
393 3335 429 3397 ad
446 3330 618 3418 Ogdoadem
636 3333 810 3418 allegasset,
842 3333 869 3396 ei
889 3333 1033 3418 persuasit
1052 3353 1150 3396 secam
1171 3341 1202 3394 ut
1218 3331 1282 3416 ipsa

132 3435 333 3521 copularetur.
378 3433 524 3518 Quocirca
542 3436 571 3498 iu
589 3435 711 3519 singulis
729 3433 879 3518 Ogdoadis
900 3435 1027 3520 partibus
1046 3434 1210 3498 celebratae
1229 3455 1282 3496 uu·

131 3537 208 3622 ptiae
224 3549 305 3602 snat.
338 3535 487 3622 Siquidem
503 3559 566 3602 com
584 3535 652 3602 Uno
667 3534 796 3622 Spiritus
811 3535 939 3601 Sanctus
954 3537 1126 3600 coniunctus
1140 3546 1197 3615 est,
1217 3557 1282 3600 cnm

133 3637 240 3703 'l'ertio
255 3637 348 3726 Opas,
373 3639 494 3704 'l'ertins
510 3662 574 3704 cum
589 3639 728 3718 llexade,
752 3649 782 3702 et
796 3661 860 3702 cum
878 3636 1009 3723 Septimo
1026 3634 1159 3722 Ogdoas,
1184 3635 1282 3723 Septi·

132 3763 196 3806 mns
218 3763 285 3806 cum
307 3739 429 3828 Dyede,
460 3763 525 3806 cum
548 3739 658 3824 Quinto
682 3739 797 3805 llexas.
842 3738 884 3804 lta
906 3737 1024 3824 Ogdoas
1046 3741 1184 3805 universa
1208 3763 1282 3806 nuo-

132 3865 216 3929 qoam
239 3853 441 3909 marcescente
466 3845 614 3930 voluptate
642 3857 730 3930 atqua
756 3845 870 3928 integra
895 3843 1118 3928 incorruptoque
1146 3843 1282 3908 mistione

134 3945 331 4030 cotriungitur.
382 3945 471 4011 Nulla
494 3947 598 4034 quippe
619 3946 656 4009 ab
680 3946 806 4010 invicem
830 3945 977 4031 separatio
1003 3945 1071 4026 luit,
1106 3948 1157 4011 sed
1184 3957 1281 4010 mutua

133 4047 262 4114 omniurn
278 4069 342 4113 cum
361 4049 565 4114 honestissima
579 4048 728 4133 voluptate
744 4047 933 4135 temperatio,
958 4069 997 4112 ex
1013 4070 1070 4133 qna
1087 4046 1282 4113 Prunicorum

133 4151 269 4230 muliebri
285 4171 362 4216 sexu
379 4152 539 4216 carentium
560 4149 721 4236 Quinarius
738 4151 889 4230 exoritur,
921 4151 1003 4217 cuius
1020 4151 1091 4216 ltaec
1110 4161 1178 4216 suot
1196 4172 1282 4214 voca-

165 4339 206 4391 20.
225 4333 380 4406 darumbeian
398 4343 449 4392 aad
468 4343 522 4392 Vera.
725 4342 777 4404 ψας
795 4337 879 4394 ἔπεισι
896 4337 940 4394 καὶ
957 4334 1037 4404 αὐτὴν
1052 4342 1136 4402 rettqni
1153 4340 1215 4389 tttra'.

165 4407 206 4458 tt.
224 4410 262 4458 tto
276 4411 366 4459 camai
383 4423 436 4459 cnm
452 4412 549 4480 Petaqlo
566 4413 587 4460 et
603 4411 691 4460 Coeno·
757 4409 798 4460 2⁴2.
816 4407 1094 4476 mesocampum
1122 4404 1282 4472 Hpouusletatu

132 4477 176 4526 ric.
199 4475 333 4544 reptatas
344 4473 388 4530 real
400 4469 480 4544 adadu
491 4479 542 4529 eod.
552 4479 607 4530 Vra.
627 4475 691 4544 adp·
723 4479 814 4541 reltqut.
