3110 4984
336 303 469 356 rinnau
487 303 563 356 nov.
580 303 862 356 enumerantem.
879 305 961 359 rou.
973 308 991 357 r.
1194 295 1233 358 93

380 559 631 636 ADVERSUS
656 559 949 636 Nocturnus.
1063 545 1067 556 ⁴

213 679 300 774 Quae
327 687 378 756 est
401 680 561 756 Iudaismi
586 681 732 756 haeresis
759 681 819 772 V.,
853 681 967 756 ordine
993 681 1121 759 XVIII.

176 827 266 894 Nunc
281 831 337 894 alia
354 830 423 895 mibi
437 840 504 916 post
519 827 788 916 llemerobaptistas
805 831 936 896 haeresis
950 837 1134 919 exponenda,
1157 859 1231 920 quaa
1251 853 1308 919 esp.
1326 855 1344 902 1.

104 927 317 996 Nazaraeorum
342 933 456 996 dicitur.
503 928 561 1015 Qui
586 932 717 1016 quidem,
742 944 774 996 ut
796 934 978 1018 accepimus,
1002 957 1111 1020 genere
1134 935 1232 1004 ludaei

104 1044 178 1112 sant,
201 1031 388 1098 eGalaatide
406 1046 436 1098 et
449 1031 616 1098 Basanitide
640 1055 676 1098 ac
694 1033 814 1118 reliquis
834 1036 910 1098 ultra
929 1034 1081 1102 Iordanem
1104 1041 1233 1124 regioni-

103 1133 148 1197 bus
161 1136 287 1216 oriundi.
332 1133 529 1219 Quamobrem
550 1157 614 1200 cuna
633 1136 703 1199 baec
718 1146 799 1200 secta
816 1133 977 1202 lsraelitica
1000 1159 1037 1202 cx
1056 1151 1143 1223 muto
1166 1163 1231 1227 pro·

104 1235 168 1298 lecta
183 1239 240 1314 sit,
266 1234 437 1301 ludaeorum
462 1237 492 1300 in
513 1237 647 1302 omnibns
665 1238 798 1320 dogmata
821 1239 1037 1324 complectitur,
1062 1243 1172 1305 neceb
1194 1244 1232 1307 iis

103 1357 165 1418 qnos
179 1349 267 1402 antea
290 1340 513 1403 commemoravi
533 1341 594 1402 lere
611 1339 668 1403 nlla
688 1340 718 1402 in
735 1359 767 1403 re
781 1339 915 1404 dissidet.
958 1339 1035 1404 Nam
1059 1353 1089 1406 et
1109 1344 1232 1408 circum·

103 1437 229 1504 cisioceur
248 1440 367 1524 perinde
385 1452 471 1526 atque
487 1441 536 1505 alii
553 1442 676 1520 retinet,
700 1441 821 1506 elidem
837 1443 987 1509 sabbatum
1004 1444 1158 1524 observat,
1182 1467 1231 1510 ea·

101 1539 209 1626 &uque
232 1545 308 1606 festa
327 1543 472 1620 celebrat,
497 1544 547 1606 sed
572 1563 665 1626 neque
683 1544 771 1606 latum
789 1565 884 1628 nequo
902 1547 1109 1611 astronomiam
1128 1548 1231 1611 admit·

102 1641 138 1704 tr.
178 1645 226 1708 Ac
252 1664 316 1708 cum
340 1654 457 1708 veteres
479 1644 545 1708 illos
569 1645 765 1729 patriarchas,
796 1647 832 1710 de
856 1645 959 1728 quibus
983 1647 1014 1711 ia
1029 1645 1230 1712 Pentateucho

101 1745 194 1810 mentio
211 1757 277 1822 est,
300 1746 456 1831 approbet,
479 1745 529 1830 qui
545 1746 581 1810 ab
598 1746 712 1810 Adamo
735 1747 770 1810 ad
785 1743 912 1833 Moysen
935 1769 1027 1832 usque
1045 1749 1152 1834 insigni
1169 1751 1230 1834 pie·

101 1856 148 1910 tate
162 1849 343 1926 floruerunt,
366 1848 499 1912 nimirum
515 1848 626 1928 Adam,
651 1845 742 1926 Setlr,
765 1847 885 1927 Euocb,
908 1847 1123 1930 Mathusalam,
1146 1849 1229 1930 Nou,

99 1945 233 2029 lbraam,
259 1946 354 2028 Isaac,
379 1947 485 2028 lacob,
508 1947 596 2030 Levi,
618 1948 734 2030 Aaron,
757 1971 792 2014 ac
810 1947 907 2014 lesum
924 1949 1012 2015 Nave
1028 1939 1128 2031 filium,
1151 1950 1230 2016 Pen-

100 2052 253 2116 nonnum
268 2049 453 2116 nibilominus
467 2051 558 2135 ipsam
575 2051 718 2136 repudiat.
761 2050 828 2116 Neo
843 2049 970 2138 Moysen
985 2053 1101 2137 quidem
1117 2054 1227 2133 abiicit,

101 2169 180 2236 reque
197 2153 326 2218 oblatam
342 2152 408 2217 baie
424 2174 440 2230 a
457 2153 512 2218 deo
527 2154 621 2242 legem
638 2174 706 2218 esse
721 2153 875 2231 diffitetur,
899 2154 950 2218 sed
968 2154 1053 2218 aliam
1074 2156 1165 2219 luisse
1187 2157 1229 2220 di·

101 2252 131 2315 cit
145 2277 228 2339 qnam
249 2275 322 2338 quae
339 2255 427 2338 vulgo
450 2254 665 2320 circumfertur.
710 2253 761 2320 Ex
781 2277 839 2340 quo
860 2258 966 2320 lactum
985 2266 1031 2320 est
1054 2266 1085 2320 ut
1105 2252 1229 2320 ludaeo-

100 2373 151 2417 mm
166 2356 352 2420 ceremonias
372 2355 499 2440 reliquas
521 2357 696 2436 observent,
720 2366 819 2442 utpote
835 2353 950 2434 ludaei,
975 2377 992 2420 a
1008 2358 1160 2422 sacrificiis
1178 2359 1228 2424 ab·

99 2453 235 2536 lorreant,
259 2478 353 2541 neque
368 2458 493 2522 animata
510 2479 541 2523 re
560 2458 616 2522 ulla
632 2469 798 2523 vescantur.
847 2455 948 2542 ltaque
964 2479 1069 2524 carnes
1085 2459 1116 2522 iu
1132 2460 1227 2524 cibum

99 2557 221 2623 adbibere
246 2559 295 2623 vel
314 2559 478 2624 sacrificare
502 2561 586 2623 nelas
609 2579 677 2624 esse
702 2560 855 2624 ducebant.
902 2556 1034 2624 Conllcta
1057 2560 1134 2624 anim
1157 2561 1227 2625 baec

99 2677 153 2722 esse
165 2661 329 2738 volumina,
349 2681 443 2744 neque
457 2681 557 2724 eorum
573 2663 724 2745 quicquam
738 2683 755 2723 a
768 2661 926 2726 melonibus
942 2663 1115 2746 proiectum.
1138 2660 1227 2726 Eius-

98 2761 162 2824 nodi
181 2759 406 2827 Nazaraeorum
432 2763 586 2826 discrimen
606 2784 624 2826 a
649 2763 768 2846 reliquis
793 2763 856 2826 luit.
900 2760 985 2827 Unde
1009 2773 1039 2826 et
1064 2764 1150 2828 laoilo
1168 2787 1226 2830 non

98 2879 146 2924 uno
165 2865 308 2927 duntaxat
329 2864 358 2926 in
381 2863 462 2940 loeo,
486 2865 538 2928 sed
561 2863 590 2926 in
613 2864 741 2949 pluribus
762 2864 885 2928 refutari
907 2873 1039 2949 possunt.
1311 2946 1316 2959 1

165 2965 211 3028 Ac
227 2965 439 3050 primumquod
456 2977 572 3029 veteres
586 2965 763 3050 patriarchas
778 2975 808 3028 at
821 2961 948 3050 Moysen
963 2966 1096 3050 probant,
1117 2987 1225 3052 quaero
1243 2973 1303 3042 Cep.
1322 2979 1351 3028 u.

95 3061 123 3124 ab
139 3065 212 3144 illis,
245 3086 310 3129 cum
333 3067 411 3130 nulla
432 3067 467 3130 de
490 3066 527 3130 iis
549 3066 605 3131 alia
627 3067 771 3152 scriptura
792 3067 939 3146 meminit,
971 3069 1047 3132 unde
1070 3079 1100 3132 et
1124 3069 1225 3133 borum

94 3168 237 3250 appellatio
263 3181 293 3230 et
315 3167 434 3251 egregia
455 3169 548 3232 virtus
573 3167 629 3232 nisi
657 3168 775 3232 axillis
800 3168 994 3234 voluminibus
1018 3169 1135 3254 cognita
1157 3190 1225 3234 esse

94 3269 227 3348 patuerit?
272 3267 332 3352 Qui
351 3289 438 3354 porro
453 3269 592 3333 convenit
607 3269 760 3334 vamtatem
778 3270 807 3334 iu
826 3292 913 3336 unum
930 3292 994 3335 cnm
1014 3271 1140 3334 salsitate
1155 3291 1225 3334 cou-

92 3373 220 3435 currere‘l
248 3369 429 3454 eandemque
448 3371 619 3456 scripturam
638 3371 741 3456 partim
763 3391 852 3450 vera,
884 3372 986 3456 partim
1006 3372 1078 3434 lalsa
1096 3371 1226 3434 iactare?

91 3489 146 3534 eum
160 3449 293 3537 minator
308 3471 433 3550 dixerit,
463 3473 526 3538 Aut
547 3473 632 3537 lenite
651 3472 785 3536 arborem
807 3473 912 3536 bonam
933 3485 963 3536 et
982 3474 1093 3536 fructus
1115 3471 1220 3551 bonos,
1236 3497 1361 3559 unqu,

90 3584 132 3634 sut
154 3575 290 3638 arborem
315 3573 420 3637 malam
443 3583 474 3635 et
499 3575 609 3638 tructus
632 3573 735 3638 malos.
782 3572 889 3659 Neque
914 3574 990 3639 enim
1016 3581 1114 3655 potest
1135 3573 1224 3640 arbor

90 3669 155 3737 bona
175 3675 269 3740 malos
291 3675 401 3738 fructus
419 3675 532 3753 iacere,
561 3695 655 3759 neque
672 3675 761 3740 arbor
778 3676 854 3740 mala
870 3676 963 3739 bonos
980 3675 1091 3738 deuotus
1110 3676 1219 3742 lacere.

89 3769 227 3856 Quocirca
249 3777 438 3842 vanissimum
465 3775 569 3840 borum
593 3777 740 3842 bominum
764 3777 912 3862 ingenium
940 3784 1001 3850 est,
1033 3775 1221 3862 doctrinaque

89 3871 140 3957 ipra
157 3877 258 3942 moltis
280 3899 318 3942 ex
340 3877 481 3963 capitibus
501 3879 596 3944 everti
617 3901 652 3944 ac
670 3879 791 3944 relaturi
811 3888 916 3963 potest.
959 3874 1138 3942 Praesertim
1155 3901 1221 3944 cum

88 3973 113 4036 ia
132 3977 301 4044 hodiernum
326 4001 417 4065 usquc
438 3990 550 4064 tempus
573 4002 631 4044 non
657 3983 742 4045 modo
763 3979 948 4044 celebrentur
971 4000 1007 4044 ea
1031 4001 1104 4065 quae
1129 3981 1166 4046 iis
1189 3981 1219 4044 in

88 4073 158 4144 lillis
174 4092 260 4166 gesta
280 4091 494 4162 memorantur,
526 4083 577 4146 sed
599 4094 629 4146 et
645 4082 769 4168 ipsamet
786 4081 851 4144 loca
867 4093 1140 4166 repraesententur,
1172 4081 1221 4145 ubi

89 4179 246 4248 admiranda
259 4184 309 4248 illa
323 4184 454 4270 prodigia
470 4186 665 4269 contigerunt.
701 4182 847 4269 lmpriruis
860 4205 944 4248 mons
961 4181 1046 4263 Sion,
1071 4183 1119 4246 ubi
1132 4203 1219 4246 orem

89 4278 134 4342 leo
156 4283 340 4349 Abrabamus
363 4286 539 4364 immolarit,
572 4285 648 4350 idem
672 4286 707 4349 ad
737 4287 791 4350 boc
817 4297 928 4373 tempus
953 4307 1057 4350 nomen
1082 4282 1216 4349 obtinuit.

90 4375 158 4445 'lum
175 4383 225 4448 ubi
243 4407 366 4469 quercus
383 4387 434 4451 illa
449 4385 582 4452 Mambre
602 4388 670 4468 luit,
701 4388 802 4471 quoin
819 4389 883 4453 loco
901 4388 1020 4452 vitulum
1039 4373 1218 4469 angelis‘ap·
