3078 5012
360 297 609 354 renuuntur.
628 297 976 351 ‘rouunnnnnxnn
1186 283 1243 348 tut
1277 369 1283 374 ι
1327 271 1330 278 ’

94 418 154 499 dit,
178 437 235 483 non
251 419 326 484 eiius
344 439 411 484 osso
428 430 524 504 potest
539 419 690 497 conditor,
714 439 800 504 quent
817 417 841 482 is
855 418 918 502 ipse
935 416 982 501 qui
1001 435 1052 502 per
1066 415 1171 480 nubem
1189 415 1247 478 iiIio

92 543 150 586 sno
172 523 367 588 testimoninm
391 522 551 608 praestitit,
585 521 690 586 necin
715 541 750 584 es
772 520 864 584 solum
889 539 964 602 quoe
988 519 1071 582 coeio
1095 517 1247 604 superiora

93 635 165 689 sunt
186 626 363 689 dominatum
387 624 539 688 obtinebit.

180 725 281 792 Sciunt.
297 725 389 790 XIX.
422 731 531 807 llngcoi
541 731 693 808 duopnlcs
708 738 780 788 snos.
818 723 1009 808 IIsbcbetqne
1024 733 1135 800 conse,
1160 743 1244 807 prce·
1258 739 1342 794 nucu,
1353 737 1385 780 ts.

92 842 245 914 terquntn,
276 832 341 893 Non
357 841 513 912 potuerunt
529 835 630 892 sri'cere
645 833 718 891 illud
733 841 763 890 et
777 833 821 890 nil
837 831 876 889 nd
893 832 985 907 ipsos,
1018 830 1167 888 denuntio
1184 845 1246 886 cre-

90 939 178 1008 dulc,
203 938 334 1014 quamdiu
356 957 404 996 nos
420 938 541 1014 mour?

179 1033 281 1100 nctus.
299 1033 392 1100 XIX.
426 1033 497 1099 Vorr
518 1035 585 1113 iIIs,
616 1038 764 1116 quamdiu,
796 1044 909 1118 tempus
932 1031 1000 1094 iIInd
1025 1030 1169 1116 significet
1190 1051 1246 1114 qno

90 1133 230 1204 Christus
254 1139 284 1202 in
309 1150 387 1204 terre
413 1159 477 1204 cum
500 1157 588 1202 carue
609 1147 745 1201 versatus
764 1147 820 1200 est.
867 1132 932 1199 IInc
951 1143 1066 1211 sutem,
1099 1136 1248 1194 Generalis

89 1245 254 1316 maduo,
288 1263 323 1305 eo
348 1241 482 1304 nimirum
507 1241 650 1317 reicitur,
683 1239 758 1323 qnod
783 1240 811 1300 in
834 1236 926 1322 ipsios
948 1237 1065 1300 nomine
1089 1235 1247 1320 prophetoe

89 1344 223 1430 prodigis
241 1344 381 1430 quaedam
401 1343 556 1420 ediderint,
578 1343 662 1426 eique
679 1339 868 1418 credideriut,
888 1339 1049 1403 cuiusmodi
1065 1335 1160 1417 tutius,
1184 1334 1247 1399 Eii-

90 1467 199 1524 sseus,
224 1447 330 1531 aliique
355 1447 462 1510 secisse
486 1445 632 1529 leguntur.

177 1545 279 1614 ScitoI.
298 1547 374 1613 XX.
407 1552 498 1611 Feisiss
515 1553 587 1611 enim
603 1551 723 1610 leontinis
732 1549 866 1630 fulserunt
885 1557 929 1608 est
945 1558 979 1606 nt
994 1547 1127 1606 nudatio
1142 1548 1172 1605 in
1188 1565 1247 1604 mn·
1259 1557 1315 1602 tuso.
1327 1560 1360 1604 rs.

89 1675 146 1716 nus
169 1657 320 1715 incisim.

177 1753 280 1818 IIeint.
299 1751 375 1818 XX.
408 1753 545 1818 Hominis
566 1752 727 1831 idonius,
762 1751 808 1835 qui
831 1751 861 1814 in
882 1771 984 1814 munus
1006 1760 1071 1814 eret
1089 1749 1246 1813 trudendus

89 1857 258 1938 hominnm,
284 1879 341 1920 non
358 1856 496 1942 opinione
512 1857 668 1941 specieque
683 1855 762 1932 soIe,
787 1855 838 1917 sed
855 1851 1035 1938 corporisne
1051 1851 1244 1916 membrorum

89 1961 191 2024 hsbitn
214 1981 248 2024 no
270 1959 491 2023 confirmations
515 1959 581 2022 telis
603 1957 713 2022 extitit.

178 2059 281 2126 SohoI.
296 2059 388 2125 XXI.
418 2065 517 2142 Neque
530 2064 582 2122 lior
595 2064 715 2141 legistis,
740 2064 809 2142 qnid
819 2062 920 2141 lecerit
934 2061 1035 2132 nand,
1060 2079 1122 2120 curn
1134 2062 1245 2137 ingres-
1259 2072 1343 2130 osps,
1353 2074 1373 2117 s.

87 2187 139 2227 sus
162 2170 256 2226 estiis
277 2169 386 2227 domum
408 2168 477 2226 deii
737 2143 740 2158 .

175 2266 277 2331 Reint.
293 2264 385 2331 XXI.
417 2262 493 2330 Cum
509 2265 726 2330 tubernaculum
741 2266 810 2330 illud
826 2261 935 2350 Moyse
952 2263 1123 2328 collocutum
1136 2262 1182 2325 dei
1195 2262 1246 2324 do·

88 2391 169 2433 nuum
186 2370 330 2454 appellet,
354 2389 534 2454 nequequam
553 2369 646 2452 legent
664 2380 715 2431 ent
730 2367 814 2432 deum
831 2368 924 2452 ipsum
941 2365 1032 2451 quiin
1051 2365 1117 2448 lege
1132 2365 1246 2428 locutus

88 2483 136 2536 est
150 2471 263 2536 obiicit.
311 2469 396 2536 IIunc
412 2473 516 2557 quippe
532 2473 616 2535 deum
634 2471 764 2534 nominat
781 2469 829 2554 qui
844 2469 908 2533 eius
926 2479 1006 2552 poter
1020 2479 1078 2546 est,
1103 2476 1153 2530 aut
1167 2465 1246 2530 eius-

88 2577 155 2638 dem
176 2575 353 2659 unigenitus.
401 2571 485 2639 Soiet
502 2574 579 2637 cuim
595 2583 696 2636 sancta
713 2573 845 2650 trinitus,
876 2582 959 2657 pstor
974 2579 1004 2634 et
1021 2569 1097 2634 iilius
1115 2581 1145 2633 et
1160 2570 1245 2655 spiri-

89 2688 139 2740 tns
161 2687 299 2755 sanctus,
331 2699 389 2741 uon
410 2677 440 2741 in
465 2678 529 2760 Iege
549 2676 641 2740 scium
663 2686 694 2740 et
710 2676 878 2761 prophetis,
910 2674 961 2738 sed
979 2673 1141 2756 evangeliis
1157 2681 1245 2756 nique

88 2780 232 2866 apostolis
255 2801 345 2866 opera
367 2801 419 2844 suo
443 2780 595 2865 perficere.

176 2879 278 2946 ScItoI.
296 2880 402 2946 XXII.
439 2887 552 2944 Grattius
571 2903 626 2962 ogo
646 2884 714 2960 ott,
738 2885 847 2944 &minc
862 2883 942 2943 cosli.
989 2877 1055 2943 Neu
1073 2879 1240 2964 adscripsit,
1257 2894 1352 2952 cepit,
1363 2895 1394 2938 ¹1.

85 2997 119 3048 et
132 2998 236 3059 nnnc,
262 3005 357 3069 neque
372 2987 472 3064 etum,
492 2995 585 3067 puter.
633 2981 694 3048 Sed
712 3003 751 3048 cx
768 3004 804 3049 eo
821 2995 918 3048 tomen
932 2984 1094 3047 revincitur
1110 2982 1185 3066 quod
1201 2981 1245 3044 in·

87 3089 136 3151 Ire
158 3088 310 3172 sequitur:
333 3091 427 3150 Enim
446 3099 538 3169 poter.

175 3187 278 3252 Reiut.
297 3187 405 3254 XXII.
439 3187 565 3254 Domino
588 3190 686 3274 itaque
708 3188 782 3252 coeli
803 3188 915 3272 gratiss
938 3189 1015 3271 ogit,
1048 3188 1115 3250 iicet
1137 3197 1240 3259 inrue,

86 3291 260 3369 sustuleris,
279 3291 347 3356 licet
357 3298 454 3374 porris
468 3313 571 3356 voeern
588 3291 785 3370 subtraxeris,
802 3289 930 3368 Morcio,
948 3311 984 3354 ne
999 3299 1109 3375 petrem
1127 3309 1142 3352 a
1159 3284 1244 3352 Chri·

85 3407 137 3459 sto
159 3413 244 3458 suuor
261 3395 443 3478 pronuntiari
461 3395 640 3458 conditorem
661 3396 845 3459 ostenderes.
891 3391 1005 3457 Virunt
1023 3391 1116 3454 edituo
1139 3399 1169 3454 et
1185 3391 1245 3475 spi·
1279 3457 1286 3470 .

85 3507 158 3562 rant
174 3497 308 3560 veritatis
324 3496 372 3561 ilie
389 3520 405 3562 o
422 3508 451 3562 te
466 3496 568 3560 relicte
583 3496 723 3560 membre.
772 3493 903 3560 Vnonioe
917 3494 986 3558 iIIee
1001 3494 1148 3573 nimirum,
1172 3513 1245 3577 ques

85 3613 120 3664 tn
139 3599 268 3663 velutin
286 3599 416 3683 reliqniis
433 3600 582 3683 oegIeotss
599 3618 651 3684 per
668 3598 844 3663 oblivionem
864 3597 1027 3661 retinuisti:
1059 3601 1170 3669 Enim,
1191 3617 1245 3676 pn·

86 3709 153 3766 ter!
196 3699 248 3766 Ex
269 3701 373 3786 quibus
395 3702 480 3788 piene
500 3702 577 3766 istud
592 3701 761 3780 coniicitur,
794 3699 911 3786 proprio
932 3701 1003 3786 petri
1019 3700 1128 3784 gratius
1147 3699 1243 3784 egisse

86 3802 242 3870 Christum
260 3805 418 3884 dominnm,
443 3805 624 3888 eundemque
640 3804 714 3868 coeii
730 3805 877 3868 dominum
893 3803 1073 3888 appellasse:
1098 3813 1130 3866 nt
1143 3802 1243 3886 singn-

84 3909 180 3972 larem
197 3907 226 3970 iu
243 3919 272 3970 te
287 3908 429 3992 quondam
447 3909 544 3970 inesse
559 3907 715 3972 amentiam
731 3917 876 3992 oporteat,
900 3928 957 3990 quo
971 3907 1092 3971 liberum
1109 3905 1243 3970 veritatis

84 4031 193 4076 vocem
217 4031 276 4073 non
298 4029 453 4093 agnosces.

176 4108 279 4176 SchoI.
294 4109 416 4176 XXIII.
450 4117 718 4194 Drusilegisperito,
744 4118 777 4174 ln
794 4117 856 4193 loge
870 4117 1085 4194 quidsoriptum
1100 4119 1164 4173 est?
1201 4109 1355 4174 bitinicus.

86 4217 274 4302 respondens
302 4225 368 4300 post
389 4213 549 4300 legisperiti
573 4215 663 4280 verbo
689 4215 780 4295 dixit,
809 4219 892 4278 Recte
912 4220 1029 4278 dissid:
1058 4218 1110 4276 loc
1136 4218 1187 4297 sno
1215 4228 1244 4277 ct

84 4340 174 4381 osnes.

82 4477 188 4534 recepto.
227 4475 298 4536 Vutpc
319 4479 387 4523 02th
403 4470 562 4540 ἐλευθερίαν,
587 4473 650 4536 quod
716 4469 758 4523 69.
776 4474 857 4536 Suprn
874 4480 938 4526 scint
955 4469 1024 4533 εἶπες
1038 4487 1082 4537 pro
1100 4469 1177 4534 εἶπας.

83 4544 144 4606 ferri
162 4541 183 4590 n.
200 4543 215 4592 l.
232 4555 300 4603 posse
320 4556 385 4605 nepo.
