3096 4988
330 333 464 386 renunc
482 335 544 386 cra.
560 337 586 391 ι·
594 336 675 387 ronr.
692 337 721 387 u.
739 335 837 386 unca.
853 336 953 388 xxxi.
1155 327 1215 388 353
1232 309 1235 322 ¹

77 463 169 536 suopte
187 463 257 518 nutu
274 455 462 539 propenderit
483 456 639 540 proficisci.
686 453 770 541 Quod
789 467 886 520 autem
902 455 1033 542 spiritale
1052 456 1091 522 sit
1106 456 1216 522 idcirco

75 555 155 634 mitti,
187 569 217 620 ut
240 556 286 620 hie
304 577 369 621 cum
388 557 516 622 Animali
536 557 699 644 copulatum
721 581 784 622 cunr
804 579 898 643 eoque
916 558 945 622 in
965 559 1082 624 vivendi
1100 559 1214 624 ratione

76 657 173 738 pariter
190 661 332 724 eruditum
352 661 421 744 tingi
441 663 617 746 formarique
634 661 736 747 possit.
782 662 880 746 Atque
899 661 975 725 hurm
992 663 1106 726 demum
1123 663 1214 728 selem

75 759 142 824 illurn
158 781 192 826 ao
210 759 312 826 Mundi
330 763 423 826 lucem
441 783 508 828 esse
526 764 669 844 dictitant,
694 764 729 828 de
746 765 849 850 quibus
865 761 1026 848 Evangelia
1044 765 1210 849 loquuntur.
1221 775 1364 838 Murteae

74 857 180 927 Etenim
201 866 325 930 animale
344 878 469 930 externa
487 887 625 930 sensnum
645 867 796 952 disciplina
816 888 888 952 opus
906 865 1016 931 habuit.
1062 866 1156 952 Quam
1177 868 1214 932 ob

74 985 194 1032 caussam
216 979 246 1031 et
263 966 404 1032 Mundum
427 969 597 1034 fabricatum
615 991 681 1032 esse
699 969 894 1048 contendunt,
918 980 1005 1056 atque
1024 969 1059 1034 ad
1077 969 1214 1035 Animale

73 1064 155 1149 istud,
188 1071 419 1156 quondoquidem
438 1072 573 1136 libertate
591 1071 753 1157 praeditum
774 1083 836 1152 est,
867 1071 1213 1156 quoeisalutemaller-
1262 1059 1263 1063 ¹

73 1180 125 1249 ret,
149 1169 334 1240 Salvatorem
353 1195 421 1238 esse
437 1175 598 1260 delapsum.
643 1173 859 1253 Nemeorum,
883 1195 956 1258 quae
972 1195 1093 1239 serrare
1110 1174 1212 1238 decre·

71 1285 155 1354 verat,
179 1277 307 1340 omnium
323 1277 351 1340 in
368 1297 436 1340 seso
451 1279 548 1341 lerunt
562 1275 640 1341 illum
657 1277 793 1342 habuisse
807 1276 959 1363 primitias,
982 1289 1048 1362 puta
1064 1277 1100 1340 ab
1115 1273 1213 1342 hubo·
1285 1285 1299 1306 ¹

71 1377 140 1439 noth
159 1380 311 1464 spiritum,
342 1379 509 1444 Animalem
527 1402 545 1443 a
563 1377 725 1446 Coseditore
744 1377 892 1444 Christum
913 1401 948 1443 ac
967 1378 1122 1443 lurretiouis
1141 1401 1211 1445 suae

72 1478 307 1546 administrandae
331 1483 427 1566 gratia
450 1503 555 1569 corpus
577 1482 696 1546 animali
718 1495 821 1547 natura
843 1493 982 1547 cousteus
1003 1482 1149 1562 induisse,
1182 1494 1212 1546 et

72 1583 174 1662 quidem
196 1584 359 1648 incredibili
382 1587 503 1670 quadam
527 1596 590 1650 arte
612 1586 655 1649 sic
673 1585 871 1666 elaboratum,
902 1595 934 1650 ut
951 1585 1062 1664 videri,
1095 1595 1211 1648 contre·

71 1687 131 1748 ctari
150 1687 267 1773 patique
287 1699 398 1773 possot.
444 1685 545 1770 Quare
563 1687 633 1751 nihil
649 1689 742 1753 eidem
761 1711 823 1753 eum
842 1690 963 1752 materia
979 1689 1068 1752 luisse
1083 1709 1212 1753 conemu-

71 1806 115 1866 ue,
144 1791 249 1875 quippe
267 1810 333 1853 oum
354 1791 476 1854 materie
495 1792 718 1875 consequendae
737 1791 823 1855 saluti
838 1813 1019 1878 nequaquam
1035 1791 1139 1856 idonea
1158 1791 1208 1856 sit.

71 1883 218 1956 Praeterea
236 1903 295 1957 tum
306 1913 411 1957 rerum
427 1893 554 1958 omnium
572 1896 656 1958 duem
675 1905 761 1978 atque
775 1893 887 1958 exitum
905 1897 979 1972 loro,
999 1915 1062 1957 cum
1075 1895 1209 1979 quioquid

69 1990 187 2074 spiritale
204 2005 268 2073 est,
293 1995 321 2058 it
338 2006 383 2059 est
397 1995 543 2081 spiritales
560 1995 709 2074 homines,
734 1997 781 2080 qui
800 1999 959 2082 perlectam
977 1998 1013 2060 dc
1029 1993 1095 2060 Deo
1112 1998 1209 2062 scieu-

71 2093 128 2158 tiam
146 2096 271 2175 habeut,
296 2107 326 2160 et
342 2097 378 2160 ab
397 2098 560 2162 Achamoth
577 2099 726 2182 mysteriis
743 2099 845 2162 initiati
863 2110 941 2163 sunt.
987 2094 1159 2163 Cuiusmodi
1175 2119 1208 2164 se

70 2215 126 2260 esse
140 2199 220 2284 ipsos
234 2209 383 2264 asserunt.
423 2199 540 2264 Etenim
557 2202 697 2264 animales
714 2201 845 2265 homines
858 2202 975 2266 animali
989 2201 1109 2285 quadam
1123 2201 1210 2266 disei-

70 2299 135 2380 plina
148 2303 298 2368 institutos
313 2323 392 2382 esse,
415 2305 463 2387 qui
478 2304 591 2388 quidem
605 2303 742 2390 operibus
756 2327 790 2366 au
804 2304 926 2389 simplici
942 2305 995 2367 lide
1009 2303 1208 2383 stabiliuntur,

71 2420 154 2487 oeque
171 2407 331 2491 perlectam
350 2405 502 2470 scientiam
519 2407 615 2492 adepti
632 2418 710 2472 suut.
757 2405 910 2470 Eiusmodi
926 2427 979 2470 nos
998 2427 1082 2485 esse,
1114 2406 1162 2490 qui
1178 2405 1208 2470 iu

69 2499 212 2571 Ecclesiae
235 2529 327 2594 grege
350 2529 554 2589 numeramur,
585 2509 711 2594 ideoque
734 2520 814 2573 recte
838 2509 921 2572 lactis
942 2529 1014 2594 opus
1037 2528 1104 2572 esse
1124 2507 1208 2572 nobis

70 2611 245 2690 praedicant,
280 2631 376 2696 neque
394 2611 479 2676 aliter
498 2633 584 2697 posse
606 2633 659 2676 uos
677 2612 800 2676 salutem
819 2611 968 2676 obtineret
1003 2631 1036 2676 se
1057 2631 1129 2675 vero
1149 2631 1208 2674 nou

72 2709 146 2775 ullius
161 2713 286 2778 actionis
301 2713 462 2792 beuelicio,
486 2716 537 2778 sed
552 2717 627 2800 quod
644 2726 748 2779 natura
762 2714 909 2799 spiritales
925 2713 1001 2792 siut,
1026 2715 1144 2778 omnino
1161 2733 1208 2778 sa·

71 2809 130 2876 lutis
151 2826 301 2900 compotes
325 2817 387 2878 lore
411 2817 570 2882 confidunt.
613 2816 692 2882 Nom
712 2817 751 2881 uti
771 2817 847 2901 quod
867 2829 1016 2881 terrenum
1032 2827 1079 2882 est
1095 2817 1209 2882 servari

71 2913 139 2980 uullo
154 2919 240 2984 modo
255 2927 369 3003 potest,
392 2939 487 3002 neque
504 2930 608 2984 natura
623 2921 659 2983 ad
674 2921 701 2984 id
716 2920 851 2985 idoneum
869 2931 930 2999 est,
954 2921 997 2985 sic
1016 2929 1117 2985 contra
1134 2919 1208 3005 quod

72 3029 112 3082 est
124 3021 265 3104 spiritale,
290 3019 450 3084 cuiusmodi
466 3043 499 3086 se
515 3043 583 3086 ease
597 3023 710 3101 volunt,
735 3035 890 3107 utcumque
906 3043 973 3087 sese
987 3024 1125 3107 gesserit,
1142 3043 1207 3084 eor-

71 3122 154 3207 rumpi
173 3143 355 3208 nequaquam
375 3145 473 3209 posse.
519 3126 565 3187 Ao
585 3127 823 3209 quemadmodum
843 3147 944 3190 aurum
964 3123 994 3188 in
1015 3145 1137 3188 coenum
1157 3123 1207 3186 ab·

69 3221 164 3290 lectum
182 3225 425 3312 pulchritudinem
443 3249 500 3291 non
520 3227 642 3306 amittit,
675 3229 726 3292 sed
744 3229 817 3292 citra
836 3229 922 3292 ollam
939 3227 1054 3290 decoris
1072 3224 1206 3288 iniurium

70 3337 188 3392 naturam
204 3329 325 3408 retinet,
349 3329 389 3392 ita
405 3329 580 3416 semetipsos
597 3342 744 3410 asserunt,
768 3331 884 3396 tametsi
902 3328 1051 3414 quibusvis
1071 3327 1100 3388 in
1117 3325 1207 3388 actio·

70 3427 161 3512 nibus,
191 3431 325 3515 adeoque
346 3433 493 3495 concretis
515 3454 578 3496 cum
602 3433 740 3512 materia,
771 3442 944 3510 vorsentur,
976 3428 1083 3492 nullum
1107 3447 1146 3488 ex
1170 3447 1205 3490 eo

71 3528 262 3598 detrimentum
282 3553 404 3618 cepere,
429 3555 522 3618 ueque
541 3536 700 3620 spiritalem
720 3533 909 3598 substantiam
928 3551 1014 3616 posse
1033 3529 1167 3614 perdere.

141 3633 289 3721 Quocirca
308 3635 357 3721 qui
380 3636 541 3701 interillos
560 3637 764 3723 perfectissimi
784 3645 959 3710 censeatur,
990 3631 1089 3695 illicita
1106 3631 1204 3696 omnia
1241 3643 1300 3710 cap.

71 3731 228 3824 legibusque
243 3739 336 3803 vetita
349 3739 473 3803 licenter
488 3749 667 3826 perpetrant,
692 3739 726 3804 de
742 3738 845 3823 quibus
859 3736 962 3800 literae
976 3755 1079 3798 sacrae
1096 3745 1205 3800 testau·
1221 3711 1318 3764 xxm·

70 3842 127 3900 tur:
157 3845 213 3921 Qui
226 3845 364 3904 eeieemodr'
377 3847 564 3918 committunt,
596 3845 632 3905 ob
649 3846 802 3906 hereditate
818 3845 904 3921 regni
918 3841 1045 3900 coelestis
1062 3843 1201 3902 ereeilere.
1216 3855 1359 3912 cuntem.

71 3930 154 4020 igitur
168 3955 198 4008 et
214 3965 290 4031 quac
305 3943 390 4010 idolis
407 3945 556 4010 immolata
572 3955 641 4010 suut
657 3945 736 4009 nullo
750 3942 915 4008 discrimine
932 3939 1098 4020 comeduut,
1124 3940 1207 4004 uihil·

70 4061 119 4121 que
134 4065 170 4110 ex
185 4069 219 4112 ea
233 4069 267 4112 re
283 4046 467 4132 contagionis
483 4049 520 4112 ad
534 4067 602 4112 sese
616 4046 742 4112 derivari
759 4055 876 4132 putant,
902 4045 982 4110 etad
1001 4043 1095 4108 omuia
1112 4044 1206 4128 genti-

100 4231 134 4284 10·
152 4234 265 4290 δεκτικόν
281 4233 393 4302 λέγουσιν
413 4230 485 4290 αὐτοὶ
501 4239 552 4288 eod.
565 4240 617 4288 eea.
650 4241 736 4300 princ,
750 4237 854 4298 primum
866 4237 977 4287 Petoutue
991 4249 1021 4286 ea·
1035 4235 1086 4284 cod.
1097 4233 1208 4282 Vaticano

98 4300 133 4350 ¹1·
149 4295 166 4356 d
182 4299 254 4358 nicol
271 4299 336 4357 elene
353 4303 466 4358 θέλουσιν
483 4308 572 4356 eestttul
589 4320 618 4355 ee
651 4307 746 4356 addecet.

71 4367 111 4448 75²
124 4371 259 4436 interprete,
277 4377 300 4424 et
312 4374 363 4424 cod
376 4375 446 4435 γιον,
463 4377 502 4436 qut
516 4375 582 4424 habet
595 4373 619 4425 ol
687 4373 744 4422 cm.
758 4371 857 4423 xxm.
874 4397 908 4410 ·-
930 4371 951 4422 1.
972 4364 1139 4436 προειρημένα
1155 4368 1208 4418 cod.

68 4435 132 4489 carol
144 4433 205 4493 οἶνοι
221 4439 344 4495 belenum.
380 4443 454 4505 eum
471 4441 584 4495 bibonum
595 4441 618 4494 ol
654 4443 709 4492 Ven.

67 4495 132 4558 admi
148 4503 216 4561 εἶναι.
685 4511 709 4558 ¹2.
726 4501 873 4575 ἀδιαφόρως
887 4510 997 4558 mundo
1007 4507 1142 4569 postulauit.
1167 4505 1208 4554 tt·

99 4571 133 4623 l't-
151 4575 375 4644 acceptumque
385 4579 532 4630 medemur
546 4581 618 4632 iered.
652 4581 688 4628 brt
704 4579 788 4630 hebent
804 4573 939 4643 διαφόρως·

113 4653 346 4714 cerm-mmo
359 4657 389 4704 11.
962 4663 1001 4724 23
