3080 5002
286 273 349 337 676
709 285 832 338 ὃλΝῦΤλ
848 287 1017 338 ΕΡῙΡΗΑΝΙΙ

287 405 402 466 πείθειν
426 422 472 480 σε,
504 394 529 466 ό
552 406 716 527 Μαρκίοιρ,
745 400 796 482 εἶφ’
821 395 863 468 όν
886 405 961 486 ἔχεις
984 403 1190 490 γεγραμμένων
1210 399 1362 483 λειψύκοεν
1384 407 1438 466 τοῦ

289 502 472 589 εὐαγγελίου,
494 506 545 568 καί
567 533 608 586 μη
630 503 689 570 ύπό
712 511 768 570 σοῦ
790 502 972 572 όπατῦσθαι.

374 604 399 727 γ’
413 633 464 672 και
453 605 518 684 κζ’
532 606 618 690 Σχόλ.
642 605 780 690 Ἔχοντες
790 605 867 673 δὲ
834 633 867 674 το
881 605 954 674 αύτό
966 614 1083 690 πνεῦμα
1094 615 1147 690 τῆς
1158 612 1283 684 πίστεως
1296 609 1348 672 καλ
1358 603 1438 688 ἡμεῖς

287 707 478 791 πιστεύομεν,
510 708 602 776 Νῦιό
622 737 672 776 και
690 717 840 792 λαλοῦμεν.
883 707 1070 792 Ἐξέκοψεῦὲ
1084 708 1134 790 τό,
1166 708 1252 776 Κατό
1267 707 1302 776 τό
1318 733 1435 796 γεγραμ·

286 815 387 894 μόνον.
458 857 460 864 -

371 913 394 999 γ’
413 915 464 978 καλ
478 913 520 992 κζ
531 911 642 1000 Ἔλεγχ.
677 913 722 980 Οό
739 913 898 998 ῦοθῆσεταί
919 937 967 981 σοι
983 917 1076 991 τόπος
1093 918 1125 982 ἐν
1141 913 1188 991 οίς
1204 913 1242 981 ῦν
1257 916 1437 998 τολμήσειας.

288 1015 355 1081 Κύίν
372 1042 402 1080 τε
418 1014 474 1100 γαίρ
493 1015 629 1106 ἐκκόψῃς
644 1016 694 1096 τό,
723 1017 807 1082 Κατύ
822 1017 856 1100 τό
871 1020 1084 1104 γεγραμμένον,
1114 1023 1248 1098 φαίνεται
1265 1015 1286 1100 η’
1301 1023 1358 1099 τῆς
1371 1041 1439 1100 προ

286 1120 487 1205 γεγραμμένης
508 1119 610 1195 λέξεως
629 1116 801 1185 ύκολουθία.
844 1118 917 1186 'And
936 1127 990 1186 τοῦ
1008 1119 1079 1206 γὰρ,
1107 1116 1295 1198 Ἐπίστευσα,
1326 1118 1375 1184 ῦιό
1393 1121 1440 1182 καί

288 1221 425 1303 ἐλάλησα,
455 1218 549 1295 εύθύς
565 1219 599 1284 τό
616 1225 665 1285 ίσα
681 1223 835 1308 ἐπενέγκας
851 1221 869 1288 ό
886 1220 1050 1298 ἀπόστολος
1065 1225 1140 1305 ἔφη,
1162 1221 1301 1304 Ἔχοντες
1319 1219 1353 1287 τό
1371 1218 1439 1286 αύτό

288 1330 404 1404 πνεῦμα
424 1330 477 1406 τῆς
493 1328 616 1400 πίστεως
632 1326 682 1390 καί
700 1322 784 1407 ἡμεῖς
799 1323 987 1408 πιστεύομεν,
1014 1322 1061 1390 ῦιό
1079 1327 1130 1390 καί
1145 1331 1296 1407 λαλοῦμεν.
1346 1325 1440 1388 Πανιλ

287 1428 321 1492 ῦί
340 1453 381 1514 τῳ
403 1427 497 1507 σαφίς
518 1428 575 1491 ἐστι
597 1433 702 1506 τοῦτο,
733 1427 780 1492 ὅτι
795 1431 827 1494 ίν
844 1435 885 1516 τῷ
901 1431 1046 1518 ἑκατοστῷ
1065 1427 1316 1514 πεντεκαιδεκάτῳ
1333 1431 1439 1514 ψαλμῷ

288 1533 319 1595 ἐν
340 1537 380 1618 τῷ
401 1527 454 1612 τὴν
476 1527 643 1614 ἐπιγραφὴν
665 1527 878 1614 ΠἈλληλονία
896 1533 1005 1613 ίγοντι,
1035 1537 1088 1612 της
1103 1532 1137 1596 δὲ
1151 1537 1205 1596 τοῦ
1221 1531 1323 1612 Δαβλιλ
1340 1532 1441 1612 βίβλου

287 1629 348 1697 ὅντε
366 1632 416 1696 καί
433 1628 483 1695 ὑπ’
501 1627 595 1697 αύτοῦ
613 1635 899 1721 προπεφητευμίνρι,
928 1629 948 1698 ό
962 1631 1049 1718 λόγος
1065 1639 1118 1700 τοῦ
1131 1630 1306 1710 Ἐγτίστευσύ
1322 1633 1386 1698 ἔστι
1400 1655 1440 1715 γε

286 1735 462 1819 γραμμόνος.
497 1733 595 1798 Ὅθεν
615 1736 666 1799 καλ
688 1731 706 1801 ό
723 1733 884 1811 όπόστολος
900 1738 986 1818 ἔλαβε
1002 1733 1035 1800 τό
1052 1733 1159 1820 όητόν,
1187 1737 1238 1800 καλ
1254 1730 1369 1818 όμοίιες
1386 1735 1441 1814 ἔφη

169 1861 273 1920 Μαι.
287 1835 337 1916 τό,
365 1835 422 1901 Διό
438 1834 614 1918 πιστεύομεν
629 1839 680 1902 καλ
695 1834 779 1920 ἡμεῖς
793 1841 842 1903 καί
859 1845 1016 1920 λαλοῦμεν,
1045 1835 1088 1913 είς
1105 1836 1148 1904 τόν
1162 1846 1216 1904 τοῦ
1231 1835 1371 1922 ἀριθμοῦ
1385 1841 1441 1900 τόν

288 1937 469 2006 όποστόλιον.
504 1937 600 2002 Ὅθεν
622 1936 659 2003 ού
679 1941 769 2024 λέγει,
799 1938 855 2004 Διό
879 1942 930 2006 καί
948 1943 1102 2006 ἐπίστευσα
1120 1941 1170 2006 καί
1189 1938 1330 2020 ίλόλησα,
1360 1936 1438 2016 όλλιί,

285 2039 384 2124 Ἡμεῖς
398 2043 588 2123 πιστεύομεν,
610 2040 657 2106 όιό
674 2045 724 2106 καί
737 2048 895 2124 λαλοῦμεν,
916 2046 965 2108 ἵνα
981 2040 1087 2110 ἑαυτόν
1101 2041 1172 2125 μεταλ
1186 2049 1245 2108 τῶν
1259 2039 1359 2108 ἄλλων
1371 2038 1439 2105 ύπο·

288 2143 399 2210 στόλων
416 2142 547 2233 συνύψη.
592 2148 653 2208 Καί
668 2165 775 2226 φησιν,
798 2142 934 2226 Ἔχοντες
951 2145 983 2210 όί
998 2144 1032 2212 τό
1049 2143 1120 2210 αύτό
1137 2152 1269 2227 πνεῦμα,
1297 2147 1350 2210 ’ίνα
1364 2147 1438 2232 δείξῃ

286 2245 320 2313 τό
343 2248 374 2312 ίν
397 2253 438 2335 τῷ
454 2247 553 2330 Δαβίό
570 2252 697 2328 λαλῆσαι
714 2253 828 2328 πνεῦμα
845 2244 879 2314 τό
896 2245 968 2312 αύτό
986 2245 1021 2312 όν
1038 2255 1153 2330 πνεῦμα
1170 2249 1220 2312 καὶ
1238 2249 1271 2312 ίυ
1287 2255 1352 2322 τοῖς
1368 2243 1437 2311 όπο·

287 2348 416 2426 στύλοις,
439 2346 491 2429 ἀφ’
504 2340 596 2434 ούττερ
610 2350 677 2414 τότε
692 2351 802 2424 ἐκεῖνος
815 2348 1011 2434 προφητεύων
1024 2352 1185 2417 ἐπίστευεν·
1206 2341 1280 2438 λνᾷ
1297 2348 1437 2430 πνεύματι

287 2454 338 2518 καί
355 2449 440 2518 αύτολ
456 2450 538 2526 ὄντες
554 2449 724 2518 πιστεύουσι
740 2453 790 2516 καί
805 2457 931 2518 λαλοῦσι
977 2451 1077 2534 Πολλὴ
1093 2453 1125 2518 δὲ
1141 2450 1242 2518 όδικία
1256 2453 1308 2518 καλ
1323 2461 1436 2518 πλεονε·

287 2558 349 2633 ξίν,
372 2550 413 2628 οἱς
429 2555 536 2632 ελπεῐν,
561 2552 821 2636 ίδόιανοημύταν.
869 2561 929 2619 Τοῦ
945 2553 1002 2638 γύρ
1018 2552 1185 2621 ύποστόλου
1198 2559 1233 2620 ἓν
1249 2556 1302 2619 καλ
1317 2553 1352 2620 τό
1370 2551 1437 2618 αύτό

287 2661 403 2736 πνεῦμα
421 2653 602 2736 φάσκοντος,
634 2663 698 2731 ποῦς
719 2652 809 2738 ἥτοῦ
825 2659 1011 2740 Μαρκίωνος
1025 2655 1114 2722 α”υοια
1129 2653 1318 2740 όμολσγοῦσα
1333 2663 1437 2724 τοῦτον

287 2755 339 2822 τόν
359 2755 448 2841 λόγον
468 2753 520 2822 τόν
537 2755 623 2841 ῦγιον
641 2755 806 2824 α’πόσιολον
823 2759 971 2842 είρηκίναι
985 2766 1077 2848 τολμᾷ
1091 2760 1184 2844 λίγειν
1199 2756 1267 2824 ι’ίλλο
1285 2756 1363 2826 εἶναι
1377 2757 1438 2826 τότε

287 2857 320 2924 τό
341 2865 473 2942 πνεῦμα,
495 2860 544 2928 καί
568 2857 636 2926 ύλλο
657 2857 690 2926 τό
713 2862 745 2926 ίν
765 2869 828 2936 τοῖς
849 2857 1033 2937 σίποστόλοις.

417 3257 495 3312 ΤΗΣ
518 3255 619 3314 ΠΡΟΣ
641 3255 829 3312 ΡΩΜΑΙΟΥΣ
854 3255 1053 3312 ΤΕΤΔΡΤΗΣ
1078 3257 1310 3312 ΕΠΙΣΤΟΛΗΣ.

376 3374 479 3451 Ούτονς
499 3373 555 3462 γύρ
578 3377 637 3442 ἐστι
659 3375 740 3460 παροί
761 3385 802 3466 τῷ
819 3381 981 3462 Μαρκίωνι
1000 3376 1136 3459 κειμένη,
1164 3378 1214 3440 ἰ’νοι
1236 3375 1332 3458 μηδὲν
1348 3371 1438 3461 όρῦόν
1525 3385 1526 3388 ’

288 3475 356 3564 παρ’
378 3476 458 3566 αύτῷ
483 3481 536 3560 είη.

372 3579 398 3644 α’
415 3582 466 3646 καὶ
479 3579 525 3662 κη’
541 3578 625 3664 Σγύλ.
648 3578 736 3645 Ὅσοι
751 3576 870 3662 όνόμας
884 3579 1030 3666 ἥμαρτον,
1052 3577 1172 3662 όνόμως
1183 3581 1235 3645 καλ
1250 3577 1438 3658 όπολοῦνται,
1525 3601 1526 3630 ι

287 3684 339 3748 καὶ
363 3681 428 3748 ὅσοι
452 3685 530 3748 Πίν
553 3683 633 3772 νόμῳ
654 3682 802 3768 ἥμαρτον,
831 3681 881 3748 διό
902 3682 997 3766 νόμον
1018 3681 1222 3766 κριθήσονται.
1270 3680 1318 3748 Οό
1335 3681 1392 3768 γείρ
1411 3683 1441 3748 οἱ

287 3783 430 3866 όκροαταί
449 3783 543 3868 νόμον
561 3789 671 3852 δίκαιοι
688 3783 768 3870 παρύ
786 3791 828 3873 τῷ
844 3789 923 3874 θεῷ,
952 3782 1010 3850 ἄλλ’
1028 3788 1059 3850 οί
1072 3787 1192 3867 ποιηταλ
1209 3782 1306 3866 νόμον
1322 3788 1438 3852 damn.

288 3886 441 3972 θήσονται

373 3988 398 4057 α’
419 3992 468 4056 καί
485 3989 532 4072 κη’
543 3987 654 4076 Ἔλεγχ.
669 4031 671 4036 -
686 3993 729 4054 Ee
748 3989 812 4056 ὅσοι
834 3987 952 4072 όνόμοις
974 3987 1121 4074 ἥμαρτον,
1154 3987 1272 4072 όνόμοος
1295 3991 1346 4054 καί
1368 3985 1439 4054 ἄπο·

288 4099 420 4173 λοῦνται,
443 4098 586 4178 σωτηρίας
602 4090 620 4160 ό
636 4091 728 4175 νόμος
742 4097 896 4178 παραίτιος
913 4091 1145 4174 φυλαττόμενος,
1174 4093 1226 4156 καλ
1243 4090 1285 4174 μῆ
1299 4094 1359 4158 Hm
1372 4091 1442 4166 τοῦς
1525 4133 1526 4140 1

289 4195 488 4277 φυλάττοντας
504 4191 698 4261 όπόλλυσῦαι.
743 4196 803 4259 Καὶ
821 4197 848 4260 εί
864 4197 895 4260 οί
910 4193 961 4260 διό
976 4193 1072 4276 νόμον
1090 4191 1306 4280 ύμαρτῆσαντες
1324 4193 1375 4260 διό
1391 4193 1440 4259 νό-

289 4323 347 4382 μον
361 4298 570 4386 κριθήσονται,
593 4296 651 4385 ύρα
664 4295 767 4386 κριτῆς
780 4305 840 4363 τῶν
855 4296 1051 4385 παραβάσεων
1064 4293 1082 4363 ύ
1095 4296 1202 4380 νόμος,
1225 4293 1280 4364 ούιι
1295 4295 1442 4373 όποιλείας

323 4451 363 4504 7.6
382 4450 421 4507 διό
436 4469 512 4536 ευριπ
529 4459 600 4507 abest.

322 4520 363 4576 77
379 4514 491 4588 ἀλλήλας
507 4527 561 4576 edu.
576 4528 666 4588 μήτι,
688 4527 751 4588 quod
767 4528 849 4576 υίλλυοι
866 4539 895 4576 ex
911 4527 962 4576 οοιλ.
976 4528 1049 4577 Vane.
1065 4528 1165 4576 ιαπετίί
1180 4525 1298 4576 Pomm
