3100 4984
344 301 479 353 ruuuau
496 303 559 354 uro.
574 303 592 352 r.
611 302 738 354 romu.
755 301 994 356 assamur.
1188 296 1249 360 tos

94 432 185 501 nent,
208 421 265 486 alia
283 417 362 486 blasi
381 419 534 486 tribuendo
552 431 637 500 suot,
662 443 720 486 non
740 422 856 508 quidem
874 435 1018 509 quatenus
1036 425 1142 511 aliquid
1159 447 1176 490 a
1196 427 1250 491 deo

93 526 173 591 illios
189 525 357 589 interventu
372 525 520 588 decretum
538 534 595 604 cst,
611 525 663 588 sed
680 535 823 609 quatenos
837 547 890 611 per
904 547 971 601 sese
983 547 1017 591 ac
1031 539 1133 615 suapte
1146 539 1250 616 sponte

93 628 234 693 nonnulla
257 627 424 706 constituit3
455 626 577 690 aliorum
603 628 727 712 denique
752 629 887 692 seniores
912 628 961 713 qui
985 629 1015 692 in
1037 632 1142 716 populo
1166 644 1251 696 erant

93 740 232 796 auctores
250 731 431 808 extiteruut3
452 751 487 793 ac
502 729 586 814 primi
605 729 645 794 illi
663 730 775 816 privata
790 731 930 814 quaedam
948 743 1103 818 praecepta
1116 733 1249 799 insere'ra

92 843 163 898 sunt
180 832 254 896 ausi.
301 829 388 914 Quod
404 832 644 916 quemadmodum
661 853 728 896 sese
747 833 851 897 babeat
866 855 907 897 ex
921 833 991 919 ipsis
1009 835 1166 899 salvatoris
1183 857 1250 900 ver·

93 938 140 1002 bis
156 935 314 1018 intelliges.
360 931 417 996 llic
433 934 510 997 enirn
527 935 649 1019 quodam
666 936 696 998 in
712 937 777 1000 loco
795 937 829 999 ad
848 956 900 1000 eos
915 937 1005 1002 verba
1022 937 1134 1002 lauicos
1151 938 1199 1023 qui
1214 939 1250 1002 de

90 1037 205 1121 repudii
220 1035 316 1100 libello
332 1055 432 1099 secum
449 1035 647 1121 disputabant,
671 1038 748 1122 quod
765 1039 959 1122 permissione
975 1039 1048 1123 legis
1064 1039 1181 1118 licebat,
1206 1041 1249 1104 sic

91 1142 160 1206 illos
177 1140 321 1204 allocutus
339 1149 401 1203 est:
425 1141 539 1220 Moyses
555 1143 594 1200 od
608 1144 742 1202 duriatum
759 1145 853 1203 cordis
870 1147 960 1203 vestm·
967 1145 1098 1222 permitat
1113 1145 1190 1205 uolat
1205 1147 1401 1210 di-Mstth.tt‚a

92 1249 206 1306 multare
221 1263 326 1304 umores
343 1253 462 1304 uestros.
499 1242 548 1304 At
564 1247 645 1304 analio
661 1254 753 1305 autem
769 1265 825 1305 non
833 1247 900 1326 sbi!
911 1248 963 1305 εἰσ.
1006 1249 1082 1306 Beus
1096 1249 1179 1321 enain,
1205 1246 1250 1308 in·

92 1345 174 1432 quit,
198 1349 360 1426 contiaga‘um
377 1348 430 1408 boc
445 1348 603 1426 copulavit,
627 1357 656 1406 et
670 1351 746 1427 quod
759 1350 827 1408 deus
843 1350 993 1408 eorra'uom't
1006 1349 1086 1408 bomo
1101 1369 1156 1409 non
1170 1369 1250 1428 repo-

90 1462 147 1512 rat.
194 1445 251 1514 Ubi
267 1450 353 1511 oliam
368 1467 435 1510 esse
450 1446 495 1510 dai
512 1447 607 1531 legero
625 1449 769 1527 ostendit,
794 1468 868 1532 quae
884 1468 1007 1513 uxorem
1022 1468 1040 1510 a
1054 1449 1119 1512 viro
1135 1449 1250 1534 saituogi

92 1552 260 1639 probibeat,
293 1550 378 1614 aliam
396 1547 510 1626 Musis,
541 1549 589 1634 qui
609 1549 646 1612 ob
665 1550 800 1614 duritiem
823 1551 920 1614 cordis
940 1570 993 1634 par
1010 1551 1079 1615 illud
1096 1551 1249 1616 dissociari

90 1655 252 1742 permittat.
299 1649 332 1716 ln
355 1674 411 1737 quo
429 1649 533 1715 Moses
552 1652 686 1736 quiddam
705 1652 761 1716 deo
779 1651 958 1717 contrariom
978 1652 1058 1732 tulit,
1088 1654 1115 1718 ei
1136 1655 1250 1719 scilicet

91 1756 221 1822 cautioni
240 1777 296 1840 qua
313 1753 435 1819 dissolvi
450 1753 633 1818 matrimonia
652 1766 796 1819 vetuerat.
843 1753 903 1820 Sed
922 1757 947 1820 si
965 1755 1142 1840 legislatoris
1158 1758 1248 1842 ipsios

90 1871 240 1939 mentem,
271 1879 327 1944 qua
344 1859 379 1920 ad
396 1856 466 1921 illod
484 1858 698 1922 decernendum
715 1849 851 1922 indoetds
867 1868 930 1936 est,
962 1869 1099 1923 accurate
1115 1861 1250 1924 couside-

91 1982 211 2040 remus,
235 1960 419 2024 inveniemus
436 1959 641 2046 proculdubio
659 1981 716 2024 tlon
733 1960 760 2023 id
779 1981 844 2024 euro
861 1972 965 2046 sponte
981 1981 1051 2041 sua,
1076 1963 1127 2026 sed
1145 1983 1250 2026 neees-

89 2065 179 2129 sitate
200 2062 324 2142 iecisse,
355 2084 413 2146 quo
429 2083 529 2126 eorum
548 2062 653 2147 quibus
671 2063 890 2148 praescribebat
908 2063 1096 2128 imbecillitati
1113 2063 1250 2128 cousule-

91 2178 150 2232 ret·
197 2162 343 2249 Quicum
366 2165 495 2229 divinum
518 2164 585 2228 illud
609 2167 758 2230 decretum
781 2167 817 2229 de
839 2166 1000 2231 retinendis
1022 2167 1164 2231 uxoribus
1186 2167 1249 2231 suis

90 2271 222 2335 tolerare
235 2289 293 2330 non
309 2280 441 2353 possent,
459 2289 494 2331 ac
508 2267 630 2332 moleste
646 2268 760 2354 quidam
776 2289 876 2332 earum
890 2269 1039 2332 consortia
1053 2270 1246 2349 sustinerent,

90 2373 252 2460 periculum
276 2381 306 2434 ut
329 2382 426 2449 esset,
459 2391 495 2434 ne
518 2391 554 2433 ea
576 2390 608 2433 se
632 2371 786 2435 occasione
808 2371 993 2456 gravioribus
1016 2373 1176 2436 sceleribus
1197 2373 1249 2436 ob-

91 2477 291 2558 stringerent,
322 2473 426 2558 qoibus
443 2483 606 2536 extremam
628 2474 657 2537 in
675 2474 833 2558 perniciem
851 2485 987 2554 ruerent,
1017 2487 1049 2538 ut
1065 2475 1120 2538 boc
1136 2475 1248 2539 incom-

91 2579 209 2642 modum
228 2574 373 2640 devitaret
389 2572 531 2659 Moyses,
556 2577 631 2660 qood
654 2576 689 2640 ad
708 2575 821 2639 illorum
840 2577 988 2641 interitum
1008 2579 1176 2662 spectabat,
1200 2599 1248 2642 se·

90 2679 217 2746 condam
232 2677 373 2763 quandam
392 2677 505 2765 repudii
520 2679 614 2762 legem
633 2678 745 2764 privata
764 2678 939 2744 auctoritate
953 2680 1115 2760 constituit,
1139 2682 1249 2747 miuus·

90 2805 148 2870 que
173 2803 212 2847 ex
236 2801 271 2845 ea
293 2781 450 2846 occasione
473 2781 578 2845 malum
597 2803 662 2845 cum
681 2782 790 2846 maiore
808 2783 1025 2868 compensavit;
1060 2795 1092 2847 ut
1108 2781 1133 2847 si
1151 2785 1248 2850 minus

91 2887 221 2974 priorem
242 2883 321 2946 illam
341 2903 462 2948 servare
480 2884 609 2968 possint,
643 2884 717 2948 barac
736 2885 839 2949 sallem
859 2887 1020 2966 retineant,
1055 2907 1148 2971 neque
1166 2908 1198 2951 se
1217 2887 1247 2950 iu

91 2987 201 3073 flagitia
219 2985 389 3070 sceleraque
408 2987 606 3065 cornmittant,
632 3008 683 3070 per
703 3009 777 3072 quae
796 2989 925 3052 ultimum
945 2989 1068 3053 exitium
1087 3011 1248 3074 consequa·

91 3104 150 3156 tur.
192 3085 276 3152 llaec
290 3087 368 3152 illios
382 3089 458 3152 ratio
473 3089 526 3152 luit
541 3099 758 3176 propterquam
775 3092 952 3156 eontrarium
970 3092 1102 3176 quiddam
1119 3093 1173 3154 deo
1188 3102 1248 3154 sta-

89 3193 185 3257 tuisse
202 3191 344 3254 ccrnitor.
390 3187 475 3254 Esiim
492 3212 564 3257 vero
582 3194 728 3256 diversam
744 3195 790 3257 bic
804 3216 821 3257 a
836 3195 932 3257 divina
951 3192 1067 3279 Moysis
1083 3194 1176 3276 legem
1194 3213 1246 3256 ex·

90 3297 206 3374 titisse,
237 3307 321 3358 entra
341 3314 454 3357 omnem
475 3295 708 3359 controversiam
727 3307 788 3378 est3
823 3295 878 3360 etsi
897 3297 924 3360 id
943 3296 972 3358 in
991 3317 1051 3359 uno
1067 3305 1176 3359 motum
1197 3294 1246 3358 de·

89 3411 175 3464 creto
193 3398 344 3482 probatum
364 3396 415 3460 sit.
460 3395 563 3461 Eidem
585 3420 657 3462 vero
680 3399 737 3482 legi
757 3400 878 3462 traditas
900 3421 917 3462 a
936 3397 1102 3462 senioribus
1120 3397 1246 3481 illigatas

90 3523 158 3568 esse
177 3501 295 3585 regulas
312 3522 369 3564 non
390 3499 514 3563 obseura
531 3501 662 3565 salvator
681 3500 819 3565 ostendit.
864 3506 940 3562 deas
958 3505 1045 3575 enain,
1070 3497 1179 3582 inquit,
1203 3503 1397 3572 damnantes.

89 3611 152 3680 ait,
185 3609 302 3666 Honora
319 3615 430 3684 potreaa
453 3615 548 3677 tutam,
580 3616 608 3664 et
629 3616 744 3667 matrem
768 3616 858 3678 mom,
893 3615 926 3664 ut
944 3605 1011 3664 ton
1029 3609 1067 3663 sit
1086 3603 1146 3663 tibi.
1192 3573 1278 3662 Voset
1291 3567 1398 3664 Mitiss’

89 3721 183 3771 cutem
201 3710 332 3780 debeatis,
357 3705 491 3768 seniores
511 3705 605 3789 inquit
622 3705 790 3790 alloquens,
815 3711 920 3769 Munus
938 3708 988 3767 deo
1005 3708 1194 3786 quodcumque
1210 3727 1247 3766 ea

91 3835 133 3874 me
150 3813 206 3874 tibi
214 3812 363 3892 proderit,·
388 3819 416 3867 et
429 3813 540 3870 airitom
548 3810 664 3891 sectilia
680 3813 768 3890 legem
784 3814 832 3872 dei
838 3819 958 3891 propter
974 3812 1138 3872 traditiones
1154 3812 1245 3870 senio·

124 3997 148 4050 7.
166 4001 203 4050 lto
215 3999 654 4048 edtddl’etoutusdeooetorltatecod.
686 4015 751 4058 τινες
768 4005 818 4049 cett.
853 4000 980 4049 conamus
998 4001 1081 4049 volit:
1106 4013 1168 4065 quae
1191 4012 1246 4047 cum

92 4069 166 4119 roam
204 4068 332 4116 comorius
348 4067 454 4116 ediderat
472 4063 578 4126 δείκνυς.
686 4059 746 4134 ipsis
764 4065 895 4116 iniucunda
912 4065 1064 4116 babitabant.

122 4137 148 4188 a.
166 4129 218 4187 ἀπὸ
230 4126 322 4218 ἀνδρὸς
335 4135 403 4184 codd.
415 4137 487 4184 lutto.
502 4137 576 4184 l'enet.
599 4137 654 4184 Vol·
724 4135 761 4186 tl.
779 4135 835 4185 cod.
846 4135 921 4185 leuet.
931 4135 1023 4203 μωσῆς
1032 4129 1065 4189 δι’
1075 4125 1105 4188 mi
1115 4130 1158 4186 καὶ
1168 4127 1244 4187 circil-

91 4219 121 4268 ρο
138 4197 191 4256 snt
209 4201 255 4254 τοῦ
272 4197 370 4268 ανδρός.
688 4203 783 4255 tectas.

122 4270 148 4324 9.
165 4265 293 4334 ποιήσας,
319 4271 381 4332 quod
397 4272 544 4320 moecatur
561 4273 586 4320 tn
601 4271 655 4321 edit.
723 4271 762 4322 1¹2.
782 4273 838 4322 cod.
858 4273 932 4323 Vmet.
949 4269 1092 4339 φυλάσσειν.

87 4343 184 4405 partae,
211 4340 322 4390 Petoutoa
337 4342 442 4400 mum
458 4340 544 4389 adiecit
560 4353 590 4390 aa
603 4341 655 4390 cod.
724 4336 762 4390 13.
782 4341 838 4390 Cod.
854 4341 929 4390 Vmet
946 4355 991 4390 om.
1010 4335 1135 4404 εῑρτὶιιαιτεἸ

92 4413 166 4460 l'cttc
725 4403 764 4459 tt.
781 4408 838 4458 Cod.
856 4409 929 4458 Venet.
945 4404 1090 4475 succiduum
1107 4403 1178 4473 duda
1194 4410 1244 4463 rtis

126 4475 165 4527 to.
183 4469 225 4534 ule
241 4475 372 4526 mentum
385 4479 418 4525 eat
430 4477 536 4537 Petoutt,
552 4489 655 4540 quomo
687 4473 869 4544 πρεσβυτέρων.

90 4546 205 4596 wenta
217 4548 335 4607 receptum
348 4545 424 4596 uideo.
459 4546 533 4609 Vulgo
549 4549 611 4596 catat
628 4541 658 4597 αἵ
