3072 4986
359 289 501 346 PANARH
519 295 595 348 ΑΝ.
612 294 783 346 HABRESES
801 293 863 346 tto.
881 296 899 344 1.
918 295 989 346 Tem.
1008 295 1027 344 i.
1230 283 1270 344 55

109 432 188 496 quae
211 413 241 476 in
265 413 324 478 atio
342 415 408 478 iseo
428 414 531 480 eodem
548 413 586 477 eb
600 414 734 498 epestoto
753 410 905 478 diruatur:
939 414 1056 478 Debitor
1072 433 1134 474 som
1153 383 1269 479 crasse
1281 406 1345 462 mat
1360 415 1420 470 en.

1 511 2 534 ¹
109 527 139 576 et
156 516 312 589 haberes,
336 518 511 598 sapientibus
530 527 561 578 et
575 517 780 595 &emersum
827 511 868 580 Ut
887 526 917 578 et
934 511 1058 580 iudaeos
1074 513 1222 597 sapientes
1241 525 1270 582 bt

3 690 4 703 χ
109 616 291 701 insipientes
308 639 375 682 esse
389 615 517 703 Seytbas
531 618 712 682 ostenderet.
759 612 873 698 Quibru
889 615 1035 694 omnibus,
1057 616 1109 696 ait,
1132 636 1189 700 ego
1205 637 1270 683 sum

109 718 244 782 debitor.
292 717 384 803 igitur
404 720 439 784 ab
463 719 514 782 itio
534 719 672 803 deineeps
689 727 820 802 tempore
844 718 875 782 in
892 715 1092 786 israelitarum
1109 739 1204 802 genus
1223 715 1270 784 du·

110 819 258 882 daeorom
279 843 385 887 immeo
410 821 466 884 iam
489 831 549 886 tum
570 841 588 884 a
607 817 720 884 Davide
739 821 917 886 amaturum
939 829 1001 896 est,
1034 829 1063 882 et
1080 829 1203 904 utroque
1220 841 1270 884 oo·

108 933 278 1006 grumento
298 934 356 986 tam
373 921 572 989 israeiitarnm
588 941 674 1006 quam
691 918 864 986 ludaeorum
883 921 977 986 omnis
994 921 1042 986 ide
1058 941 1131 1004 geos
1148 943 1184 984 eo
1200 922 1270 986 iosi-

108 1023 195 1106 gaita
215 1034 355 1108 perpetro
371 1035 434 1101 est,
457 1046 476 1090 a
493 1022 631 1101 Doridis,
655 1023 784 1106 inquam,
809 1024 930 1107 eiusque
946 1022 995 1086 etit
1012 1019 1179 1088 Salomonis
1198 1035 1270 1088 tem·

109 1126 237 1208 poribus
259 1137 291 1190 et
308 1125 393 1190 buius
410 1125 530 1210 insuper
546 1124 596 1190 titii
612 1124 776 1202 Roboumi,
809 1127 858 1210 qui
876 1135 943 1209 poet
958 1121 1146 1190 Salomonem
1164 1123 1270 1190 Hiere-

108 1227 240 1311 sotymis
256 1229 402 1310 regnavit.
449 1225 559 1290 Veram
576 1247 614 1290 ne
628 1228 748 1290 omnino
766 1247 839 1312 quae
856 1227 891 1290 ad
909 1225 1082 1292 ludaeorum
1097 1225 1269 1309 religionem

107 1329 241 1392 attineat
256 1331 497 1413 praetermittam,
517 1328 651 1412 nudaque
666 1348 706 1392 ex
722 1339 805 1412 parte
819 1330 934 1394 illorum
949 1327 1101 1414 opiniones
1117 1327 1268 1411 attingam,

108 1451 206 1514 paura
231 1431 268 1494 de
292 1431 389 1496 moitis
411 1431 597 1516 eompleetar.
642 1428 749 1514 Neque
767 1429 845 1496 enim
866 1433 999 1515 eoiquam
1018 1432 1079 1496 iere
1099 1426 1270 1498 ludaeorum

107 1532 279 1615 religiones
294 1533 412 1614 ignotae
425 1543 504 1596 suot.
549 1530 678 1615 ideoque
693 1532 722 1596 in
738 1551 775 1596 eo
791 1543 962 1616 argumento
978 1533 1129 1598 traotando
1146 1553 1205 1600 uon
1219 1532 1271 1598 ed·

109 1636 233 1696 modom
257 1634 405 1718 exquisite
428 1633 626 1712 versabimur,
659 1635 712 1698 sed
734 1634 866 1700 emuttis
884 1655 976 1720 panea
993 1633 1165 1712 libabimus,
1196 1653 1270 1719 quet

108 1737 291 1800 neeessario
313 1737 534 1822 perstringenda
557 1737 704 1803 ridentur.

199 1939 307 2023 itaque
325 1937 424 2004 ludaei
442 1941 490 2022 qui
505 1940 541 2004 ab
560 1939 707 2004 Abraamo
723 1949 781 2007 tam
799 1942 916 2023 generis
934 1963 1020 2024 qoam
1037 1940 1188 2024 religionis
1204 1963 1270 2007 auo·
1289 1955 1348 2026 cip.
1363 1957 1403 2006 ut.

108 2043 285 2106 cessionem
312 2052 506 2125 aeceperunt,
537 2041 697 2106 abeodem
724 2042 954 2108 oiroumeisiooia
980 2043 1065 2108 ritum
1089 2044 1167 2108 moti
1190 2055 1270 2129 suot,

107 2167 198 2228 quam
225 2144 277 2208 itte
298 2143 536 2208 undecentesimo
557 2143 662 2208 aetatis
682 2165 760 2210 enoo
780 2143 919 2208 divinitus
938 2144 1078 2210 adbibere
1093 2145 1191 2210 iussus
1213 2157 1270 2222 eat,

107 2247 149 2308 aa
170 2267 242 2310 eam
265 2265 398 2308 eanssam
422 2267 507 2328 quom
529 2257 617 2308 antea
634 2247 855 2330 proposuimus,
886 2267 924 2310 ne
943 2246 1058 2310 soilioet
1078 2247 1142 2310 eins
1162 2249 1271 2331 posteri

108 2351 138 2410 in
161 2349 265 2412 atiena
290 2347 411 2428 regione
434 2360 649 2412 commoventes
671 2349 717 2410 dei
741 2369 846 2410 nomen
869 2349 905 2410 ab
927 2367 995 2412 sese
1017 2348 1191 2426 reiicerent,
1214 2350 1273 2412 imo

108 2450 191 2512 reiut
215 2451 348 2510 inustum
368 2449 510 2530 quoddam
532 2450 648 2532 signum
667 2450 783 2534 corpori
805 2470 860 2512 sno
878 2450 1117 2526 eireomierrent,
1148 2470 1206 2533 quo
1227 2451 1271 2514 vei

109 2550 337 2616 eommonetieri
360 2551 407 2612 vei
430 2551 565 2634 redargui
589 2561 726 2635 possent,
759 2551 786 2616 ei
810 2552 877 2636 qnid
899 2552 1102 2630 admitterent,
1132 2563 1274 2634 atquem

109 2655 236 2716 annino
269 2663 391 2735 paterna
410 2652 452 2718 'in
483 2651 625 2736 religione
655 2651 846 2737 irndtoroqns
876 2653 1079 2738 persisterent.
1133 2653 1271 2718 Abrtami

109 2755 220 2818 deinde
245 2754 322 2818 tilios
344 2751 464 2818 lsaaens
485 2763 591 2818 oetaeo
613 2775 698 2837 quam
723 2765 809 2818 natus
834 2765 900 2820 erat
926 2756 972 2820 die
1000 2775 1041 2820 ex
1068 2754 1115 2818 dei
1137 2756 1272 2822 mandato

110 2856 310 2921 &rummiens
332 2867 387 2918 est.
432 2853 498 2920 Neo
518 2855 634 2921 dubium
654 2866 702 2920 est
719 2856 786 2939 quin
806 2867 865 2920 tum
884 2857 982 2922 divum
1000 2868 1155 2941 praerepto
1171 2858 1211 2922 ait
1229 2859 1272 2922 io·

110 2961 216 3022 stitota
241 2957 438 3034 eireumeisio,
461 2979 515 3021 neo
530 2957 616 3022 atiter
633 2969 730 3022 tameo
746 2978 831 3042 quaro
849 2959 884 3022 ad
903 2961 1063 3024 futurarum
1080 2979 1178 3024 rernm
1195 2959 1273 3024 reri·

113 3073 204 3124 utem
223 3060 310 3122 vetut
325 3059 452 3142 imagine
468 3061 588 3142 quadam
605 3060 848 3140 adumbraodam3
879 3059 907 3124 it
925 3061 999 3143 qnod
1018 3044 1119 3146 postea
1137 3081 1192 3126 eno
1207 3059 1272 3128 tom

115 3161 380 3226 tenmnstrabitur.
420 3159 618 3244 Quamobrem
633 3162 797 3226 eircumoisi
812 3161 949 3246 deinceps
964 3162 1105 3227 Abraemi
1119 3181 1272 3229 suceesso-

115 3286 164 3329 rea
182 3283 289 3328 omnes
308 3284 343 3326 ao
358 3265 467 3347 posteri
484 3265 618 3342 inerunt,
650 3283 740 3350 penes
756 3285 830 3347 quos
845 3265 961 3328 sineere
976 3264 1080 3348 rodigio
1096 3284 1132 3326 ae
1149 3262 1195 3328 dei
1211 3260 1272 3327 oui-

115 3378 163 3430 trs
185 3365 313 3430 resedit.
352 3361 447 3448 quue
469 3387 533 3430 oum
556 3366 593 3429 ab
613 3366 760 3430 Abraamo
782 3376 935 3450 eoeptdm,
965 3376 1025 3430 tum
1047 3364 1212 3448 singittnim
1236 3361 1272 3426 eb

117 3465 241 3545 duero,
274 3465 400 3545 laeobo,
432 3467 573 3551 huiusque
589 3467 707 3545 liberis,
737 3469 766 3532 io
786 3463 984 3546 Chaereaea,
1007 3465 1115 3532 ledaea
1130 3486 1166 3530 ae
1181 3461 1272 3531 Poid-

117 3581 200 3632 staea
214 3571 376 3653 qnondam,
400 3589 477 3632 norm
490 3567 656 3634 Palaestina
673 3570 761 3648 dieta,
780 3569 901 3654 regione
917 3578 1106 3656 propagatum
1120 3577 1177 3633 est.
1211 3563 1272 3632 Sed

118 3684 146 3734 rt
166 3672 199 3736 im
216 3673 358 3755 Aegypto
382 3693 439 3735 oon
458 3671 554 3734 minus
573 3682 791 3756 perseveratum
812 3682 868 3736 est.
913 3669 959 3736 Eo
974 3669 1116 3753 siquidem
1133 3667 1268 3750 derebus,
1283 3697 1339 3741 aas.
1354 3699 1384 3742 rs,

120 3773 165 3856 qui
182 3785 213 3836 et
228 3771 352 3836 Israelis
366 3794 528 3857 cognomen
544 3773 655 3852 babuit,
679 3795 736 3840 une
751 3795 815 3838 oum
830 3771 876 3838 xt
889 3773 959 3836 tiliis
971 3771 1120 3856 proiectos
1136 3782 1182 3836 est
1194 3791 1271 3836 anuo

115 3877 225 3940 aetatis
242 3871 379 3938 CXXX.
422 3871 501 3938 Nam
517 3873 659 3960 Iosephus
675 3896 751 3944 unns
766 3896 783 3940 e
799 3875 956 3939 liberorum
968 3873 1047 3938 illins
1062 3894 1184 3938 numero
1199 3871 1272 3940 ian·

118 3979 225 4040 dedum
245 3977 276 4040 in
294 3977 429 4061 Aegypto
448 3977 600 4062 imperium
616 3976 852 4053 administrabat,
882 3975 1108 4044 marmoribus
1125 3996 1178 4060 per
1197 3974 1272 4040 invi·

113 4079 199 4142 ism
214 4079 383 4142 distraetus.
416 4076 476 4142 Sed
494 4078 591 4141 divino
610 4079 802 4164 providentia,
821 4097 894 4160 qnae
910 4078 1095 4142 sanctissimo
1110 4079 1175 4142 viro
1188 4095 1271 4162 prae-

107 4193 168 4246 sto
181 4182 288 4244 aderat
301 4180 422 4263 eiusque
437 4180 595 4244 commodis
611 4181 738 4256 devehat,
763 4189 947 4263 comparatas
959 4183 1102 4244 adversus
1117 4179 1269 4262 iesepdrnm

106 4281 239 4348 inedias
258 4281 455 4345 admirabilem
473 4282 502 4344 io
522 4281 690 4344 ieiieitotem
705 4280 861 4344 convertit.
906 4282 1022 4364 Atque,
1046 4291 1077 4343 nt
1092 4280 1188 4341 dicere
1204 4297 1272 4340 eoe-

107 4405 236 4468 prram,
261 4382 387 4448 lambos
403 4385 525 4468 eiusque
541 4384 625 4448 liberi
641 4405 705 4448 enm
722 4383 863 4447 uxoribus
879 4405 913 4446 oe
929 4382 1082 4468 nepotibus
1097 4381 1134 4444 ad
1150 4375 1271 4442 LXXV

103 4487 213 4570 opta
228 4490 261 4552 in
279 4489 448 4572 Aegyptum
466 4486 645 4570 migrarunt,
670 4495 700 4550 ut
715 4484 743 4549 io
763 4485 855 4571 primo
871 4483 1061 4550 Pentatenohi
1077 4479 1200 4545 Mosairi
1219 4485 1272 4544 do-
