3112 4984
258 327 320 389 206
679 335 800 387 οινοτι
817 335 986 386 τνινιικυιι

259 457 293 520 ἐκ
308 461 360 536 τῆς
376 449 469 534 αῦτῆς
484 457 648 535 περιφοραῖς
663 453 733 530 είσι,
754 453 805 516 καί
822 448 933 534 ὁμοίως
947 449 1022 516 κατὰ
1036 447 1091 532 τὴν
1105 456 1160 515 τοῦ
1172 447 1270 532 Ἰησοῦ
1286 448 1406 520 πύκταν

257 552 479 640 καταφρόνησιν
505 552 714 635 ποιησάμεναι·
743 553 793 618 καί
818 555 852 616 αί
874 559 982 632 πᾶσαι,
1010 551 1100 634 φασί,
1125 554 1220 636 ψυχαί
1240 560 1294 634 τῆς
1313 550 1406 637 αύτῆς

258 656 411 740 δυνάμεως
425 653 598 748 ἠξιώθησαν
614 645 651 737 ἧς
665 655 715 718 καί
731 661 785 719 τοῦ
798 651 900 737 Ἰησοῦ
915 651 1044 736 ἠξίωται.
1085 651 1142 718 Διό
1157 655 1209 719 καί
1226 653 1318 719 τοῦτό
1330 676 1406 736 φασι

257 767 361 842 χωρεῖν
379 755 429 822 διοί
449 755 547 839 πόσης
567 753 714 840 πρύξεοος,
734 753 874 838 καθάπερ
896 752 994 838 ῦμέλει
1011 757 1063 820 καί
1083 753 1171 837 ἦτοῦ
1188 753 1289 839 Ἰησοῦ
1313 755 1405 840 διελή-

136 898 188 942 μς.
201 885 247 929 ιοι.
259 868 361 926 λυθευ.
403 862 446 922 El
461 859 493 923 δὲ
508 861 559 923 καί
574 883 618 932 τις
633 856 722 921 πόλιν
739 861 884 940 δυνηθείη
906 854 981 942 ῦπέρ
1005 857 1056 923 τόν
1078 855 1198 939 Ἰησοῦν
1219 865 1406 943 καταφρονῆ-

256 985 322 1041 σαι,
345 958 564 1045 διαφορότερος
584 961 664 1022 ἐσται
684 955 787 1022 αύτοῦ.

122 1073 190 1142 Κεφ.
207 1071 240 1142 γ’.
339 1059 532 1146 Ἐπιχειροῦσι
550 1061 582 1126 δὲ
600 1064 632 1126 οῖ
646 1067 699 1144 τῆς
719 1057 865 1141 οῖθεμίτου
879 1058 988 1142 ταύτης
1008 1067 1111 1143 σχολῆς
1132 1065 1274 1137 παντοίας
1292 1065 1402 1146 ,ἐπιγεν

255 1163 355 1249 ρησεις
374 1169 481 1230 δεινοῖν
498 1165 593 1247 ἐργων
611 1163 663 1228 καί
679 1160 841 1246 ύλετηρίυν.
889 1167 1032 1246 ΙΜαγεία
1053 1161 1108 1247 γύρ
1130 1159 1198 1246 παρ’
1219 1159 1321 1240 αύτοῖς
1342 1167 1403 1230 ἐπι·

254 1265 406 1348 νενόηται,
426 1263 543 1353 ἐπῳδοῖς
561 1289 591 1328 τε
607 1262 773 1348 διαφόρους
792 1260 868 1350 πρός
884 1271 984 1328 πᾶσαν
1000 1261 1131 1346 μηχανην
1146 1263 1314 1350 ἐφηύραντο
1327 1265 1404 1352 πρός
1430 1289 1434 1296 ’

255 1373 363 1452 φίλτρα
378 1368 429 1432 καί
446 1364 612 1452 2οῖγεόγιμα.
658 1363 704 1429 Οῦ
720 1363 779 1448 μὴν
795 1366 828 1430 δὲ
845 1363 915 1429 οῖλλεῖ
931 1367 982 1429 καί
998 1367 1166 1451 παρέδρους
1181 1369 1323 1449 δαίμονας
1335 1369 1402 1432 ἐοιν-

255 1479 318 1544 τοῖς
343 1471 538 1546 ἐπισπῶνται,
567 1471 608 1542 είς
632 1465 664 1532 τό
688 1465 739 1531 διύ
762 1474 871 1548 πολλῆς
895 1471 1070 1551 μαγγανείας
1093 1469 1125 1532 ἐν
1151 1470 1268 1555 ἐξουσίᾳ
1293 1468 1402 1559 μεγάλη

254 1569 390 1648 πάντων,
415 1571 529 1650 8φασὶ,
550 1569 698 1654 κυριεύειν
715 1561 757 1633 ὧν
772 1593 804 1632 τε
818 1567 855 1633 οῖν
870 1571 969 1634 ἐθέλοι
985 1570 1107 1644 ἕκαστος
1122 1571 1172 1634 καί
1190 1562 1209 1660 ᾖ
1222 1568 1325 1655 πράξει
1338 1573 1400 1636 ἐπι-

253 1680 359 1756 χειρεῖν
369 1669 518 1752 τολμήσειε
532 1674 626 1754 δι’γθεν
639 1668 762 1745 ἑαυτούς
775 1673 974 1746 ἐξαπατῶντες
986 1667 1062 1754 πρός
1073 1674 1277 1758 πληροφορίαν
1289 1679 1344 1754 τῆς
1355 1697 1400 1738 τε·

211 1767 216 1781 ’
254 1774 447 1854 τυφλωμένης
462 1769 560 1837 αῦτοῖν
578 1775 724 1850 διανοίας,
746 1771 792 1837 ὅτι
809 1775 989 1838 αἱτοιαῦται
1005 1771 1400 1857 ἐγχειρήσειςκοιτισηῦσασαι

253 1872 303 1940 διοῖ
329 1881 389 1939 τοῖν
415 1872 563 1940 τοσούτων
588 1873 738 1958 πράξειαν,
765 1875 816 1939 καί
844 1872 1105 1960 καταφρονήσασαι
1128 1881 1187 1938 τοῖν
1211 1883 1401 1958 κοσμοποιεῖν

251 1975 409 2062 Ἆγγέλυν,
430 1977 481 2040 καί
498 1983 558 2040 ταῖν
574 1979 605 2042 ἐν
619 1983 659 2065 τρῖ
676 1975 777 2065 κόσμῳ
794 1973 1009 2061 ῦπερβαίνουσι
1028 1974 1081 2058 τήν
1103 1982 1163 2040 τοῖν
1183 1973 1281 2042 αύτοῖν
1302 1988 1400 2059 μυθο-

253 2086 348 2146 ποιοῖν
368 2076 417 2160 (ού
438 2077 494 2164 γοῖρ
518 2075 556 2142 ῦν
576 2083 690 2159 είποιμι
711 2085 910 2159 κοσμοποιοῖν)
932 2079 1080 2155 ἐξουσίαν,
1102 2075 1187 2154 ὅπως
1203 2076 1241 2142 δν
1260 2076 1315 2161 τήν
1336 2077 1398 2146 ἄνα

253 2183 423 2265 ἐλευθερίαν
440 2177 644 2258 α’σπύσοινται,
666 2176 782 2262 κοίτην
797 2177 859 2243 ύνιο
874 2185 981 2260 πτῆσιν
997 2178 1186 2262 *κτήσαιντο
1230 2182 1302 2246 Είσῖ
1316 2181 1348 2246 δέ
1365 2183 1399 2246 ἐκ

251 2289 305 2348 τοῦ
320 2289 440 2346 Σατανᾶ
456 2282 721 2367 παρεσκευασμένοι
739 2283 790 2344 καί
806 2282 1037 2364 προβεβλημένοι
1057 2284 1098 2356 είς
1112 2280 1228 2358 ὄνειδος
1246 2284 1297 2346 καί
1312 2279 1399 2346 σκύν-

251 2388 340 2449 δαῖον
359 2391 411 2466 τῆς
428 2391 482 2449 τοῦ
498 2391 574 2449 θεοῦ
597 2386 756 2465 ἐκκλησίας.
796 2379 955 2447 Ἐπέθευτο
973 2380 1029 2468 γύρ
1050 2383 1166 2459 ἑαυτοῖς
1185 2385 1305 2466 ἐπίκλην
1323 2389 1398 2468 Χρι-

247 2487 379 2562 στιανοὶ,
402 2483 479 2572 πρός
499 2485 532 2552 τό
555 2489 794 2564 σκανδαλίζεοθαι
810 2482 846 2548 τύ
867 2485 943 2566 ἐθνη
967 2481 1005 2549 δι’
1023 2482 1122 2550 αύττῖν
1141 2487 1192 2550 καὶ
1215 2482 1396 2571 ἀποστρέφε-

248 2596 323 2650 σθαι
342 2584 394 2668 τῆν
409 2594 462 2668 τῆς
479 2584 563 2672 ύγίας
581 2594 635 2652 τοῦ
652 2595 729 2653 θεοῦ
744 2590 896 2668 ἐκκλησίας
910 2583 1054 2666 ω’φέλειαν
1067 2588 1118 2651 καί
1133 2585 1167 2652 τῦ
1183 2584 1328 2668 ύληθινδν
1342 2586 1397 2670 κη-

249 2713 347 2773 ρυγμα
368 2685 419 2752 διοῖ
443 2695 495 2769 τῆς
518 2691 637 2753 ἐκείνων
661 2686 890 2774 ύθεμιτουργίας
911 2689 962 2752 καί
985 2685 1158 2752 ύνεικοῖστου
1180 2693 1395 2773 κακοπραγίας,

249 2792 291 2864 είς
305 2787 339 2854 τό
356 2786 392 2856 τῦ
411 2791 486 2870 ίθνη
504 2797 704 2855 κατανοοῦντα
719 2787 817 2854 αῦτοῖν
834 2789 870 2854 τύ
890 2789 1033 2872 ἐπάλληλα
1052 2792 1124 2875 ἐργα
1142 2796 1201 2856 τοῖν
1217 2787 1396 2876 οίθεμιτουρ-

249 2898 338 2977 γτοῖν,
360 2894 519 2972 νομίσαντα
535 2893 585 2956 καί
601 2891 670 2966 τούς
684 2897 739 2974 τῆς
751 2889 835 2977 οῖγίας
851 2899 905 2958 τοῦ
923 2900 998 2957 θεοῦ
1015 2893 1168 2973 ἐκκλησίας
1182 2891 1337 2967 τοιούτους
1352 2889 1393 2956 εῖ-

246 3020 311 3072 ναι,
334 2990 545 3076 ύποστρέφειν,
573 2989 615 3068 οῖς
637 2995 686 3058 καί
703 3002 863 3078 προεῖπον,
891 2993 946 3077 την
967 2991 1060 3077 ἀκοὴν
1075 2991 1143 3084 Ιοῖπύ
1168 2999 1222 3076 τῆς
1242 3001 1295 3059 τοῦ
1315 3001 1395 3058 θεοῦ

246 3093 322 3161 κκτδ
346 3092 487 3177 α’λήθειαν
510 3098 711 3175 διδασκαλίας,
739 3093 761 3178 ἢ
783 3097 835 3161 καὶ
861 3093 992 3180 ύροῖντύς
1014 3121 1095 3172 τινας
1118 3094 1259 3170 ῡπιῖντας
1282 3092 1394 3177 δμοίως

246 3205 437 3284 βλασφημεῖν.
482 3198 543 3261 Καὶ
560 3194 667 3262 τούτου
686 3199 772 3263 ἕνεκα
794 3201 825 3262 οί
845 3201 963 3273 πλείους
984 3204 1044 3262 τοῖν
1066 3201 1165 3263 ἐθνοῖν
1183 3196 1287 3262 ὓύπον
1307 3194 1332 3282 γ’
1353 3195 1395 3262 ῦν

245 3303 332 3364 ἴδωσι
353 3297 519 3380 τοιούτους,
549 3296 616 3364 ούτε
638 3299 686 3364 ἐπὶ
706 3305 847 3387 κοινωνία
871 3297 943 3382 ἡμῖν
962 3301 1179 3383 προςφέρουται
1199 3301 1393 3382 ληψοδοσίας,

243 3399 415 3486 ἢγνοῖμης,
437 3398 566 3482 ἢύκοῖγς
582 3399 670 3486 λόγου
687 3406 790 3480 θείου,
812 3399 878 3466 οὔτε
898 3399 952 3482 τὴν
968 3399 1062 3484 οῖκοιὶν
1083 3402 1263 3482 ἐντιθίασιν,
1285 3403 1393 3486 ἐνιπρ-

245 3505 329 3584 μίνοι
350 3501 411 3568 οῖπδ
432 3510 485 3586 τῆς
506 3510 565 3568 τοῖν
586 3500 738 3585 ύθεμίτυν
757 3501 971 3588 ἀνοσιουργίας.

111 3831 177 3903 3⁸0·
195 3831 227 3888 γ,
330 3809 401 3872 Είσί
423 3810 456 3874 δέ
471 3813 506 3876 ἐν
522 3809 633 3899 οῖσοοιίρι
655 3813 852 3886 διατελοῦντες
869 3803 966 3889 οῦτοι,
995 3811 1046 3876 καί
1066 3815 1128 3875 πᾶν
1150 3805 1252 3874 ὁτιοῦν
1273 3805 1390 3894 ἐργαζό-

245 3933 328 3994 μενοι
344 3907 419 3994 πρδς
436 3909 599 3979 εύπύθειαν
612 3911 771 3995 σωμάτων,
793 3910 865 3994 ἡμῖν
881 3914 914 3978 δὲ
933 3912 1009 3988 ὅλοις
1032 3909 1089 3978 ούκ
1109 3914 1282 3997 ἐγγίζοντες,
1304 3912 1332 3974 εί
1345 3907 1390 3993 μη’

243 4037 272 4076 τι
292 4009 350 4095 δῖρα
369 4010 445 4096 πρός
462 4012 494 4078 τό
513 4013 643 4079 δελεοῖσοι
666 4013 765 4096 ψυχαῖς
787 4012 978 4098 α’στηρίκτους
1002 4016 1034 4080 ἐν
1055 4022 1092 4104 τῇ
1114 4011 1210 4078 αύτοῖν
1229 4014 1390 4077 κακοδιδα-

241 4117 355 4203 σκαλίμ.
400 4116 457 4188 Είς
470 4111 556 4179 οῦδέν
572 4115 627 4200 γῦρ
645 4113 718 4198 ἡμῖν
734 4113 920 4198 ύμοιοῦνται·
942 4114 964 4199 ἢ
984 4115 1076 4200 μόνον
1093 4112 1215 4197 όνόματι
1232 4122 1390 4179 καλεῖσθαι

244 4215 449 4298 σεμνύνονται,
471 4216 554 4292 ὅπως
572 4217 622 4281 διοῖ
637 4225 691 4284 τοῦ
709 4216 855 4300 ὀνόματος
874 4225 928 4282 τοῦ
944 4217 1124 4284 ἐπιπλάστου
1145 4215 1181 4281 τοί
1201 4221 1254 4299 τῆς
1273 4217 1390 4282 ἑαυτοῖν

124 4347 175 4396 μς.
189 4337 233 4383 ιισ.
246 4323 351 4394 κακίας
365 4317 551 4405 ἐργάσωνται.
598 4317 639 4384 Τδ
656 4320 689 4384 δέ
703 4325 793 4405 κρίμα
814 4317 927 4385 τούτων
949 4318 1024 4386 κατοί
1041 4317 1075 4386 τό
1093 4319 1293 4405 γεγραμμίνον
1310 4318 1389 4384 ἐνδι-

278 4491 336 4542 ΰιε.
352 4495 395 4542 111.
413 4519 445 4532 -
481 4494 504 4544 1.
521 4492 628 4560 μείγαλη
646 4495 682 4543 ιδ.
697 4497 772 4556 princ.
831 4497 863 4545 οδ
880 4497 1006 4545 Ατκοδίυοι
1023 4497 1062 4544 λῖν.
1077 4496 1112 4556 1.‚
1128 4509 1153 4556 γ).
1169 4487 1209 4544 42

275 4559 301 4610 2.
322 4561 358 4622 Os.
376 4563 404 4611 σε
420 4563 462 4614 δατ
477 4563 590 4614 vocabulo
605 4563 683 4612 ιλιαδ
700 4564 796 4612 mrum.
862 4561 888 4616 ³.
904 4577 970 4629 φησι
986 4563 1037 4614 οοιλ
1051 4562 1148 4624 Ma.
