3072 4986
315 341 450 393 sanatur
467 341 544 393 ΛΝ.
563 341 732 392 HABRESBS
750 341 812 392 ΜΒ.
830 341 849 393 l.
866 343 947 394 ΤΟΜ.
962 344 980 393 1.
1183 335 1222 396 63

90 483 117 524 ro
134 473 162 524 ct
179 461 296 526 Aebaso
317 460 508 546 regnantibus
528 461 618 525 tribus
640 483 680 524 ex
699 459 807 524 israele
826 461 855 522 in
873 459 1029 525 Medorum
1048 461 1154 526 limites
1175 465 1225 526 de-

91 573 207 646 portatae
236 575 316 626 snrrt.
365 560 440 625 Post
468 563 539 626 baec
561 561 707 628 Ezechias
730 560 891 625 Manassen
916 564 1033 646 gennit,
1068 563 1225 630 Manasses

90 665 234 742 duosam,
268 665 399 730 Amosus
425 663 550 744 losiam,
580 663 675 728 iosias
696 663 880 741 lecboniam,
913 665 1014 749 quiet
1037 664 1225 731 Selnmnset

91 767 211 830 Amasias
229 769 322 830 dictus
343 779 400 830 est.
444 767 492 830 Ab
510 767 564 830 ltoo
584 763 737 844 lecbonia,
768 765 898 830 eiusdem
918 769 1042 832 nominis
1060 771 1151 849 alter,
1177 793 1225 834 no-

91 881 232 952 gnomento
257 866 416 947 sedecias,
441 891 497 931 una
519 890 584 932 cum
607 867 735 931 loaoimo
757 870 871 950 genitus
895 880 951 933 est.

160 969 224 1034 Nec
253 973 396 1055 estquod
426 991 460 1034 ea
483 972 518 1034 de
541 993 572 1034 re
595 971 745 1054 quisquam
769 971 895 1049 dubitem
928 971 1050 1034 miretur
1070 994 1142 1036 vcro
1164 995 1225 1036 ma·
1245 983 1303 1049 cap.
1324 987 1375 1036 vlt.

93 1071 128 1152 gis
147 1085 309 1136 accuratam
331 1095 348 1136 a
372 1073 455 1135 nobis
475 1073 574 1135 initam
597 1073 738 1134 rationem
763 1083 792 1134 et
814 1073 867 1135 boo
890 1073 955 1136 loeo
978 1073 1006 1136 in
1030 1076 1226 1140 studiosorum

94 1174 196 1255 gratiam
211 1177 324 1238 utiliter
341 1175 533 1260 explicatam,
561 1175 608 1258 qui
628 1173 813 1257 castigatiora
831 1176 966 1259 exempla
984 1177 1138 1240 consrrlerc
1160 1198 1227 1241 eru·

95 1273 193 1340 ditionis
221 1299 327 1342 caussa
353 1277 511 1339 voluerint.
562 1273 633 1338 Non
663 1276 738 1337 enim
765 1277 860 1338 diffido
885 1276 953 1360 quin
979 1297 1043 1340 cnm
1069 1278 1155 1340 animi
1181 1281 1226 1342 sni

96 1377 172 1442 lmrtu
186 1381 310 1442 candide
334 1379 363 1441 in
383 1379 420 1442 iis
442 1399 517 1462 quae
535 1399 551 1442 a
569 1377 652 1440 nobis
669 1377 815 1462 proposita
831 1389 900 1441 sont
914 1380 1103 1463 acquiescere
1120 1401 1227 1464 cogan-

96 1487 144 1558 tnr,
171 1481 315 1564 simulque
333 1501 435 1542 vocem
454 1481 531 1566 illam
553 1479 732 1543 lucrifaciant
752 1501 826 1562 qnae
846 1479 881 1542 ab
897 1480 1038 1564 imperitis
1056 1482 1227 1564 quibusdam

96 1583 313 1646 emendatoribus
331 1591 378 1643 est
393 1592 510 1666 propter
525 1580 740 1664 ambiguitatem
757 1603 797 1644 ex
812 1581 966 1664 evangelio
981 1583 1104 1646 sublata.
1147 1583 1226 1648 Nanr

97 1703 145 1744 cum
167 1684 375 1768 generationes
405 1705 506 1746 omnes
533 1681 702 1746 Matthaeus
733 1683 876 1768 tripartito
900 1683 1098 1763 distribuerit,
1133 1696 1163 1749 et
1191 1688 1227 1749 alr

97 1781 224 1848 lbraamo
239 1787 276 1848 ad
296 1783 438 1848 Davidem
455 1807 546 1869 nsque
562 1781 638 1848 xlv
654 1797 824 1864 enrrmeret,
848 1787 983 1868 superior
996 1797 1119 1871 utraque
1133 1790 1227 1852 series
1236 1811 1379 1869 marsnam.

98 1884 188 1970 integra
206 1888 365 1972 reperitur,
389 1907 482 1970 neqne
499 1885 651 1972 quicquam
670 1888 705 1950 ad
722 1907 873 1950 numerum
890 1889 983 1966 deest,
1010 1889 1058 1972 qni
1074 1891 1108 1952 ad
1125 1888 1228 1955 leobo-

99 1987 157 2050 aian
181 1988 285 2052 accline
309 1989 483 2074 pertesitur.
534 1990 576 2052 At
598 1989 683 2052 tertia
711 1989 824 2052 demam
850 1989 944 2052 series
965 1987 1039 2052 Xlll
1072 1993 1226 2072 duntaxat,

100 2109 142 2152 oon
158 2089 230 2154 XlV
246 2092 471 2175 generationum
487 2090 602 2153 nomina
620 2089 836 2176 complectitur,
860 2091 934 2174 quod
954 2093 1131 2156 anonnullis
1149 2116 1228 2158 com·

100 2192 196 2256 nissum
219 2204 267 2256 est
290 2191 339 2276 qui
357 2213 421 2255 cnm
441 2189 593 2256 leobonias
612 2193 685 2256 duos
704 2192 879 2256 coniunctim
900 2213 967 2258 csse
984 2195 1109 2279 scriptos
1124 2217 1227 2259 cerne·

100 2305 159 2371 rmt,
179 2293 313 2360 arbitrati
328 2304 396 2356 sont
410 2297 530 2358 eandem
547 2315 650 2358 vocem
666 2295 898 2380 praeposteram
916 2315 951 2358 ea
968 2296 1045 2360 serie
1061 2297 1226 2382 repetitam.

101 2390 189 2458 l'erom
205 2395 336 2460 eiusdem
355 2395 411 2460 isto
431 2395 565 2480 repetitio
583 2397 700 2460 minime
719 2397 789 2473 luit,
819 2397 870 2460 sed
887 2397 1056 2460 numerandi
1072 2400 1144 2462 ordo
1162 2420 1229 2484 per·

101 2495 206 2577 spirans.
251 2495 404 2581 Siquidem
425 2497 578 2578 lechoniae
596 2499 655 2562 filio
673 2501 708 2561 de
726 2509 846 2582 parente
863 2519 969 2562 nomen
986 2500 1149 2584 impositum
1169 2511 1226 2564 est.

101 2594 132 2658 la
145 2600 185 2662 isti
202 2601 367 2684 elegantiae
385 2601 534 2678 vindices,
558 2602 624 2664 dum
640 2621 729 2664 unum
748 2621 853 2663 nomen
868 2614 1056 2686 expmrgnut‚
1082 2623 1134 2686 par
1151 2623 1229 2666 sum·

102 2719 158 2762 nan
178 2703 373 2785 ignorantiam
395 2713 498 2765 eontra
518 2701 696 2788 propositum
719 2713 893 2787 peccarunt,
927 2714 1013 2787 atquc
1033 2715 1063 2767 et
1080 2704 1227 2768 nominum

101 2794 159 2862 lltv
177 2805 348 2888 collegium,
378 2803 453 2888 quod
471 2804 577 2867 ibidem
594 2803 773 2881 ostenditur,
806 2825 864 2867 nno
881 2805 1012 2868 detracto
1027 2817 1227 2887 numerarunt,

102 2905 311 2989 daultiplicem
326 2905 411 2968 nnius
426 2905 460 2968 ad
476 2905 600 2968 alterum
614 2907 755 2970 rationem
770 2905 1022 2991 habitudinemque
1034 2907 1227 2972 sustulerunt.

169 3002 325 3071 Caeterum
349 3006 385 3070 ab
409 3005 563 3070 laodoniae
586 3018 717 3093 tempore
735 3008 872 3093 deinceps
897 3005 1066 3072 ludaeorum
1086 3010 1115 3072 in
1132 3007 1229 3094 baby-
1284 3083 1289 3094 ¹

102 3100 178 3170 lunen
195 3109 359 3194 deportatio
374 3109 507 3192 contigit.
552 3107 585 3176 ln
604 3131 659 3194 qna
674 3108 994 3174 Nabuchodonosorem
1017 3111 1227 3174 corrnenientes

103 3209 159 3289 tpud
171 3205 352 3297 Babylonem
370 3212 504 3274 seniores
523 3221 681 3296 rogarunt,
705 3222 735 3274 ut
750 3233 767 3274 c
784 3211 846 3276 suis
862 3223 959 3276 certos
974 3212 1003 3274 in
1023 3209 1158 3276 iudaeam
1177 3211 1228 3274 bo-

103 3307 177 3373 nirea
201 3315 235 3376 ad
259 3312 447 3376 habitandum
473 3313 619 3391 mitteret,
650 3335 686 3376 nc
706 3313 868 3378 silvescens
892 3314 1057 3396 incultaque
1080 3313 1161 3395 regio
1179 3312 1228 3374 de-

104 3421 163 3473 nm
178 3415 293 3498 penitus
307 3425 450 3478 maneret.
494 3413 562 3478 Nec
583 3415 646 3499 regi
674 3415 828 3499 postulatio
853 3415 901 3479 illa
926 3413 1084 3500 displicuit.
1126 3410 1227 3497 ltaque

104 3523 256 3590 quatuorex
275 3515 463 3600 imperiosae
482 3517 604 3580 subditis
622 3517 757 3600 gentibus
775 3517 839 3580 sine
859 3537 940 3578 mora
955 3513 1074 3592 dimisit,
1092 3513 1227 3579 nimirum
1252 3543 1340 3600 anag,

105 3605 262 3700 Clntbaeos,
287 3629 318 3681 et
335 3613 491 3696 Cudaeos,
515 3640 549 3681 ae
565 3617 804 3704 Sepbararaeos,
827 3628 858 3680 et
872 3621 1121 3700 Anagngauaeos.
1166 3614 1227 3700 Qui
1265 3611 1343 3667 Μ·

105 3731 155 3776 ron
170 3717 329 3784 simulacris
344 3720 405 3784 suis
422 3741 458 3784 eo
472 3720 592 3805 proiecti
609 3721 707 3783 sedem
724 3721 753 3784 in
769 3718 902 3784 Samaria
919 3718 1109 3783 constituunt.
1142 3718 1228 3784 blano

106 3814 181 3896 eum,
210 3823 285 3905 quod
311 3822 479 3906 praepingui
506 3823 589 3906 gleba
615 3823 761 3906 lertiliqne
779 3823 871 3898 loret,
902 3821 938 3883 ad
957 3819 1140 3884 habitandum
1157 3822 1227 3885 deli·

106 3927 171 3994 μυί.
212 3921 322 3987 Verum
340 3922 488 4006 aliquanto
508 3938 609 4009 postea
628 3934 758 4009 ternpore
774 3945 790 3986 a
807 3922 878 3984 laris
895 3921 1011 4000 laniati,
1035 3923 1168 3986 leonibus
1184 3926 1228 3988 vi·

107 4015 192 4083 delicat
209 4025 303 4108 pardis
322 4033 353 4088 et
370 4025 447 4087 ursis
463 4025 584 4110 aliisque
600 4025 765 4090 crudelibus
781 4023 882 4086 bestiis
899 4023 1125 4105 incursantibus,
1148 4025 1228 4108 lega-

109 4123 142 4178 tm
162 4120 188 4184 io
207 4123 384 4213 Babylonem
408 4149 472 4192 oum
493 4127 627 4212 precibus
646 4125 779 4203 mittunt,
810 4125 1000 4191 vehementer
1023 4148 1075 4192 eos
1094 4125 1228 4190 admirati

109 4271 261 4328 lienam-rm,
292 4275 448 4346 'Epndbsrar
463 4283 554 4330 videtur
570 4283 640 4330 iater-
671 4283 735 4328 ntur
752 4274 833 4332 δόλιον
848 4285 868 4330 ct
885 4276 1049 4332 κατάσκοπον.

109 4343 225 4392 mamm
237 4361 283 4398 aar
294 4345 415 4412 φύλακες.
428 4349 554 4400 amdam
567 4351 641 4410 lpstnr
708 4347 730 4400 7.
747 4339 908 4413 'lopnqlqus
925 4351 975 4398 eod
987 4349 1062 4398 Vrart

111 4401 215 4465 fimum
225 4416 432 4477 numantinum
443 4419 506 4466 boen
515 4415 540 4478 9,
552 4418 572 4466 l.
585 4431 639 4479 pro·
706 4415 731 4466 a.
750 4408 933 4481 dlapqmicaca
943 4413 1229 4481 lassataslasatas.

112 4467 176 4550 ΜΨ
190 4483 209 4526 ‘l
222 4486 343 4534 “ww
357 4489 411 4534 ttstt.
424 4487 641 4546 luiromoplmrnm
707 4479 731 4534 9.
750 4481 966 4549 σιφφαρουραίους
981 4485 1032 4532 eod.
1048 4484 1123 4532 Venct

113 4537 226 4596 'mm'-
248 4553 282 4611 ci·
293 4553 380 4603 saraca
396 4565 415 4600 s.
428 4565 461 4612 tn,
476 4553 516 4612 ant
530 4556 640 4612 natcrprr-
709 4551 748 4603 10.
763 4547 969 4617 ἅναγωγαυαίους
984 4553 1036 4600 coa.
1048 4551 1146 4616 Μ.
