3072 4986
339 348 475 402 PANAllll
492 350 568 402 ΔΜ.
584 349 755 402 fluxuosus
771 351 833 402 Llll.
848 353 866 404 l.
883 351 963 404 Tute
978 353 998 404 l.
1198 343 1236 403 41

77 469 111 532 in
129 467 308 534 Graeciam.
353 465 413 533 Per
428 469 497 532 illnd
513 480 627 553 tempus
644 467 742 534 Ninus
758 491 794 533 ao
809 467 981 536 Semiramis
997 469 1134 556 Assyriis
1149 471 1240 556 impe-

80 571 208 634 rabant.
255 567 388 651 Quorum
411 570 540 653 aequalis
554 570 684 634 Abraam
707 570 770 634 luit.
816 573 902 656 Apud
921 572 1084 659 Aegyptios
1100 593 1173 636 vero
1190 573 1241 636 de-

79 673 164 736 cima
184 682 289 734 oeuva
306 671 441 757 dynastia
455 681 600 756 praeerat.
646 671 768 756 Solique
783 684 841 736 tum
859 693 899 736 ex
913 675 1045 739 omnibns
1062 675 1175 760 populis
1191 671 1241 738 si-

81 773 190 858 cyonii
210 773 294 858 regio
312 773 460 838 dominatu
477 773 719 854 continebantor3
742 775 825 840 cuius
843 775 956 840 initium
977 778 1014 840 ab
1032 775 1153 863 Europe
1173 795 1241 862 pro·
1366 825 1370 835 .

82 877 353 1042 fat-3⁰3¹&
386 976 487 1041 cadem
517 997 572 1060 qua
604 977 774 1040 catholicam
807 989 837 1042 ct
866 979 1054 1064 apostolicam
1085 979 1393 1062 ecclesiamccp.v111.

83 1079 202 1162 figura,
234 1090 360 1162 notaque
384 1079 563 1142 Abraamum
590 1079 670 1162 eligit
693 1080 784 1160 dens,
815 1078 909 1144 virum
935 1081 964 1143 in
994 1081 1144 1165 praeputio
1171 1082 1241 1145 bde-

84 1183 145 1244 lem
163 1201 201 1244 ac
215 1179 359 1264 religione
374 1178 537 1264 pietateque
554 1181 809 1265 perfectissimum,
821 1193 919 1272 ,arque
935 1193 968 1246 ut
982 1182 1105 1245 scientia
1119 1183 1241 1266 propbe—

85 1285 125 1346 tia
143 1303 260 1367 parem,
284 1283 327 1346 sio
346 1282 384 1345 ad
400 1283 598 1367 evangelicam
616 1283 795 1367 disciplinam
814 1283 891 1348 vitae
909 1283 1043 1347 instituto
1057 1293 1237 1368 provectum.

85 1383 165 1448 Erat
179 1395 241 1448 tum
258 1384 337 1446 domi
352 1393 464 1468 patrem
480 1384 660 1463 observans,
684 1405 748 1448 cnm
766 1384 812 1448 dei
830 1386 949 1449 oraculo
963 1395 1085 1449 vocatus
1102 1384 1241 1448 domesti-

87 1487 130 1549 cis
147 1486 355 1564 renunciavit,
381 1496 411 1549 ct
428 1507 492 1550 enm
511 1506 529 1550 a
545 1507 603 1570 quo
619 1497 742 1550 vocatus
760 1497 822 1550 crat
839 1498 958 1550 secutus
975 1497 1031 1565 cat,
1056 1485 1241 1570 quemadmo-

86 1591 155 1652 dum
171 1585 299 1667 Penus,
321 1587 469 1665 Andreas,
494 1584 618 1652 lacobus
637 1598 668 1650 et
683 1585 810 1652 loannes
828 1599 930 1672 postca
946 1590 1089 1654 lecerunt.
1135 1589 1180 1652 Ac
1202 1609 1240 1652 ne
1253 1602 1310 1646 occ
1323 1601 1354 1644 u.

91 1693 187 1752 denno
204 1690 261 1752 sim
282 1688 410 1772 longior,
434 1689 532 1774 paucis
553 1689 651 1753 omnia
666 1690 853 1775 complectar.
899 1685 973 1754 Cum
990 1690 1081 1774 igitur
1100 1691 1136 1756 ad
1151 1711 1242 1754 nona·

91 1791 235 1874 gesimum
251 1811 359 1853 nonum
376 1791 481 1854 aetatis
495 1812 602 1855 anunm
617 1790 779 1876 patriarcba
793 1791 841 1854 ille
855 1791 1049 1874 pervenisset,
1069 1793 1106 1856 de
1118 1792 1242 1856 nircum·

90 1895 200 1957 eisinne
222 1894 313 1956 adeo
332 1913 504 1978 responsum
521 1891 644 1978 accepit.
690 1889 761 1956 lnde
779 1890 916 1956 ludaismi
935 1904 1002 1957 nota
1023 1905 1089 1979 post
1102 1894 1241 1979 gentilem

92 1995 331 2080 superstitionem
348 1995 492 2078 originem
509 1995 618 2059 babuit.
652 1995 804 2079 Agebatur
820 2005 879 2058 tum
896 2016 990 2059 annus
1004 1996 1102 2059 mundi
1120 2015 1194 2060 unns
1211 2006 1242 2058 et

92 2099 257 2160 mamimus
283 2117 371 2181 supra
395 2098 645 2161 ter‘millesimum
669 2117 704 2160 au
728 2097 1060 2180 quadringentesimum,
1085 2107 1181 2162 aetate
1203 2096 1239 2161 ab

91 2200 160 2262 orbe
179 2199 301 2262 condito
326 2199 418 2261 altera
441 2211 472 2262 et
491 2199 646 2277 vicesima,
671 2219 736 2262 cum
756 2195 918 2262 ludaismus
942 2199 1078 2263 ellloroit.
1121 2198 1241 2263 Nema

90 2301 197 2364 diluvio
221 2301 256 2365 cd
277 2300 367 2364 turris
390 2301 619 2364 aedificationem
641 2321 677 2363 ao
695 2297 858 2366 Seruobum
877 2299 1045 2386 Scytbicum
1063 2300 1181 2366 vivendi
1195 2301 1241 2363 in·

91 2401 222 2465 obtutum
241 2403 347 2468 tenuit.
393 2402 420 2465 A
438 2399 571 2468 Sernobo
588 2403 625 2464 ed
640 2402 837 2481 Abisamam,
863 2415 892 2465 et
907 2403 937 2465 in
954 2403 1029 2466 bano
1042 2423 1133 2486 usque
1149 2401 1237 2481 diem,

91 2504 208 2586 gentilis
225 2505 409 2589 superstitio.
446 2501 541 2568 Porro
557 2505 635 2568 nulla
651 2503 743 2568 adbuc
760 2505 795 2567 ab
811 2505 959 2569 Abraamc
980 2516 1061 2568 secta
1076 2524 1239 2587 cognomen

91 2606 193 2688 adepta
213 2606 322 2669 luerat.
366 2603 427 2670 Sed
445 2606 465 2668 ii
482 2607 639 2686 duntaxat,
663 2607 711 2691 qni
728 2606 857 2670 ciusdem
878 2607 1030 2690 religionis
1047 2606 1240 2692 appellatione

91 2706 334 2786 monachentur,
363 2707 553 2772 Abraamitae
578 2708 614 2771 ab
639 2709 744 2772 eodem
768 2707 929 2793 patriarcba
956 2708 1137 2774 dicebantur.
1182 2705 1239 2770 llic

91 2807 167 2870 enim
188 2818 257 2870 octo
274 2807 383 2873 liberos
399 2809 516 2887 babuit,
540 2809 698 2893 exquibus
719 2831 794 2873 unus
810 2807 892 2874 lsaao
911 2810 998 2873 lueres
1013 2810 1163 2874 institutus
1180 2819 1237 2888 est,

90 2909 164 2991 quod
181 2919 213 2972 ct
229 2909 330 2996 pietati
347 2909 460 2974 deditos
478 2911 565 2976 vitam
587 2931 668 2974 suam
689 2931 729 2974 cx
750 2913 841 2996 patris
859 2911 1006 2976 sententie
1024 2911 1237 2990 moderaretur,

90 3023 119 3072 ct
139 3011 282 3095 singulari
299 3011 345 3074 dei
367 3011 559 3095 promissione
580 3012 674 3076 eidem
696 3013 799 3076 luisset
812 3013 926 3098 parenti
942 3034 1114 3079 concessus.
1158 3013 1238 3077 Ante

90 3133 173 3195 poem
187 3111 345 3176 lamab'lem
363 3133 404 3176 ex
418 3113 501 3198 Agar
516 3115 619 3178 ancilla
633 3125 815 3198 susceperat.
854 3111 915 3178 Sed
931 3125 961 3178 ct
976 3111 1108 3180 Cbctura
1122 3135 1180 3178 sex
1194 3113 1235 3178 illi
1249 3130 1307 3174 oce
1320 3129 1353 3174 m

91 3226 189 3294 maten
205 3215 330 3300 peperit.
360 3213 421 3299 Qui
438 3237 540 3281 omnes
554 3236 606 3299 per
620 3216 733 3280 felicem
744 3215 885 3282 Arabiam
901 3216 1025 3301 dispersi
1039 3227 1118 3280 suot.
1150 3213 1237 3278 Zem-

90 3315 159 3380 bran
174 3317 303 3396 scilicet,
327 3315 430 3396 lucan,
453 3315 570 3395 lesboe,
590 3315 682 3397 Sove,
703 3317 876 3397 Emmaden,
901 3316 1075 3397 etllladian,
1099 3335 1238 3379 unacum

89 3419 211 3482 ancillae
227 3421 299 3498 lilio,
318 3440 403 3504 quem
416 3417 570 3484 lsmab'lcm
584 3430 720 3483 vocatum
737 3441 803 3484 csse
819 3421 905 3506 paulo
921 3431 989 3485 ante
1005 3418 1144 3482 diximus.
1177 3411 1239 3482 Sed

91 3518 136 3582 bic
153 3531 322 3604 postrew
338 3521 452 3584 delecto
469 3520 500 3584 in
515 3521 671 3586 solitudine
693 3522 728 3586 ad
745 3521 929 3587 habitandum
950 3521 1015 3584 loco
1031 3517 1145 3583 Pbarea
1168 3539 1238 3584 oon·

90 3621 176 3702 didit,
200 3621 368 3707 liberosque
384 3643 506 3686 numero
528 3622 679 3688 duodecim
694 3624 839 3708 suscepit,
863 3645 881 3688 a
896 3622 999 3707 quibos
1014 3622 1232 3704 agarenorum,
1243 3639 1334 3684 aanor.
1342 3639 1362 3694 ι,
1370 3639 1388 3684 ι.

90 3723 151 3788 sire
172 3721 403 3803 lsma'elitarum‚
427 3725 475 3808 qui
497 3723 583 3788 bodie
602 3723 744 3790 Saraceni
767 3725 917 3804 dicuntur,
946 3722 1038 3786 tribua
1062 3735 1236 3808 propagatae

92 3835 168 3890 unt.
214 3825 258 3890 At
274 3823 377 3890 lsaaco
395 3826 451 3892 dno
470 3827 530 3891 nati
548 3835 618 3890 suot
634 3825 701 3906 blii,
726 3825 808 3891 Esau
823 3837 855 3890 et
869 3823 972 3890 Iacob.
1017 3821 1084 3908 Quo
1105 3835 1238 3911 tempore

92 3946 180 3990 verae
204 3927 320 4011 pietatis
341 3928 550 4013 relig'nnisquc
574 3927 736 3992 cultoribus
754 3927 990 3992 Abraamitarum
1013 3938 1043 3990 et
1058 3924 1236 3992 lsacidarnm

93 4047 198 4092 nomen
219 4028 386 4093 attributum
406 4041 462 4094 est.
506 4028 579 4094 Post
594 4030 667 4093 baec
681 4028 763 4092 Esau
777 4029 807 4092 in
825 4026 989 4092 ldomacam
1008 4029 1162 4094 discedens
1179 4032 1238 4112 (est

93 4127 161 4192 baec
182 4131 265 4216 regio
282 4126 524 4195 Cbanannoornm
542 4131 648 4196 tractui
665 4132 700 4195 ad
716 4129 864 4195 meridiem
889 4142 919 4195 et
935 4131 1078 4195 orientem
1098 4129 1234 4212 obversa)
1248 4145 1306 4191 occ.
1320 4146 1340 4190 ι.

127 4297 164 4346 ro.
180 4293 229 4352 ece
247 4303 297 4350 oo.
316 4305 389 4352 remo
424 4297 472 4355 tet
488 4303 647 4366 moqmturt
684 4303 759 4352 omo
792 4293 893 4388 ’torpel
911 4302 1042 4353 amomo

128 4365 165 4416 ld.
179 4365 309 4433 Xarrcripc
324 4371 410 4421 babent
423 4373 476 4420 to'om'
488 4385 573 4421 omnes.
716 4368 754 4421 17.
777 4367 864 4436 Φαραι
889 4373 940 4421 cod.
965 4371 1040 4418 Vacat.
1075 4363 1160 4432 Φαρὲς
1184 4371 1235 4420 ond

128 4433 166 4510 ¹}-
181 4435 328 4502 λεγονμένην
345 4439 404 4502 (aia)
421 4440 472 4488 cod.
491 4441 564 4490 land.
680 4439 776 4502 libadip.
791 4442 812 4488 cl
826 4441 883 4488 adili
896 4439 959 4487 libri.

129 4499 168 4616 lb
182 4500 454 4640 lliooddiioebodlldblbdip.
488 4571 576 4644 ῑέσβοχ
593 4577 644 4626 cod.
714 4507 753 4626 lg.
769 4507 1088 4641 fppppppofflepm
1105 4573 1139 4624 etl
1154 4585 1236 4635 ΜΝ·
