3112 4984
371 329 506 384 Panaeti
523 331 614 383 Ltus.
630 331 710 385 ΤΟΜ.
723 333 755 383 ll.
771 331 870 384 flatu.
884 333 982 385 xxvi.
1192 323 1247 384 181

101 449 308 530 commodaret,
326 451 401 536 pund
417 450 437 512 ii
455 451 565 514 luriunt
578 450 627 535 qui
640 450 821 516 mollioribus
836 451 967 516 reatibus
981 452 1159 518 induuntur?
1191 449 1250 519 bli-

100 555 173 618 nime
194 573 282 616 vero.
326 551 397 617 Nun
419 552 497 616 euim
518 549 647 616 loannes
668 554 780 617 arundo
797 554 937 637 quaedam
958 565 1005 620 est
1021 555 1168 620 bominum
1186 557 1249 641 upi-

100 655 235 720 uiouibus
248 654 376 736 agitata,
400 655 447 718 vel
461 655 590 738 quolibet
605 675 706 720 eurum
722 656 824 718 fraude
841 655 1075 722 assimulatione
1091 677 1246 722 oonsnaas.

99 757 157 822 Sed
176 757 314 842 quoniam
329 757 398 822 illud
416 756 575 836 adiecerat,
596 762 676 820 Inter
691 767 773 820 notos
788 760 934 820 mederum
948 779 1004 830 aon
1017 764 1146 822 carresis
1159 765 1249 824 moror

98 866 203 923 losnne
221 862 359 940 deposta,
390 857 510 942 nequis
529 855 668 922 loannem
686 859 741 924 sibi
760 861 948 944 persuaderet
965 859 1052 924 etiam
1070 861 1134 944 ipso
1152 863 1249 926 salvs-

100 975 161 1026 tsre
180 983 250 1026 esse
269 961 428 1040 maiorem,
461 961 535 1046 quod
558 961 584 1024 is
606 981 622 1024 n
643 961 783 1042 muliere,
818 961 952 1026 nimirum
973 961 1060 1026 beata
1076 983 1249 1048 semperque

98 1065 215 1148 virgine
228 1060 327 1127 Maris
339 1084 392 1148 per
406 1062 538 1148 spiritum
551 1072 682 1126 sanetum
698 1074 778 1126 esset
791 1063 920 1148 genitus,
941 1074 972 1128 ut
985 1085 1040 1128 uos
1054 1075 1157 1128 eontra
1173 1065 1248 1129 bune

98 1187 231 1230 errorem
248 1163 420 1242 instrueret,
444 1164 579 1241 subiecit,
605 1169 662 1244 Qui
673 1171 765 1228 monor
778 1171 863 1228 seteis
879 1187 967 1247 regno
985 1170 1136 1242 saelorum,
1160 1173 1250 1232 masor

98 1282 140 1330 est
159 1272 224 1333 ills,
270 1265 356 1350 Quod
378 1266 515 1332 videlieet
535 1265 651 1330 rabone
668 1268 807 1352 temporis
829 1278 875 1332 est
894 1267 931 1332 ab
954 1287 990 1334 eu
1011 1269 1118 1334 dietum
1140 1289 1197 1352 quo
1219 1271 1248 1332 in

99 1371 174 1436 liuns
200 1370 338 1434 mundum
362 1369 487 1433 bumana
514 1389 603 1432 carne
625 1370 773 1454 praeditus
794 1369 929 1449 advenit,
960 1370 1094 1455 quoniam
1118 1379 1205 1450 sextu
1232 1392 1249 1432 s

99 1471 221 1536 loannis
244 1472 396 1534 nativitate
419 1489 521 1534 messe
544 1467 681 1536 Christus
705 1481 750 1535 est
769 1471 801 1534 is
824 1471 918 1536 lusam
942 1474 1049 1536 editus.
1094 1467 1152 1556 Qui
1175 1470 1249 1534 band

99 1575 184 1640 dubie
203 1574 299 1638 maior
319 1572 469 1652 erabilis,
500 1593 564 1636 oum
583 1583 614 1636 et
630 1572 670 1637 sit
684 1593 801 1658 semper
819 1583 850 1636 et
867 1573 967 1638 fuerit.
1012 1571 1088 1657 Quis
1106 1574 1161 1638 bus
1178 1594 1250 1638 vers

101 1687 198 1762 polest
217 1676 375 1760 ignorans?
417 1671 542 1739 Frustra
561 1673 650 1758 igitur
670 1674 705 1738 ab
725 1674 782 1739 illis
802 1675 971 1760 exsogitata
990 1687 1059 1740 suut
1077 1675 1191 1756 omnis,
1222 1687 1253 1740 et

101 1799 139 1842 ex
160 1779 248 1842 bonis
270 1777 299 1840 iu
322 1777 397 1842 mala
418 1797 575 1841 sennense.

185 1875 344 1946 Caeterum
363 1877 428 1943 libri
446 1899 536 1964 penes
553 1877 620 1942 illus
639 1879 840 1964 quamplurimi
856 1889 936 1943 suut.
979 1877 1059 1944 Nam
1078 1877 1246 1964 interumpu-
1266 1891 1401 1960 capvlu.

102 1983 197 2048 tiones
216 1983 355 2067 quasdam
374 1977 489 2044 Marios
508 1979 671 2044 venditant.
713 1980 775 2044 Alii
792 1980 828 2044 de
848 2001 884 2044 eo
902 2001 986 2064 quem
1007 1981 1134 2048 diximus
1157 1979 1252 2046 laida-

102 2085 189 2148 baotb
212 2083 269 2147 sub
294 2081 378 2149 Setbi
409 2082 527 2147 nomine
549 2083 713 2168 complures
735 2081 827 2147 libros
852 2083 1052 2168 supposititius
1080 2085 1249 2148 obtrudunt.

103 2183 161 2250 Sed
178 2196 209 2248 et
225 2185 331 2250 Adami
349 2183 561 2250 Revelatisnes
578 2184 669 2264 alias,
692 2195 723 2248 et
739 2184 795 2250 alia
811 2186 881 2248 item
894 2183 1057 2270 Evangelia
1075 2186 1148 2250 islsa
1164 2186 1252 2249 dissi·

103 2291 237 2374 puloram
259 2288 378 2350 nomine
394 2287 582 2350 senseribere
599 2297 668 2352 suut
685 2285 760 2352 susi.
804 2284 871 2350 Nes
895 2307 947 2351 eos
964 2287 1062 2352 disere
1084 2287 1173 2373 pudet
1193 2289 1252 2350 aal-

103 2402 237 2454 valorem
261 2399 392 2453 nostrum
422 2412 456 2453 as
479 2387 625 2452 dominum
650 2386 747 2453 lesum
772 2384 921 2453 Christum
946 2388 1087 2454 eiusmodi
1112 2410 1164 2471 per
1184 2410 1252 2452 sese

103 2490 313 2580 turpitudinem
332 2502 525 2556 monstrasse.
570 2488 688 2554 Etenim
704 2490 735 2554 in
751 2487 866 2555 blariae
884 2490 1164 2574 interrogationibus
1180 2513 1252 2575 quas

103 2593 238 2660 blaiores
254 2603 363 2657 vooant
379 2595 461 2676 (sunt
476 2591 554 2658 euim
571 2591 646 2656 aliae
654 2589 789 2656 Minores
806 2591 926 2678 perinde
942 2594 1171 2675 commentitiae)
1187 2593 1252 2657 buis

103 2698 182 2761 ills·
192 2695 371 2782 pateieuisse
386 2696 507 2779 dogunt,
519 2715 584 2758 sum
594 2713 658 2758 eam
671 2691 702 2756 iu
717 2703 844 2759 montem
860 2693 1024 2773 eduxisset,
1036 2706 1173 2779 essetque
1187 2717 1252 2780 pre·

103 2810 199 2878 satus,
224 2817 261 2861 as
275 2797 414 2880 products
430 2796 466 2859 de
483 2797 575 2860 latere
592 2816 647 2860 sus
665 2795 787 2860 muliere
802 2817 867 2859 sum
883 2816 919 2859 ea
936 2817 997 2860 rem
1015 2797 1123 2863 bebere
1140 2797 1254 2882 eoepis-

103 2913 167 2980 set,
193 2909 256 2962 tum
275 2897 396 2962 seminis
415 2898 460 2962 sui
479 2897 649 2983 prolusione
665 2896 818 2982 degustata
837 2910 1050 2980 monstrasset,
1072 2898 1131 2977 ita,
1156 2910 1189 2962 ut
1210 2899 1253 2961 vi-

102 3023 175 3068 vere
194 2998 354 3087 possimus,
377 3019 445 3064 esse
464 3000 640 3064 iaciendum.
683 2999 805 3063 Addunt
819 3010 850 3062 et
867 2999 1062 3084 perturbatam
1082 3003 1174 3066 luisse
1187 2999 1255 3064 bla-

103 3105 198 3185 riam,
222 3111 310 3186 atque
327 3099 406 3164 humi
423 3101 585 3179 resilisse,
610 3121 767 3186 eumques
787 3097 908 3166 Christo
927 3124 992 3168 sum
1010 3101 1055 3166 bis
1072 3103 1171 3168 verbis
1188 3122 1254 3164 ere·

102 3219 199 3270 stam:
248 3205 729 3286 Quuredudr'tmtu'msdo'susfides'?
759 3202 858 3286 Atque
873 3203 928 3268 bos
951 3206 1046 3289 ipsum
1066 3225 1133 3268 ease
1152 3203 1256 3266 volunt

102 3309 179 3394 qnod
197 3307 229 3370 in
249 3305 403 3388 evangelio
419 3305 541 3370 dieitur:
575 3309 611 3368 Si
629 3317 742 3368 terrosa
765 3309 827 3368 mm
842 3307 936 3380 osdb,
959 3318 988 3368 eo
1008 3328 1064 3368 sss
1080 3307 1249 3376 sredsilbtr's,
1263 3319 1404 3374 mamona.

101 3415 237 3474 coetuum
253 3412 387 3490 quomodo
410 3413 553 3470 memus?
581 3404 656 3472 ltem
672 3407 759 3473 illude
789 3411 857 3472 Cum
879 3411 1006 3470 noueram
1015 3409 1115 3488 fidius
1137 3409 1255 3466 doniam

101 3537 133 3576 eo
148 3513 346 3576 mmmmm
368 3511 419 3572 ude·
438 3522 503 3572 aot
520 3515 620 3592 prius,
646 3510 701 3574 bos
718 3520 780 3589 est,
802 3509 956 3594 inquiunt,
986 3508 1133 3593 proilueus
1153 3525 1255 3570 semen

101 3629 299 3698 exasrptum,
330 3622 362 3675 ut
383 3633 419 3676 eo
442 3612 519 3676 unde
537 3613 656 3676 exierat
675 3621 853 3680 revertatur.
900 3611 978 3676 Tum
1001 3610 1076 3693 quod
1094 3609 1163 3672 abbi
1182 3607 1256 3673 sori·

101 3730 182 3802 ptum
206 3726 272 3780 ests
302 3717 372 3776 itui
389 3719 623 3778 manducaveritis
640 3736 752 3777 emnem
766 3735 871 3789 menon,
902 3724 931 3775 et
945 3715 1071 3776 bo'bsrr'ta's
1088 3733 1176 3774 meum
1190 3731 1405 3778 suranorum

98 3827 230 3898 gamem
277 3817 325 3880 Ad
345 3838 419 3902 quae
444 3816 621 3902 perturbatis
647 3815 812 3901 discipulis,
844 3837 878 3880 as
901 3812 1082 3891 dioeutibua,
1116 3819 1185 3900 Qua‘s
1204 3817 1257 3876 too

96 3933 199 4002 potest
211 3923 337 3982 sudore?
358 3920 393 3982 de
410 3917 587 4005 turpitudine
604 3938 770 3982 sermonem
789 3936 854 3979 eum
870 3915 1033 3980 institutum
1050 3919 1159 3996 lerunt,
1177 3917 1257 3981 ideo-

101 4045 161 4106 que
186 4021 320 4087 turbatos
343 4032 424 4084 retro
447 4021 548 4106 pedem
567 4019 713 4085 retulisse.
759 4015 896 4081 Nondum
914 4017 990 4081 enirn
1008 4019 1137 4105 perieste
1157 4039 1257 4083 sorro-

100 4123 203 4188 bsrsti
227 4132 315 4188 eraut
331 4143 366 4186 as
381 4122 512 4186 stabiliti.
559 4121 626 4204 Quo
647 4120 734 4184 etiam
755 4115 876 4183 Davidis
894 4117 964 4183 illud
985 4120 1090 4186 distum
1108 4119 1257 4184 releruut:

100 4309 191 4381 posidet
208 4311 258 4378 wls
275 4305 398 4374 ἰνσᾶρκου
415 4302 492 4364 αὑτοῦ
509 4307 654 4376 παρουσίας.
706 4311 743 4359 us.
755 4313 776 4358 st
792 4309 828 4360 ed.
838 4311 919 4359 Pelso.
937 4303 1089 4374 masserio-sos
1104 4306 1259 4366 sodltbsdtp.

135 4380 165 4432 3.
181 4373 234 4446 ἄρα
251 4381 303 4429 md·
320 4381 418 4442 Rmdtp.
704 4383 725 4426 st
741 4378 796 4430 sdtt.
811 4379 886 4440 prins.

140 4447 282 4498 camvlll.
300 4474 333 4484 -
363 4451 385 4498 1.
403 4445 551 4500 modestiores
565 4449 671 4498 sudlu-
