3100 4984
367 327 502 383 rinnau
521 329 584 382 ura.
598 331 618 382 t.
634 329 716 383 nom.
731 331 762 383 n.
780 331 880 382 naen.
896 333 1011 386 xxxn.
1204 321 1266 385 tut

109 455 287 539 darguerem
305 451 467 518 sceleratos
484 451 617 516 homines
635 463 665 516 et
683 452 804 538 impios,
834 449 1049 534 Basilidianaa,
1078 455 1214 541 inquam,
1238 465 1267 520 et

109 553 382 643 Carpocratianos,
406 577 441 620 ac
456 552 607 620 Valentini
624 553 843 641 Epiphanisqua
860 555 1035 641 discipulos,
1059 557 1094 621 ad
1109 579 1195 643 qnem
1212 554 1268 624 Se·

109 661 226 725 nundus
238 658 319 746 prius
336 678 353 722 a
369 657 453 722 nohis
468 669 713 722 commemoratus
729 658 907 742 adiungitur.
950 657 1067 722 litenim
1086 659 1125 724 illi
1140 681 1158 724 a
1173 681 1206 726 se
1222 661 1267 725 in·

107 765 206 830 vicem
226 761 394 849 propagati,
419 761 483 824 sive
499 761 673 842 interritam,
697 760 762 824 sire
779 761 855 824 alter
869 761 918 824 isti
936 761 1015 824 uelut
1031 762 1122 826 malas
1138 783 1265 842 merces,

108 867 153 931 ita
171 865 337 952 pestiferam
355 863 515 928 doctrinam
535 863 827 928 communicaverint.
860 864 906 927 Aa
921 863 990 926 lieet
1004 863 1099 949 aliqua
1113 864 1142 928 in
1159 885 1192 929 re
1208 866 1267 932 die·

108 969 243 1047 rideant,
273 968 304 1031 in
322 967 423 1030 eadem
443 975 539 1030 tamen
558 965 682 1030 haesere
700 977 799 1044 secta,
827 975 860 1029 nt
875 967 922 1030 vel
938 985 1060 1050 peecare
1076 965 1132 1030 sihi
1149 978 1268 1054 propter

107 1073 192 1136 vitae
210 1069 417 1156 perlectionem
437 1069 526 1134 licere
543 1068 693 1133 dicerent:
723 1089 764 1134 ex
781 1089 837 1153 qua
854 1069 884 1132 lit
900 1081 949 1146 ut,
979 1070 1165 1153 quantumvis
1180 1071 1267 1136 modo

108 1174 299 1260 deliquerint,
321 1183 419 1236 tamen
436 1173 511 1256 quad
530 1171 703 1236 naturaliter
718 1173 754 1236 ad
771 1172 1005 1256 consequendam
1023 1172 1144 1238 salutem
1162 1173 1266 1238 delecti

108 1279 188 1356 sint,
211 1276 299 1341 insita
318 1276 439 1360 quadam
457 1275 537 1360 ipsos
554 1283 689 1359 oporteat
706 1275 882 1339 necessitate
899 1275 1026 1338 narrari,
1070 1273 1177 1362 Neque
1194 1299 1266 1344 vcra

108 1379 196 1469 primi
211 1380 375 1465 dogmatum
393 1376 544 1441 architecti
560 1379 718 1442 eorundem
733 1377 992 1464 perpetrandorum
1007 1378 1079 1464 ipsis
1093 1390 1266 1464 potestatem

107 1484 231 1550 laciatnt.
279 1478 337 1545 Sed
358 1490 388 1543 nt
406 1480 440 1543 ad
460 1479 524 1544 illos
546 1489 697 1558 revertar,
723 1480 788 1544 dnm
807 1499 840 1542 se
856 1480 891 1544 ad
912 1479 938 1542 id
958 1480 1032 1564 quod
1052 1482 1203 1546 sublimius
1224 1494 1267 1546 at·

108 1607 169 1674 qne
183 1585 213 1649 in
231 1583 398 1669 cognitione
414 1583 460 1648 illa
474 1603 527 1647 saa
540 1582 737 1668 praestantius
754 1595 817 1662 est,
841 1583 938 1646 acrius
953 1584 1184 1666 contenderunt,
1208 1586 1268 1671 pri·

108 1711 187 1754 naam
206 1687 342 1751 uidelicet
360 1685 539 1764 Tetradem,
562 1685 603 1750 ita
620 1686 783 1772 disputant:
808 1691 886 1748 Ante
900 1691 993 1748 amnia
1007 1691 1128 1768 pruinam
1145 1701 1197 1763 eat,
1222 1690 1267 1754 in·

108 1793 230 1878 quiunt,
261 1787 432 1870 Prihm'paiam
450 1793 605 1870 quoddam,
634 1793 811 1870 prensamque
829 1791 1044 1869 intellegentium
1062 1811 1167 1856 amnem
1179 1815 1267 1874 supe·

107 1917 197 1969 rans,
221 1897 297 1976 qaod
310 1877 361 1955 nec
375 1895 518 1973 amphiare·
530 1893 622 1954 ambas
635 1914 687 1956 nec
700 1894 886 1973 appellatione
898 1896 1044 1956 declarari
1051 1905 1160 1974 potest,
1185 1917 1266 1978 qaam

108 2021 165 2081 ega
184 2001 322 2062 Unitatem
338 2015 464 2058 nmnero.
512 1999 580 2058 Cam
596 1998 650 2057 lae
668 1999 765 2058 Varum
779 1999 914 2077 quaedam
929 2001 1037 2070 em'atit,
1062 2019 1143 2078 qaam
1159 2010 1187 2060 et
1200 2001 1267 2062 Sin·

105 2105 294 2184 gulan'tatem
316 2121 393 2160 uoco.
440 2099 548 2161 Ambae
567 2119 655 2179 parra
677 2120 740 2160 cam
759 2119 843 2160 anam
860 2110 945 2180 atque
960 2103 1032 2161 silem
1049 2103 1124 2175 aiat,
1156 2105 1267 2162 Franci·

103 2209 188 2288 pn'um
204 2207 340 2286 quoddam
355 2207 474 2264 omnium
490 2223 601 2276 mam,
626 2205 702 2283 qaod
713 2203 901 2282 ahmlhgenhh
913 2205 974 2264 sala
986 2206 1155 2282 percepitur,
1179 2225 1268 2285 neque

104 2311 237 2389 gena'tam
253 2318 296 2367 est
314 2317 365 2366 aut
379 2305 562 2385 aspectabile,
587 2309 661 2366 citra
672 2309 885 2386 prodttatrhnem
902 2307 988 2366 allam
1006 2309 1170 2380 cutmen
1193 2311 1269 2387 quod

106 2414 284 2491 Prtiaea'pa'am
306 2413 335 2471 in
357 2412 449 2470 saeris
467 2411 558 2469 literis
579 2411 676 2470 linitas
696 2411 811 2469 da'er'tar.
859 2411 926 2468 Cam
945 2411 999 2470 lae
1018 2411 1129 2470 Unr'tate
1145 2413 1266 2472 ee'aadem

106 2515 285 2578 substantiae
305 2513 364 2572 alia
384 2515 481 2572 Vertar
503 2515 616 2584 esent,
649 2531 731 2591 qaam
753 2521 783 2572 et
801 2515 888 2591 ipsam
914 2515 1003 2573 {lnam
1023 2513 1142 2592 appello.
1191 2515 1268 2591 Quae

106 2621 220 2702 qaudam
241 2619 383 2688 Virtutes,
420 2617 519 2676 Une'tas
539 2618 667 2694 aitqaam,
701 2624 730 2674 et
747 2617 958 2694 Seiagalam'tas,
992 2617 1094 2676 dlanar
1114 2625 1143 2676 et
1164 2619 1263 2690 Unum,

106 2723 237 2801 reliquas
258 2723 387 2779 Aeonum
409 2721 534 2796 ora‘ga‘nes
551 2728 761 2796 propagarunt.

197 2818 310 2884 Verum
327 2839 411 2903 qaam
428 2818 501 2882 haec
518 2839 534 2880 a
549 2817 673 2882 veritate
688 2817 866 2882 abhorreant
883 2819 996 2898 omnia,
1021 2820 1133 2904 egregii
1150 2821 1265 2906 qnidam
1284 2839 1345 2910 cap.
1360 2842 1403 2892 vt.

106 2925 272 3010 scriptores
288 2921 374 2998 editis
388 2921 530 2985 adversas
545 2940 597 2984 eos
612 2922 830 2984 commentariis
844 2922 1094 3004 demonstrarunt,
1114 2925 1267 3010 praecipue

106 3049 186 3091 vero
199 3021 339 3089 Clemens
353 3022 588 3102 Alexandrinus,
613 3043 698 3108 quem
715 3023 924 3088 Atheniensem
940 3024 989 3088 alii
1007 3025 1126 3104 iaciunt,
1150 3047 1186 3089 ac
1200 3047 1268 3090 san·

107 3141 177 3194 ctas
195 3126 347 3206 lrenaeas,
372 3125 420 3210 qui
434 3137 586 3211 postquam
602 3126 668 3190 illos
684 3127 803 3203 derisit,
828 3127 968 3212 tragicam
984 3127 1062 3191 illam
1079 3129 1268 3200 exclamatio-

106 3253 177 3297 nem
203 3229 336 3294 subiicit:
369 3227 451 3292 lleul
477 3229 550 3293 heul
585 3227 681 3293 Proh!
708 3230 795 3314 prohl
841 3227 952 3293 Merito
974 3227 1115 3313 siquidem
1138 3229 1207 3294 illud
1231 3232 1266 3293 de

106 3355 201 3401 scena
219 3335 417 3419 depromptum
432 3331 467 3394 ad
484 3351 547 3394 eam
565 3331 718 3395 transferri
733 3332 925 3395 calamitatem
941 3343 1038 3418 potest
1052 3353 1134 3416 quam
1151 3343 1268 3416 porten-

105 3439 184 3502 tosis
206 3435 328 3499 vocibus
352 3455 387 3497 nc
408 3443 468 3498 tam
488 3433 629 3510 effrenata
649 3434 767 3498 andacia
785 3453 928 3517 nugarum
947 3435 987 3498 illi
1008 3435 1167 3519 scriptores
1184 3437 1267 3498 inue-

107 3543 202 3617 hunt‚
226 3538 274 3622 qui
290 3536 449 3601 mendaciis
465 3536 526 3600 suis
544 3537 608 3599 licta
625 3536 764 3621 quaedum
783 3536 898 3599 nomina
914 3535 1097 3622 impudenter
1113 3537 1264 3621 affingant.

104 3641 192 3708 Nam
208 3661 272 3704 cum
291 3641 332 3704 ita
348 3638 466 3703 scribit:
497 3645 574 3701 Ante
591 3644 683 3700 omna'a
696 3644 818 3720 premam
836 3644 973 3720 quoddam
989 3651 1032 3701 est
1047 3643 1217 3723 bohemiam
1233 3665 1268 3704 aa

107 3749 253 3819 mamam
287 3746 500 3825 tirtelh'genta'am
516 3763 620 3804 omnem
636 3763 788 3822 eamne,
821 3747 896 3824 quod
911 3765 964 3823 ego
980 3747 1128 3806 Monadem
1143 3749 1263 3827 appello,

108 3869 148 3911 ac
163 3865 297 3910 rursum:
323 3849 391 3906 Cam
409 3849 462 3907 lac
479 3849 600 3907 Monada
615 3849 712 3906 Virtam
726 3849 835 3920 carath,
859 3867 941 3927 qnam
957 3857 988 3908 et
1000 3850 1087 3926 aptam
1102 3849 1267 3929 Singulari·

105 4037 164 4088 aod
175 4037 320 4086 taumnan
335 4037 382 4086 Vct.
394 4036 515 4098 luterprata
524 4037 628 4098 pnmmn
637 4048 673 4084 re·
708 4035 782 4094 Phen,
793 4033 872 4102 pheu!
889 4033 1021 4104 Tragiaum
1030 4035 1181 4088 veredicere
1192 4054 1267 4105 opor-

106 4107 186 4156 stttnit
202 4105 320 4155 Patauina.
709 4113 746 4153 tet
762 4119 836 4170 snper
852 4103 917 4154 hana
932 4103 1058 4154 nominant
1073 4103 1222 4166 lectionem,
1241 4115 1265 4156 et

148 4170 208 4222 Gar.
218 4171 261 4220 Vl.
275 4197 308 4208 -
324 4171 346 4221 l.
359 4167 408 4236 mle
416 4175 508 4234 reposui
521 4184 551 4222 aa
563 4173 614 4221 cad
626 4171 672 4221 Va·
706 4180 801 4222 tentam
821 4169 965 4231 audaciam,
989 4171 1196 4240 quemadmodum
1212 4173 1266 4224 aine

106 4245 200 4292 tamna
236 4241 310 4302 Vulpe
326 4244 390 4289 catat
406 4237 458 4291 καὶ.
707 4239 798 4290 rnhore
810 4238 941 4290 mendacio
954 4257 1000 4291 ano
1011 4240 1110 4292 nomina
1122 4241 1214 4308 poenit.
1237 4243 1266 4292 ln

144 4307 172 4358 2
190 4309 293 4358 Dalanda
315 4313 366 4358 erat
386 4310 471 4360 amata
492 4299 507 4360 ‘o'
528 4311 598 4372 uulpa
620 4313 673 4358 ante
707 4325 739 4359 eo
757 4306 822 4358 enim
839 4307 907 4377 qnod
924 4307 986 4360 dicit
1002 4315 1052 4360 cett.

104 4375 154 4432 ἐπὶ
172 4377 256 4436 ὠνία,
280 4379 418 4426 mundam
435 4379 505 4438 plane
529 4379 673 4438 patarenos.
740 4373 764 4428 l.
782 4381 866 4428 Bittius
881 4393 935 4428 cum
951 4381 998 4429 Vct.
1013 4379 1110 4442 lnterpr.
1127 4379 1216 4430 manti
1230 4391 1266 4429 rt·

106 4449 251 4498 ammom
262 4445 368 4494 atdettert
382 4457 411 4494 aa
424 4459 561 4507 praegressa
571 4447 673 4496 uacatu-
705 4449 771 4508 pontt
786 4442 930 4511 hinniente.

105 4519 131 4566 tc
152 4509 242 4564 datho.
740 4515 766 4564 5.
781 4516 865 4564 uttttns
875 4530 928 4566 cam
941 4519 988 4567 Vct.
999 4518 1087 4567 laenati
1098 4517 1267 4579 tmeprnara

144 4577 173 4633 3.
191 4583 260 4631 tetra
275 4581 366 4632 lrmnat
380 4581 509 4644 tenuero.-
531 4582 571 4644 ln,
589 4579 629 4631 ia!
647 4590 674 4632 et
705 4583 772 4646 pontt
787 4578 921 4650 ldmdtnrt.
