3100 4984
337 319 472 372 raanan
486 319 551 394 prs.
567 321 587 372 t.
604 319 685 372 rou.
699 321 731 372 n.
747 319 848 372 narn.
860 320 986 372 xxxin.
1173 307 1232 372 att

87 447 304 522 teperortsrerr't
325 445 354 506 ria
376 443 520 504 orantum
537 443 643 524 praede
663 445 711 504 cttt
727 454 757 504 et
776 444 905 504 ultorum.
952 437 1038 524 Quod
1062 440 1177 525 quidem
1200 439 1236 504 ad

87 543 292 608 excellentium
311 565 410 608 rerum
430 544 655 633 adumbrandam
675 545 801 629 speciem
817 543 1025 621 constitutum,
1050 554 1080 607 et
1097 565 1115 607 a
1133 563 1236 626 corpo·

85 647 142 710 reis
164 647 198 709 ad
221 646 363 732 spiritalia
385 647 555 712 translatum
568 669 614 710 no
637 657 777 710 mutatum
800 667 853 732 per
874 645 1043 730 allegoriam
1065 646 1234 730 exponitur.

85 746 202 812 Etenim
219 749 329 834 effigias
348 771 382 814 ac
399 751 482 835 signa
501 751 565 814 aliis
581 749 668 813 rebus
683 748 866 814 declarandis
883 748 1011 812 adbibita
1029 749 1171 832 tantisper
1186 771 1237 833 op·

87 852 294 935 portunitatrm
310 849 484 931 babuerunt,
509 854 603 938 quoad
618 853 745 916 noudum
759 852 870 916 veritas
886 851 1047 915 affulserat.
1087 848 1154 934 Qun
1170 872 1237 914 snc-

85 954 207 1018 cedente
224 976 281 1018 nnn
300 975 374 1040 quae
392 956 529 1040 imagini,
553 957 604 1020 sed
615 975 696 1040 qaae
711 954 829 1019 veritati
847 964 1028 1038 congruunt,
1054 955 1152 1016 lacere
1167 973 1237 1016 onu-

85 1057 176 1122 vaoit.
219 1054 308 1142 ldqne
324 1059 416 1143 ipsum
434 1079 498 1122 oum
514 1059 618 1143 reliqui
633 1078 735 1122 omnes
751 1056 895 1142 discipuli,
920 1066 978 1121 tom
995 1056 1146 1143 apostolus
1159 1052 1237 1120 Pau·

83 1159 124 1224 lus
141 1162 282 1225 ostendit.
329 1157 388 1243 Qui
404 1161 556 1245 figuratum
573 1160 642 1225 illud
659 1181 753 1245 gertus
769 1170 888 1245 propter
904 1181 970 1239 nos,
995 1171 1026 1224 ut
1042 1158 1182 1236 diximus,
1206 1157 1235 1220 in

83 1263 219 1345 paschate
237 1263 406 1350 azymisque
425 1265 617 1328 demonstrat.
663 1261 709 1328 De
729 1265 822 1328 altero
843 1283 933 1342 vero,
967 1262 1042 1347 quod
1060 1262 1236 1347 implicatum

83 1366 223 1430 iniustitia
246 1377 310 1446 est,
342 1366 486 1452 loquitor,
518 1388 582 1430 cnm
605 1367 699 1451 legem
723 1367 923 1431 mandatorum
943 1365 986 1429 ait
1003 1365 1032 1428 in
1054 1362 1236 1448 dogmatibus
1250 1383 1375 1442 spatae.

84 1469 267 1552 abrogatam.
315 1467 359 1534 Dc
383 1470 470 1534 tertio
489 1469 631 1553 denique,
660 1471 736 1553 quod
759 1467 915 1532 deterioris
938 1477 984 1532 est
1005 1488 1131 1553 expers,
1161 1470 1234 1540 tec,
1250 1487 1380 1542 nomana

83 1571 193 1655 iuquit,
216 1583 314 1634 sanctu
336 1584 395 1646 est,
420 1584 449 1634 et
469 1576 628 1634 mundatura
649 1583 792 1646 sunctum,
817 1583 846 1632 et
867 1576 970 1634 iustum
991 1572 1150 1634 eddanum.

166 1671 365 1757 Quamobrem
382 1675 453 1740 satis
471 1695 616 1761 superque
633 1675 702 1752 tibi,
727 1686 866 1758 quantum
882 1675 1014 1738 breviter
1030 1670 1235 1757 comprehendi
1250 1681 1311 1751 cap.
1322 1680 1377 1732 t'tt.

83 1787 191 1861 potest,
212 1777 378 1842 declaratas
394 1797 445 1842 eas
461 1777 543 1862 leges
557 1777 684 1841 arbitror
699 1797 774 1861 quae
789 1797 827 1840 ex
842 1777 1017 1841 auctoritate
1033 1775 1180 1840 bominum
1198 1774 1238 1837 ir-

84 1890 256 1964 repserunt,
280 1880 431 1966 ipsamque
448 1880 494 1944 dei
511 1880 605 1963 legem
622 1880 765 1944 trilariam
780 1899 848 1942 esse
866 1879 1000 1944 diuisam.
1048 1875 1192 1963 Superest
1207 1886 1239 1941 ut

83 1985 145 2065 quis
162 1983 212 2045 ille
233 1983 272 2045 sit
286 1984 357 2047 deus
373 1984 448 2068 legis
464 1993 567 2048 auctor
581 1983 734 2046 dicendum
754 1983 898 2046 videatur.
944 1981 1035 2066 atqui
1054 1981 1131 2045 istud
1151 1979 1238 2044 etiam

82 2105 119 2147 ex
137 2085 173 2149 iis
190 2105 264 2170 quae
281 2085 421 2150 hactenus
440 2087 582 2171 disputata
602 2094 681 2164 suut,
705 2085 730 2148 si
749 2095 859 2149 attente
875 2085 1015 2164 audietis,
1040 2092 1108 2169 puto
1124 2082 1174 2145 tibi
1189 2083 1239 2144 de-

82 2197 285 2250 monstratum.
331 2185 407 2252 Nam
430 2188 454 2252 si
474 2209 569 2272 neque
591 2209 607 2250 a
626 2189 756 2272 perlecto
774 2187 824 2252 illo
844 2188 898 2252 deo
919 2187 1012 2272 posita
1031 2186 1081 2250 lex
1101 2197 1165 2262 est,
1198 2183 1238 2246 uti

82 2289 250 2367 docuimus,
283 2309 378 2374 neque
397 2312 469 2354 vero
486 2312 502 2355 a
519 2289 652 2371 diabolo,
684 2291 758 2374 qnod
777 2291 854 2352 dictu
873 2288 958 2352 etiam
978 2291 1059 2353 nelos
1076 2299 1139 2366 est,
1164 2285 1238 2350 alius

82 2390 117 2453 sit
133 2401 263 2476 oportet,
282 2391 331 2476 qui
346 2413 409 2456 eam
425 2393 520 2478 legero
536 2393 702 2458 stabilierit.
738 2391 792 2456 llio
808 2402 855 2456 ost
870 2392 958 2475 igitur
975 2391 1063 2456 totius
1077 2392 1125 2456 ille
1139 2389 1236 2454 muudi

81 2513 241 2577 eorumque
258 2515 333 2577 quac
350 2495 380 2560 in
398 2516 434 2559 eo
451 2495 638 2560 continentur
654 2495 763 2560 artilex
778 2504 808 2558 et
823 2495 974 2572 conditor,
999 2493 1034 2558 ab
1051 2495 1165 2558 illorum
1185 2513 1237 2558 nn·

80 2604 142 2658 tora
161 2595 315 2674 diuersus,
340 2608 370 2660 et
385 2599 414 2662 iu
430 2619 532 2661 eorum
553 2599 648 2662 medio
664 2620 719 2664 suo
734 2598 799 2662 iure
814 2597 1021 2675 collocandus,
1046 2619 1102 2682 qua
1119 2617 1158 2660 ex
1178 2615 1237 2660 me-

80 2697 233 2762 dincritate
252 2700 311 2784 peti
329 2701 394 2764 eius
411 2701 565 2787 appellatio
583 2712 689 2786 potest.
730 2697 818 2783 Quod
833 2700 858 2763 si
871 2701 1017 2784 perlectus
1033 2700 1082 2764 ille
1097 2700 1169 2763 deus
1187 2719 1238 2762 na·

80 2810 144 2865 tura
162 2823 217 2866 sua
235 2801 330 2866 bonus
347 2813 411 2881 est,
437 2814 467 2866 ut
484 2814 530 2868 est
546 2823 650 2867 revera
668 2801 780 2886 (Unum
798 2803 875 2866 euim
895 2803 1003 2868 bonum
1019 2823 1087 2868 esse
1104 2804 1187 2866 deum
1204 2823 1239 2866 ac
1252 2817 1337 2864 Maru.

82 2915 231 2986 parentem
250 2925 334 2968 suom
352 2906 483 2968 salvator
499 2905 642 2984 asseruit,
668 2925 752 2990 quern
771 2917 802 2969 et
818 2905 983 2972 homiuibus
1000 2907 1170 2991 patefecit),
1194 2915 1239 2968 est
1253 2873 1286 2927 ις’
1300 2871 1331 2914 η’

80 3017 176 3069 antem
195 3017 225 3070 et
243 3007 390 3071 contraria
409 3018 513 3072 natura
532 3007 697 3093 praeditus,
722 3009 814 3071 malus
833 3009 969 3072 videlicet
987 3029 1022 3072 ac
1041 3029 1165 3094 pravus,
1190 3008 1238 3092 qui

79 3106 220 3174 iniustitia
244 3109 325 3172 velut
349 3111 465 3196 propria
489 3122 558 3176 nota
581 3111 847 3190 circumscribitur,
881 3111 929 3196 qui
952 3111 1029 3175 iuter
1049 3110 1150 3176 ambos
1173 3109 1238 3176 illos

79 3209 251 3276 interiectus
270 3222 332 3292 est,
358 3224 389 3276 ut
407 3233 501 3297 neque
518 3213 624 3291 bonnas,
650 3235 744 3299 neque
763 3213 855 3277 malus
870 3215 909 3276 sit
923 3225 973 3277 aut
986 3213 1125 3291 iniustos,
1151 3233 1237 3296 pecu·

80 3312 140 3376 llari
157 3316 283 3398 quadam
302 3315 415 3378 ratione
431 3315 526 3378 iustus
544 3316 684 3401 appellari
706 3327 820 3402 potest,
844 3326 988 3399 quatenus
1006 3316 1134 3380 iustitiae
1151 3335 1238 3399 quarn

79 3415 165 3480 babet
188 3419 390 3482 moderatione
417 3418 557 3503 iungitur.
603 3420 701 3502 Atque
722 3429 752 3480 et
770 3419 899 3502 perlecto
920 3418 979 3504 deo=
995 3419 1091 3482 minor
1108 3428 1138 3480 et
1156 3417 1239 3482 iusti·

81 3517 136 3582 tiae
158 3519 240 3584 illius
266 3520 359 3605 impar
379 3521 417 3585 sit
438 3521 514 3584 idem
530 3519 586 3613 ¹illc
611 3521 682 3584 deos
705 3531 838 3603 oportet,
872 3530 971 3606 utpote
994 3541 1051 3583 nnn
1075 3519 1235 3604 ingenitus,

80 3623 127 3684 sed
146 3623 342 3706 generatione
363 3614 539 3707 productus.¹
579 3620 662 3687 Unus
681 3621 758 3686 enim
780 3633 825 3686 est
846 3621 993 3707 ingenitus
1012 3633 1111 3708 pater,
1144 3644 1237 3708 aquo

80 3725 198 3810 proprie
216 3737 286 3788 sunt
304 3723 454 3804 universa,
478 3747 542 3790 cum
558 3725 594 3789 ab
612 3745 648 3790 eo
663 3735 730 3810 aputu
746 3724 805 3788 sint
820 3735 851 3788 et
865 3745 1019 3811 suspensa.
1058 3723 1125 3788 Erit
1141 3737 1238 3790 tamen

80 3827 252 3892 adversario
268 3827 319 3890 illo
335 3827 429 3892 altero
447 3828 541 3890 maior
558 3849 592 3892 ao
610 3827 823 3913 praestantior,
849 3829 964 3892 tametsi
981 3829 1128 3894 diuersam
1146 3829 1186 3894 sit
1203 3831 1238 3894 ab

82 3939 204 4015 utroque
231 3941 363 3994 naturam
389 3930 640 4014 substantiamque
664 3931 799 3996 sortitus.
844 3927 923 3994 Nam
950 3930 1110 3996 adversarii
1135 3943 1238 3998 natura

81 4033 229 4117 corruptio
252 4042 298 4096 est
324 4053 359 4096 ac
386 4033 544 4112 tenebrae,
575 4053 640 4096 cnm
660 4033 782 4097 materia
803 4033 908 4118 quippe
932 4045 1088 4099 concretus
1110 4047 1171 4115 est,
1203 4056 1237 4098 ao

81 4134 245 4220 multiplea.
290 4135 334 4199 m
353 4136 480 4221 parentis
498 4134 624 4198 oninium
646 4136 767 4220 ingeniti
786 4148 888 4200 natura
906 4139 1101 4223 corruptionis
1120 4149 1166 4203 cst
1183 4159 1238 4204 ex·

81 4257 164 4318 pers,
190 4237 302 4322 luxque
322 4238 383 4324 ipsa
403 4259 455 4324 per
473 4249 567 4303 semet
585 4240 736 4316 existens,
760 4237 885 4324 simplex
903 4251 934 4302 et
953 4240 1128 4305 uniusmodi.
1175 4241 1237 4306 llo-

80 4419 374 4510 dqapnxrriptorn,‚quod
388 4429 560 4480 numdandum
574 4429 643 4478 estin
709 4425 734 4482 b.
751 4425 908 4517 nqlpoqtdq'a
922 4433 1012 4512 placuit
1028 4431 1122 4480 Grabr'o.
1172 4491 1180 4514 ‚
1214 4495 1220 4516 ι

80 4510 389 4632 qqfflqqqqqm
420 4564 496 4634 paco
510 4567 566 4618 aaut
580 4565 641 4618 uun.
676 4493 813 4622 apollini?
827 4515 856 4553 ⁰⁹
872 4500 1025 4560 ⁰m'y⁰‘⁸⁶'
1040 4499 1115 4554 Vm
1147 4515 1236 4554 Μῦν
