3100 4984
318 331 454 385 canaan
472 333 535 384 me.
547 335 566 384 ι.
584 333 666 384 non.
683 335 727 384 ιιι.
744 335 981 386 nannrxxxrv.
1163 289 1225 386 433

76 466 170 518 antem
186 455 422 532 incantamenta,
446 462 606 538 peragunt,
630 453 726 517 subito
742 464 945 532 commutatur,
970 463 1002 516 nt
1017 452 1093 519 alind
1109 455 1228 540 saugui-

77 556 142 634 nei,
166 557 303 643 purpurei
320 556 415 635 aliud,
439 555 517 630 aliud
534 555 660 620 caerulei
677 557 785 621 coloris
802 567 950 642 appareat.
996 554 1061 641 Ego
1076 578 1165 638 vero,
1190 578 1227 622 ue

76 671 170 723 actum
187 681 275 744 agere
291 660 410 738 videar,
437 659 510 723 satis
525 679 592 722 esse
607 659 675 724 milri
692 661 834 744 persuasi,
859 660 883 722 si
901 659 936 722 iis
951 669 1052 722 uterer
1068 681 1141 743 qnae
1158 681 1228 724 con·

75 773 120 826 tra
136 761 270 826 Marcum
286 762 362 826 hunc
376 762 498 846 eiusque
513 761 682 846 disciplinae
698 761 845 826 studiosos
861 783 877 825 a
892 761 1079 826 sanctissimo
1095 761 1229 826 beatissi-

74 885 180 950 moque
199 863 324 929 lrenaeo
343 866 487 950 disputata
503 865 655 947 leguntur,
689 885 763 948 quae
782 865 898 950 quidem
920 864 1095 928 adverbum
1115 864 1161 927 lric
1179 865 1230 928 ad·

73 967 229 1031 scribenda
248 965 361 1031 censui.
407 965 484 1032 Sunt
502 977 598 1030 autem
618 967 777 1046 eiusmodi,
801 967 922 1052 quaein
941 965 1056 1032 illarum
1072 987 1232 1032 recensen-

73 1071 120 1134 dis
143 1069 326 1154 dogmatibus
349 1069 514 1155 pertexuit:

539 1258 587 1310 EX
611 1257 763 1310 taenareo,

160 1373 270 1440 Pocula
286 1377 356 1440 vino
373 1387 548 1462 temperata,
572 1376 731 1460 gratiarum
748 1377 893 1441 actionem
907 1377 1058 1456 simulans,
1088 1387 1117 1440 et
1134 1376 1231 1442 solen·
1250 1389 1308 1440 cto.
1328 1391 1359 1440 tt.

72 1501 142 1543 nem
160 1480 338 1564 precationis
357 1481 507 1543 [etatulam
524 1479 684 1562 longiorem
700 1479 858 1557 adhibens,
882 1501 1028 1565 purpurea
1041 1479 1186 1564 rubroque
1201 1489 1232 1542 nt
1357 1471 1360 1478 ’

70 1593 237 1667 appareant
257 1583 360 1662 efficitq
392 1583 466 1644 adeo
488 1593 520 1645 ut
539 1603 696 1667 supernam
717 1583 797 1646 illam
818 1583 1033 1666 coelestemque
1050 1581 1172 1665 gratiam
1195 1582 1232 1646 ad

71 1687 139 1748 eius
161 1685 375 1748 invocationem
396 1706 479 1748 suum
498 1685 527 1748 in
546 1685 593 1748 illa
610 1705 681 1748 vasa
698 1687 871 1768 sanguinem
886 1685 1027 1748 instillare
1046 1695 1232 1770 pateantque

70 1788 252 1851 adstantium
276 1807 362 1850 uerno
384 1789 423 1851 sit
440 1785 486 1871 qni
506 1809 564 1851 nou
581 1787 722 1871 liquorem
744 1788 819 1851 burro
836 1798 957 1872 gustare
974 1787 1165 1851 veliementer
1183 1805 1243 1882 ap·⁸

70 1901 175 1976 petat,
207 1889 346 1973 qnoeius
365 1889 608 1953 animumdiviua
631 1889 698 1966 illu,
732 1911 816 1973 qnam
836 1911 938 1974 mogus
955 1889 1107 1973 implorat,
1140 1890 1234 1973 gratia

73 1991 228 2056 uberrime
244 1992 408 2078 perlnodat.
455 1990 614 2056 Praeterea
631 1991 800 2056 mulieribus
815 2002 975 2077 temperata
990 1991 1038 2055 illo
1052 2012 1123 2056 vasa
1140 1991 1234 2076 porri·

71 2116 150 2180 gens
170 2115 268 2158 coram
285 2115 318 2158 se
334 2093 509 2158 benedicere
525 2095 616 2158 iubet.
663 2091 738 2158 Τιιιιι
758 2095 833 2158 aliud
849 2097 982 2180 poculum
1001 2115 1037 2158 eo
1053 2093 1098 2158 cui
1114 2093 1234 2157 denedi-

71 2197 204 2261 etiooem
223 2196 328 2260 mulier
343 2197 483 2281 impertiit
498 2198 586 2282 longe
603 2197 738 2281 capacius
755 2198 927 2282 proler'eos,
951 2207 980 2260 et
997 2197 1071 2259 inid
1088 2215 1104 2258 e
1120 2196 1234 2258 minore

72 2300 126 2362 illo
144 2299 372 2378 transfundens,
395 2301 435 2362 ita
451 2301 617 2385 praelator:
643 2304 741 2362 Grattir
756 2304 812 2375 dei,
837 2321 908 2381 quoe
923 2311 988 2362 onte
1004 2303 1161 2371 emundent,
1184 2299 1234 2360 oe-

71 2425 131 2484 que
148 2407 243 2464 annino
260 2407 372 2482 concipi
386 2415 440 2463 unt
453 2403 596 2483 eaplr'rorr'
605 2415 714 2484 potest,
740 2407 900 2464 interrorem
916 2413 994 2463 tuum
1009 2405 1144 2463 domanam
1159 2421 1234 2462 anm·

65 2509 170 2585 plent,
195 2525 230 2566 oe
245 2525 325 2565 suurn
340 2509 370 2565 in
386 2517 414 2565 te
426 2509 611 2584 cognitionem
627 2517 741 2584 nogent,
764 2525 887 2586 monum
902 2508 1010 2584 sinapi
1022 2508 1052 2565 in
1067 2505 1165 2566 donam
1178 2514 1235 2564 ter·

70 2629 138 2668 rom
153 2611 310 2668 demittens.
354 2605 407 2670 llis
424 2607 508 2670 dictis
524 2608 620 2670 statim
636 2607 782 2671 infelicem
798 2607 919 2671 illumin
935 2607 1062 2670 furorem
1079 2605 1180 2683 vertit,
1205 2615 1236 2670 et

71 2710 302 2795 praestigiarum
320 2729 352 2772 se
369 2709 510 2773 artificem
526 2709 706 2794 comprobat.
747 2709 884 2795 Repente
898 2709 975 2772 enim
992 2708 1085 2772 maius
1100 2707 1168 2772 illud
1184 2729 1234 2792 po·

71 2812 189 2888 culum,
213 2811 242 2874 in
260 2812 335 2895 quod
351 2811 446 2874 minus
461 2813 593 2876 delusum
609 2823 665 2891 est,
690 2811 733 2876 sic
747 2814 878 2898 repletur
894 2824 926 2876 ut
940 2833 1007 2875 sese
1024 2811 1118 2895 liquor
1133 2831 1236 2894 super·

71 2916 193 2976 fundat.
240 2912 323 2976 llaec
345 2923 382 2992 et,
396 2915 432 2977 iis
455 2915 561 2978 similia
580 2915 718 3000 pleraque
739 2916 851 2980 inciens
870 2914 1066 2999 compluribus
1087 2912 1180 2977 illusit
1200 2933 1234 2976 ac

69 3037 178 3079 secum
197 3015 329 3081 abduxit.
376 3012 526 3081 Credibile
542 3029 588 3081 cst
603 3018 707 3082 adesse
723 3019 763 3082 illi
780 3020 951 3081 daemonem
968 3017 1128 3100 quendam,
1152 3015 1235 3078 cuius

70 3139 170 3204 opera
185 3129 216 3180 et
232 3119 385 3182 vaticinari
404 3120 539 3183 videatur
556 3132 602 3198 et,
627 3143 698 3206 quas
716 3141 782 3186 esse
800 3120 903 3204 dignas
921 3120 1087 3197 censuerit,
1113 3119 1235 3180 eandem

67 3223 134 3284 illis
154 3221 303 3284 divinandi
326 3222 384 3284 rim
405 3223 523 3286 tribuat.
569 3221 646 3287 Nam
665 3246 729 3288 cum
749 3223 918 3287 mulieribus
936 3221 1115 3306 potissimum
1135 3240 1237 3283 versa·

69 3339 144 3402 tur,
177 3325 347 3408 eisdemque
367 3325 491 3410 eleganti
512 3336 616 3390 ornatu
635 3348 668 3388 ac
685 3347 812 3411 purpura
828 3323 1022 3408 praetextatis
1039 3333 1069 3386 et
1084 3320 1235 3407 locupleti-

67 3429 151 3506 bus,
183 3447 256 3510 quas
278 3437 310 3489 nt
328 3427 363 3489 ad
383 3449 451 3491 sese
470 3429 615 3513 pelliciat,
647 3428 690 3492 sic
710 3449 761 3492 eas
779 3425 931 3490 blandiens
950 3426 1121 3510 alloquitur:
1155 3427 1239 3486 Libet

63 3535 192 3611 gratim
207 3529 261 3590 tr'dr'
273 3549 349 3590 meae
362 3533 472 3611 aliquid
487 3552 653 3612 aspergere,
677 3535 806 3612 quantiam
819 3551 915 3590 rerum
932 3533 1051 3590 amarum
1065 3551 1171 3610 parens
1185 3551 1236 3592 an-

63 3635 173 3713 gelum
190 3643 269 3693 tuum
284 3635 398 3694 aaar'duo
416 3653 510 3694 eoram
528 3655 590 3696 sese
607 3637 690 3694 vadet.
736 3637 830 3694 Locos
844 3653 932 3714 porro
951 3635 1153 3710 magnitudinis
1172 3643 1236 3694 tune

66 3741 106 3796 in
129 3735 213 3796 nadr'e
233 3747 285 3795 est.
333 3739 366 3796 In
389 3757 473 3796 unum
495 3739 652 3798 caahseere
671 3758 723 3797 nos
740 3747 859 3817 oportet.
905 3739 1029 3795 Prainmo
1051 3739 1142 3814 igitur
1160 3759 1178 3796 n
1194 3757 1237 3797 ane

65 3859 111 3900 ae
131 3859 188 3918 per
210 3859 253 3898 me
273 3840 398 3917 gratim
423 3843 528 3920 accipe.
581 3843 725 3920 Praepruru
749 3851 775 3900 te
801 3850 930 3920 tanquam
957 3857 1086 3917 monsone
1106 3859 1236 3919 mansum

64 3973 151 4042 μένον
159 3989 258 4024 rcmrue
268 3977 367 4036 uestigio
376 3979 429 4024 anot
439 3979 573 4038 conspicuo,
584 3990 643 4038 qnue
710 3973 735 4026 8.
753 3977 789 4025 ltu
802 3975 869 4024 codd.
880 3977 952 4024 Vatia.
967 3976 1041 4025 Venit.
1053 3977 1159 4040 illediq,
1173 3977 1236 4026 editt.

62 4047 181 4094 duorum
195 4045 242 4105 {ere
256 4043 377 4102 litatorum
389 4046 492 4104 epatium
506 4047 625 4106 comptem.
674 4047 750 4105 ponc.
768 4049 789 4094 et
805 4045 902 4106 Pedum,
925 4057 972 4094 ooo
989 4039 1084 4110 adecti,
1110 4051 1137 4096 ut
1152 4048 1237 4108 tepitur

108 4111 135 4160 5.
154 4109 246 4176 μικροῦ
264 4112 331 4160 codd.
349 4113 421 4160 Velie.
440 4117 460 4160 et
480 4114 571 4174 tenet,
588 4114 641 4161 edit
676 4115 739 4163 oliti.

59 4185 158 4234 Pelen.
182 4173 293 4244 μεγάλου
309 4179 360 4228 cod.
369 4179 465 4241 ltdedr'q.
475 4185 496 4229 et
505 4181 558 4228 edit.
566 4183 641 4242 princ.
709 4179 733 4230 9.
751 4189 808 4230 tuae
818 4177 994 4246 magnitudinis
1004 4183 1071 4232 dubet
1083 4184 1128 4233 l'ed
1139 4183 1236 4245 totemr.

106 4245 134 4298 6.
152 4242 306 4314 ἄπηγείοχεν
321 4247 389 4296 codd.
406 4247 481 4297 Venit.
495 4249 568 4296 Votic
583 4249 641 4297 ltlte-
673 4249 768 4298 trenaee.

60 4320 125 4379 dig.
144 4319 166 4364 et
182 4315 237 4364 edit.
251 4317 329 4375 princ
363 4307 512 4390 dqrqqrieqeu
529 4317 582 4364 edit.
596 4318 640 4366 Pe·
712 4315 750 4366 10.
772 4307 805 4369 δι’
829 4311 901 4383 η’μάς
929 4315 965 4377 εἰς
990 4315 1018 4372 τὸ
1045 4316 1236 4386 ἐγκαταστῆσαι

58 4395 124 4437 tav.
149 4385 189 4433 ste
203 4382 267 4445 infru
281 4379 574 4446 numentanorum
587 4399 641 4436 συι-
675 4385 743 4434 codd.
763 4385 838 4434 Venit.
863 4391 883 4435 et
903 4388 976 4436 tutte,
1019 4389 1092 4448 Vntpn
1116 4391 1178 4436 emat
1202 4383 1234 4441 δι’

58 4448 183 4520 agg-elege-
674 4447 747 4518 η’μᾶς
758 4449 957 4518 ἐγκαταστῆσαι.
984 4456 1030 4504 l'et.
1040 4457 1169 4517 interpres:
1186 4455 1235 4504 Lo·

105 4520 135 4571 7.
153 4521 189 4570 llo
204 4517 273 4568 codd.
285 4519 360 4567 tener.
372 4523 393 4567 el
408 4519 481 4570 torte.
496 4525 517 4571 tl
530 4523 583 4570 edil.
597 4523 641 4571 Pe·
676 4535 717 4568 cus
740 4531 823 4568 atatem
843 4530 901 4570 tuae
918 4520 1092 4586 magnitudinis
1116 4521 1141 4571 in
1163 4521 1235 4572 nobis

56 4601 123 4644 tov.
158 4581 307 4638 nolentiam
325 4587 466 4648 adltprinc.
676 4597 728 4647 ecta
755 4597 856 4655 oportet
881 4605 927 4639 une
948 4588 973 4638 in
998 4605 1071 4639 noum
1095 4590 1233 4642 convenire.

129 4665 219 4724 (torpor
233 4663 371 4716 tlemuot.
385 4665 414 4713 n.
990 4677 1031 4742 28
