3100 4984
365 293 500 346 censen
517 295 579 346 ure.
593 295 612 346 r.
630 294 711 349 rou.
726 296 757 347 n.
773 295 872 348 neue.
888 297 989 348 xxxi.
1190 285 1248 348 361
1314 255 1315 260 “

104 413 197 479 medin
213 415 244 480 in
261 415 327 480 lucu
343 433 412 480 sese
428 391 608 480 contineant.
653 411 814 481 Praeterea
829 415 954 481 Animas
968 416 1073 482 iterum
1094 417 1148 482 boe
1164 418 1250 514 mpdo

104 517 245 582 dividunt.
292 517 441 603 Quasdam
465 518 541 582 euim
565 529 668 582 natura
692 519 801 598 bones,
832 519 905 582 alias
928 530 1032 583 natura
1053 521 1145 584 malas
1165 541 1248 586 esse:

102 619 195 684 burras
211 622 353 685 eiusmodi
370 641 437 686 esse
453 641 526 704 quae
543 623 577 685 ad
593 621 797 708 excipiendum
818 641 917 686 semen
937 622 1062 686 idoneae
1081 623 1151 703 siut,
1175 624 1249 708 quod

103 723 195 788 malac
217 724 296 790 uullo
318 725 404 789 modo
427 734 550 810 possunt
570 725 733 810 percipere.

188 826 269 892 Haec
286 839 331 892 est
346 828 460 892 illorum
477 826 621 908 doctrina,
645 847 729 912 quarn
740 847 842 912 neque
859 827 1016 913 prophetae
1033 827 1249 912 praedicerent,
1286 843 1345 910 cap.

103 951 198 1014 neque
214 931 347 994 dominus
363 930 497 1009 tradidit,
529 950 583 994 nec
601 930 724 1016 apostoli
743 930 934 1014 reliquerunt.
980 927 1046 1014 Qua
1066 931 1181 1014 quidem
1197 913 1361 994 uri-xm

103 1033 183 1097 ninas
196 1034 303 1118 scripta
318 1055 358 1099 ex
375 1031 523 1098 auditione
541 1033 584 1097 sic
601 1043 736 1118 arrepta,
760 1044 792 1096 ut
805 1033 880 1116 quod
897 1033 926 1095 in
943 1033 1098 1120 proverbio
1114 1043 1176 1108 est,
1209 1035 1253 1096 lu-

103 1157 170 1200 nem
187 1157 227 1201 ex
246 1157 336 1201 arena
355 1147 459 1200 texere
477 1145 637 1216 cuneatur,
669 1135 733 1221 plus
749 1155 782 1200 se
801 1135 908 1200 ceteris
926 1135 961 1199 de
980 1135 1183 1200 universorum
1202 1157 1253 1200 ua·

104 1251 169 1304 turs
186 1240 263 1304 scire
276 1240 451 1324 glorientur.
497 1239 544 1302 nt
562 1259 597 1302 ea
612 1259 684 1302 uero
699 1259 773 1322 quae
789 1239 917 1302 diximus
933 1238 1146 1324 comprobanda
1163 1259 1253 1324 quae-

101 1344 168 1406 dam
184 1363 200 1407 e
219 1343 312 1408 sacris
325 1342 419 1406 literis
435 1342 670 1421 accommodarem
694 1340 854 1406 cuiusmodi
872 1352 940 1405 suut
955 1351 1112 1425 usurpatae
1128 1363 1145 1405 a
1161 1343 1252 1406 dumi·

101 1467 142 1510 no
165 1445 338 1531 parabolae,
370 1457 421 1510 arnt
443 1443 629 1531 propheticae
646 1445 828 1524 sententiae,
861 1454 912 1508 aut
930 1445 1129 1529 apostolorum
1149 1445 1251 1524 rerba,

102 1571 139 1613 ue
170 1549 312 1613 conflatae
342 1549 378 1612 ab
407 1549 444 1610 iis
474 1546 585 1612 tabulae
612 1567 733 1632 prorsus
760 1547 928 1612 testimonio
956 1567 1058 1611 carere
1084 1547 1250 1611 videantur.

103 1649 288 1736 Quamquam
304 1651 467 1714 dieiuurum
483 1651 667 1716 oraculorum
683 1650 814 1714 ordinem
829 1650 993 1734 seriemque
1009 1649 1195 1730 perimebant,
1219 1671 1254 1714 ac

102 1755 199 1839 quoad
215 1755 245 1817 in
261 1754 331 1839 ipsis
348 1755 434 1818 situm
451 1765 507 1832 est,
532 1753 677 1832 veritatis,
701 1752 907 1832 albedinem,
932 1752 1060 1816 membra
1077 1753 1251 1819 dissolvunt.

99 1855 182 1921 Nam
205 1857 233 1920 iu
256 1857 381 1922 alienum
401 1857 495 1921 lucum
515 1856 654 1920 translata
676 1877 711 1920 aa
730 1865 905 1920 commutata
924 1856 1061 1940 pleraque
1083 1867 1113 1920 et
1134 1856 1190 1920 alia
1214 1877 1254 1919 ex

101 1960 169 2024 aliis
186 1962 261 2023 laeta
279 1961 322 2024 sic
337 1961 504 2047 proderunt,
528 1967 560 2024 ut
575 1958 738 2024 divinarum
755 1959 978 2039 sententiarum,
1002 1979 1075 2044 quas
1090 1979 1255 2022 accommo-

103 2067 191 2146 dant,
216 2063 320 2128 callido
335 2063 457 2148 quodem
470 2061 685 2146 artificiosaque
702 2072 843 2126 contextu
857 2062 964 2126 multos
979 2063 1007 2126 in
1024 2081 1154 2125 errorem
1170 2061 1255 2124 indu-

103 2179 185 2232 cant.
231 2163 479 2249 Quemadmodum
496 2164 521 2226 si
540 2165 725 2250 imperatoris
739 2165 836 2249 imago
853 2164 1054 2250 pulcherrimis
1069 2185 1110 2228 cx
1126 2175 1255 2228 tesseru-

103 2270 139 2334 lis
163 2289 179 2331 a
199 2269 294 2354 perito
309 2268 431 2351 quodam
452 2267 562 2331 artibus
580 2267 668 2330 luerit
686 2267 851 2345 elaborata,
884 2289 918 2330 ac
937 2265 1096 2353 quispiam,
1129 2266 1255 2330 bominis

104 2371 200 2458 effigie
219 2370 376 2446 dissolute,
400 2391 435 2432 ac
451 2370 636 2456 transpositis
654 2369 795 2454 aliterque
813 2369 962 2434 collocatis
980 2369 1149 2448 tesserulis,
1173 2368 1256 2433 annis

103 2487 154 2540 eut
170 2473 341 2560 vulpeculae
357 2472 485 2558 speciem
503 2472 663 2559 exprimet,
688 2492 725 2537 ue
741 2492 805 2535 eam
822 2473 936 2557 quidem
954 2483 1034 2536 recte
1052 2473 1254 2558 compositam,

104 2591 164 2642 tum
180 2579 303 2641 affirmet
318 2576 373 2640 boc
386 2576 480 2661 ipsum
498 2595 564 2638 esse
578 2575 726 2660 egregium
741 2575 926 2661 imperatoris
941 2574 1126 2639 simulacrum
1141 2575 1176 2638 ab
1190 2575 1255 2638 exi·

103 2681 163 2744 urio
179 2679 291 2744 artidce
306 2679 416 2742 allabro
432 2680 550 2756 laetum,
574 2678 711 2742 ostendat
724 2689 754 2742 et
769 2679 834 2742 illas
850 2678 885 2741 ab
902 2679 1004 2744 ecdem
1019 2679 1054 2742 ad
1072 2679 1256 2743 relerendam

104 2781 244 2870 principis
261 2782 381 2866 liguram
398 2789 617 2866 coagmentatas
632 2781 808 2860 tesserulae,
832 2801 898 2845 ase
915 2803 988 2846 vero
1006 2793 1108 2867 postea
1124 2782 1255 2845 carrinam

102 2887 132 2950 in
157 2888 280 2950 [ormam
304 2884 476 2962 translatas,
510 2893 596 2969 atque
615 2883 757 2948 eiusmodi
776 2883 985 2948 tesserularum
1002 2885 1100 2970 specie
1116 2883 1257 2970 imperitis

102 2989 223 3066 illudat,
248 2987 296 3072 qni
315 2987 451 3074 principis
469 2985 624 3070 imaginem
642 2986 768 3050 neudum
786 2987 883 3051 auimo
901 2989 1106 3073 conceperint,
1137 3007 1257 3072 persua·

104 3093 230 3175 dentque
249 3111 335 3174 quarn
356 3088 397 3154 illi
419 3089 519 3153 vident
534 3099 646 3172 turpem
665 3089 760 3174 vulpis
774 3091 896 3175 effigiem
914 3091 1092 3177 praeclaram
1110 3089 1187 3152 illam
1203 3089 1257 3152 im·

104 3191 251 3280 perstaris
269 3211 335 3254 esse
355 3199 496 3254 statuam:
521 3191 564 3255 sic
580 3191 628 3256 isti
645 3193 682 3255 ed
699 3193 836 3258 ridiculas
855 3193 1005 3276 anilesqne
1023 3213 1095 3276 ques
1113 3201 1258 3256 consuunt

104 3315 199 3381 nugas
222 3303 377 3378 conrogata
400 3293 467 3358 binc
490 3305 519 3358 et
540 3295 620 3358 illinc
643 3295 732 3359 verba
755 3308 785 3360 et
803 3295 954 3379 parabolas
973 3293 1089 3358 trahunt
1107 3313 1141 3356 aa
1159 3293 1257 3356 divina

104 3418 249 3485 responsa
264 3397 369 3461 sabulis
386 3396 447 3460 suis
463 3397 579 3482 illigare
595 3399 785 3462 contendunt.
831 3395 879 3461 Ex
895 3397 999 3481 quibus
1015 3415 1088 3480 quae
1102 3398 1137 3460 ad
1155 3393 1257 3460 Plero-

105 3523 150 3565 ma
172 3500 322 3588 pertiuere
343 3500 479 3564 ridentur
500 3501 585 3586 paulo
607 3511 675 3565 ante
698 3500 860 3565 retulimus.

191 3601 277 3686 Quae
300 3623 372 3666 vero
395 3603 429 3666 ed
449 3621 485 3667 ea
502 3621 577 3688 quae
596 3612 681 3667 extra
695 3601 829 3666 Pleroma
846 3611 915 3664 sant
931 3600 1025 3664 sacris
1042 3619 1080 3664 ex
1097 3600 1190 3668 literis
1207 3623 1257 3666 ac·
1299 3608 1359 3676 cap.

106 3707 302 3784 commodant,
323 3704 466 3770 eiusmodi
481 3707 544 3770 lere
558 3717 636 3768 sunt.
677 3701 827 3769 Christum
842 3703 988 3766 dominum
1003 3705 1158 3788 postremis
1173 3725 1257 3770 aruu-
1273 3678 1384 3729 xxm·

107 3811 134 3876 di
151 3808 332 3896 temporibus
349 3807 476 3894 patiendi
492 3808 586 3892 gratia
603 3807 760 3872 advenisse
776 3806 892 3884 dieunt,
917 3804 1008 3868 ultimi
1029 3816 1060 3869 ut
1077 3807 1190 3870 Aeonis
1208 3828 1257 3871 ca-

107 3933 170 3978 sum
185 3935 221 3976 aa
235 3910 429 3976 calamitatem
445 3913 625 3989 ostenderet,
646 3932 680 3976 ac
694 3911 783 3975 tutius
800 3909 934 3974 Aeonum
952 3909 1061 3994 negotii
1076 3909 1186 3974 snitum
1203 3931 1257 3974 suu

109 4071 237 4130 Grcbtam,
255 4073 276 4117 et
294 4067 341 4116 l'et.
355 4070 475 4129 talerprer.
734 4065 759 4120 8.
777 4062 984 4124 συντελεσθείσας
996 4065 1122 4127 prrururt
1133 4065 1257 4115 radbodi.

140 4135 164 4188 4.
179 4137 294 4188 ltocodd
302 4136 356 4184 Van.
367 4135 562 4197 erecturam,
573 4139 594 4184 el
605 4137 668 4186 Colo.
734 4133 760 4186 9.
777 4131 893 4200 δευτέρου
919 4135 1045 4197 prroemi
1064 4135 1132 4185 codd.
1148 4133 1215 4184 aaut.
1236 4139 1258 4184 et

108 4207 242 4268 Εμιυτασυιί.
274 4201 417 4270 μετενέγκσι
431 4203 467 4252 ια.
481 4206 566 4265 priua,
583 4208 604 4252 et
617 4205 668 4254 aad
703 4205 766 4255 Golb.

108 4276 175 4324 soca
188 4274 324 4334 prraenui.
358 4267 496 4338 μετενίγκῃ
514 4273 550 4320 ed.
565 4273 646 4322 Petne.
739 4270 777 4321 ld.
793 4267 837 4324 dud
856 4287 885 4323 τε
902 4268 1021 4338 ῥημάτων
1042 4266 1086 4323 eal
1104 4265 1192 4330 λέξεων
1213 4267 1258 4322 καὶ

142 4342 166 4390 5.
182 4335 281 4406 ταύτης
305 4335 409 4405 φαύλως
429 4337 669 4406 κατεσκευασμένης
701 4337 848 4408 παραβολῶν
866 4341 991 4402 prruemr'
1004 4341 1072 4390 codd.
1083 4339 1151 4388 bodl.
1162 4343 1183 4388 et
1194 4339 1257 4388 colb.

109 4411 235 4474 Epnrceml
251 4409 319 4458 codd.
336 4409 398 4458 colb.
415 4411 436 4457 et
451 4408 518 4457 Bodl.
738 4407 776 4458 ll.
795 4403 889 4460 ἑαυτῶν
913 4409 1040 4471 prruems'
1061 4405 1130 4456 codd.
1147 4407 1214 4456 Bcdt.
1238 4412 1260 4459 et

141 4475 165 4528 b.
182 4477 227 4529 rod
245 4491 291 4527 om.
308 4475 358 4526 aad.
378 4477 431 4526 Ven-
705 4478 769 4528 colb.
1275 4531 1278 4540 ‚

142 4543 167 4598 7.
185 4541 282 4610 ἐκείνην
301 4538 386 4598 εἰκόνα
402 4549 471 4608 capet
488 4545 538 4595 cod.
556 4545 609 4598 Vm.
739 4545 777 4597 1¹2.
795 4547 831 4596 lto
846 4545 896 4598 sod.
912 4547 966 4596 Vm.
1002 4545 1076 4607 t'utpo
1092 4539 1118 4599 ir
1134 4543 1194 4607 τοῖς.
