3106 4990
329 281 471 334 ¹tantumn
488 281 550 334 uro.
564 282 584 332 r.
601 281 682 336 rom.
696 281 739 332 m.
756 279 855 332 noea.
866 279 989 332 xxxiv.
1175 271 1236 334 455

85 411 162 468 otas.
213 399 313 485 Quare
338 402 504 488 priusquam
526 399 650 466 Graecis
674 399 722 464 illa
744 401 929 466 traderentur
952 419 1093 484 nusquam
1119 398 1238 464 Veritas

84 527 154 570 esso
172 506 275 591 potuit.
321 501 437 589 Corpus
454 504 530 568 errim
544 503 648 589 ipsius,
672 514 702 568 ut
719 503 775 581 nis,
795 500 910 580 Marce,
936 498 1047 566 Cadmo
1063 513 1119 581 est,
1144 502 1238 590 iisque

85 609 136 692 qai
153 608 232 672 illum
250 618 484 686 antecesserunt,
509 605 668 686 recentius,
692 605 857 690 ceterisque
873 606 946 668 adeo
965 605 1013 688 qui
1030 605 1173 669 elementa
1192 627 1239 672 re-

82 711 163 794 liqua
180 720 371 794 repererunt,
395 731 429 772 ac
445 719 473 772 te
487 709 572 772 etiarn
586 709 662 793 ipso.
706 705 755 799 Tu
770 709 847 772 enim
861 707 943 798 solus
958 729 1035 785 eam,
1059 729 1144 792 quam
1160 711 1238 774 veri·

83 823 175 875 tatem
191 812 331 898 appellas,
355 811 456 875 urascio
472 813 546 895 quod
562 812 590 874 in
607 809 793 874 simulacrum
810 799 977 874 detraxisti.
1019 808 1150 896 Ecquem
1166 833 1238 876 rero

83 927 170 1000 putas
193 926 268 980 tuam
291 914 368 978 illam
392 935 484 998 usque
508 935 544 977 co
566 914 716 999 loquacem
740 909 832 996 Sigeo
856 933 942 997 posse
962 914 1128 993 sustinere,
1163 935 1237 999 quac

82 1039 153 1082 euru
172 1017 303 1080 nominet
324 1017 371 1101 qui
392 1015 535 1080 nominari
558 1026 702 1100 nequeat,
734 1027 766 1078 et
780 1014 1177 1100 inexplicabilemexplicct,
1209 1027 1239 1080 et

82 1120 134 1204 qai
161 1119 247 1184 nullis
270 1118 404 1202 vestigiis
427 1119 603 1204 deprehendi
630 1128 727 1204 potest
748 1117 924 1200 investiget?
967 1114 1045 1200 Quid
1068 1119 1143 1202 quod
1168 1139 1236 1205 npe-

80 1222 182 1286 ruisse
199 1221 269 1284 dicit
282 1242 315 1284 os
332 1221 431 1300 illum,
455 1241 540 1305 quem
557 1232 587 1284 tn
604 1221 699 1284 omnis
718 1231 748 1282 et
766 1219 898 1304 corporis
914 1231 1067 1305 expertem
1082 1233 1109 1284 et
1127 1222 1236 1303 ligures

80 1323 255 1410 praedicas,
288 1343 513 1407 sermonemque
532 1323 575 1388 sic
594 1334 728 1408 tanquam
749 1321 938 1406 compositum
959 1323 1111 1406 quodpiam
1130 1325 1238 1388 animal

80 1426 231 1490 edidisse?
275 1423 370 1509 Quem
388 1426 474 1489 etiam
490 1447 655 1490 sermonum
676 1426 737 1490 eius
755 1445 771 1488 o
789 1445 846 1508 quo
862 1425 1019 1509 productos
1036 1437 1082 1490 est
1098 1425 1234 1507 similem,

80 1529 266 1614 effigiemque
285 1549 339 1592 nec
358 1527 543 1612 aspectabilis
562 1526 697 1592 Parentis
716 1529 925 1591 elementorum
945 1527 1081 1610 triginta,
1111 1529 1237 1614 syllaba·

79 1655 148 1696 rum
167 1642 291 1716 quatuor
306 1651 374 1694 esse
389 1629 497 1694 docuit.
534 1629 730 1714 Quamobrem
745 1629 949 1694 universorum
964 1627 1077 1692 Parcas
1093 1632 1154 1710 ille,
1171 1653 1237 1717 per·

80 1735 153 1798 iudo
177 1755 210 1796 ac
233 1753 350 1808 sermo,
381 1742 413 1796 ut
436 1734 565 1812 asseris,
596 1732 715 1796 tricenis
738 1730 890 1796 elementis
913 1752 947 1794 ao
969 1732 1089 1817 syllabis
1112 1745 1238 1818 quatuor

79 1835 241 1900 constabit.
288 1831 362 1917 Quis
384 1835 453 1898 illnd
476 1855 548 1899 vero
568 1835 712 1920 patienter
729 1835 821 1910 ierat,
854 1834 883 1896 in
904 1835 1012 1918 figuras
1033 1856 1068 1896 ac
1085 1857 1235 1916 numeros,

79 1939 157 2004 alias
173 1935 289 2014 XXX,
313 1938 385 2002 alias
404 1935 531 2016 XXlV,
556 1959 760 2021 norrnunquam
779 1933 839 2016 Vl,
864 1938 1044 2000 conditorem
1063 1939 1189 2003 onrrrinm
1207 1951 1238 2004 et

79 2041 225 2106 artificem
242 2041 505 2124 labricatoremque
521 2039 566 2102 dei
582 2060 746 2103 sermonem
763 2059 780 2102 a
797 2049 825 2102 te
843 2039 991 2102 redactum
1009 2052 1095 2123 atque
1112 2045 1237 2107 constri-

79 2155 182 2220 ctum,
213 2143 280 2206 dnm
299 2143 374 2206 buno
396 2143 425 2206 in
443 2142 571 2228 syllabas
588 2139 649 2220 lV,
682 2142 800 2226 triginta
821 2163 894 2206 vcro
917 2142 1062 2206 cleroouta
1085 2145 1237 2210 concidis?

80 2244 142 2328 Qui
168 2247 312 2310 dominum
336 2245 479 2323 omnium,
513 2267 608 2329 aquo
626 2245 769 2309 coelestes
792 2244 833 2308 illi
853 2244 940 2308 orbes
960 2246 1069 2308 lundati
1090 2257 1175 2326 sunt,
1206 2249 1236 2312 ia

79 2344 400 2412 Dccctxxxvttt
424 2368 575 2412 numerum
598 2347 738 2426 includis,
772 2347 856 2430 quasi
876 2346 1000 2411 similem
1019 2347 1162 2432 alpbabeti
1184 2371 1235 2414 na·

79 2463 178 2516 turam
201 2449 340 2514 obtineat.
387 2447 446 2534 Qui
468 2471 610 2514 summum
633 2447 808 2527 Parentem,
832 2469 849 2514 a
872 2471 929 2534 qno
951 2453 1236 2535 comprehenduntur

79 2553 199 2630 omnia,
229 2575 295 2616 cum
314 2575 331 2616 o
349 2551 464 2616 nemine
482 2553 544 2638 ipsc
562 2553 841 2638 comprehendatur,
865 2553 895 2615 in
913 2551 1090 2632 Tetradem,
1115 2551 1234 2638 Ogdoa-

79 2657 161 2732 dem,
187 2653 336 2719 llecadcm
351 2653 595 2740 Dodeeademquc
611 2656 775 2738 distinguis.
821 2653 938 2738 Quique
958 2655 1010 2718 bac
1027 2657 1235 2742 multiplicandi

77 2757 199 2822 lieentia
218 2757 272 2822 boc
286 2757 380 2842 ipsum
396 2760 472 2842 quod
489 2758 518 2822 in
535 2755 623 2822 Patre
641 2779 695 2820 neo
712 2757 854 2842 explicari
869 2757 967 2821 verbis
983 2780 1038 2822 nec
1053 2760 1151 2824 animo
1165 2781 1235 2824 con·

79 2861 138 2944 cipi
159 2881 246 2945 posse
265 2859 414 2944 praedicas
432 2862 564 2924 oratioue
582 2859 731 2938 declaras,
757 2871 785 2922 ot
802 2881 887 2944 quom
906 2861 1038 2945 eorporis
1054 2873 1234 2950 rraturocque

78 2963 155 3028 lacis
178 2972 348 3047 expertem,
382 2962 445 3026 eins
467 2973 498 3026 et
520 2973 651 3026 naturam
674 2972 704 3026 ct
721 2962 914 3026 substantiam
931 2961 1121 3048 planteam
1136 2966 1232 3044 lincis,

78 3085 204 3148 quarum
221 3063 294 3128 aliae
310 3083 349 3126 ex
364 3064 429 3128 aliis
440 3064 609 3149 gigneretur,
633 3064 831 3149 coagmentari
847 3066 992 3151 disputas,
1017 3067 1045 3129 in
1061 3088 1117 3150 quo
1132 3088 1235 3152 supre-

78 3187 147 3230 mae
162 3166 280 3230 virtutis
292 3166 368 3230 illius
385 3166 569 3230 falsissimum
586 3178 614 3230 te
630 3165 791 3231 Daedalum
807 3188 842 3232 ac
856 3167 1012 3252 pessimum
1029 3168 1232 3233 fabricatorem

78 3289 150 3334 esse
167 3280 391 3332 commonstres.
438 3266 496 3353 Qui
512 3269 632 3332 candem
650 3270 799 3348 virtutem,
822 3291 907 3353 quam
921 3269 1098 3334 individuam
1116 3273 1232 3351 statuis,

78 3373 111 3436 in
133 3380 247 3448 mutos,
277 3371 396 3434 vocales
412 3393 446 3436 ao
462 3371 655 3436 semivocales
671 3393 760 3434 sonos
776 3370 897 3450 dividis,
927 3373 1060 3456 quodque
1077 3383 1185 3437 mutnm
1204 3375 1233 3438 iu

77 3473 140 3538 illis
154 3482 212 3552 est,
236 3470 356 3536 Parenti
370 3473 497 3536 omnium
513 3474 632 3556 eirrsque
648 3472 817 3556 cogitationi
834 3473 908 3537 falso
924 3474 1054 3538 tribuens
1070 3485 1232 3540 extremam

78 3577 110 3639 ia
130 3574 337 3657 blasphemiam
360 3586 445 3659 atque
464 3577 606 3659 insignem
625 3575 801 3657 impietatem
818 3585 982 3640 sectatores
999 3587 1065 3640 tuos
1082 3577 1231 3661 impulisti.

80 3674 282 3760 Quamobrem
306 3679 369 3741 iure
392 3699 425 3740 ac
444 3678 547 3742 merito
569 3677 599 3739 in
623 3677 695 3740 banc
719 3688 795 3740 tuam
815 3678 887 3741 adeo
906 3679 1064 3763 proiectam
1084 3681 1231 3746 audaciam

78 3779 199 3842 diuinus
221 3778 270 3841 ille
292 3801 404 3856 senex,
428 3802 463 3844 ac
486 3801 590 3865 praeco
611 3777 744 3842 veritatis
767 3779 812 3844 bis
834 3782 970 3846 versibus
992 3781 1126 3850 invectus
1147 3795 1210 3848 estc

259 3886 338 3944 Idola
351 3886 470 3964 fingens
491 3887 606 3958 Marce,
631 3895 818 3946 monstrorum
838 3887 955 3964 arnseo,

258 3989 432 4068 Fruadr'sqne
450 4007 542 4067 gnare
563 3991 704 4066 magicae,
730 3999 759 4048 et
778 3999 918 4048 astrorum
940 3992 1042 4064 serens,

259 4091 377 4149 Errorr's
400 4092 471 4150 unde
492 4092 594 4168 dogma
612 4091 776 4172 pestiferum
797 4093 897 4164 carcub,

258 4193 390 4252 Portenta
411 4213 509 4252 caecae
521 4195 597 4271 fieta
619 4196 683 4254 dum
706 4193 804 4254 turbae
824 4193 949 4268 eolides,

78 4323 143 4380 adra
157 4320 241 4377 πάντα
256 4331 321 4387 cett,
339 4329 481 4376 massuetus:
499 4321 641 4396 α’λφαβήτῳ
672 4341 733 4390 pres.
773 4331 834 4378 Nom
856 4331 984 4392 Eptptrnnit
1008 4333 1061 4381 libri
1083 4333 1167 4382 babent
1187 4333 1231 4386 rori

79 4388 159 4448 atinde
172 4389 301 4466 γεγονότα.
313 4391 408 4447 καὶτὸν
420 4391 558 4448 adarecett.
582 4399 642 4446 Stte-
675 4395 728 4450 olori
748 4394 835 4465 discip.

78 4465 175 4513 rentur:
194 4457 346 4530 ἀλφαβῆτῳ,
364 4456 439 4514 unleds
454 4460 642 4516 castoream.
711 4461 751 4518 tt.
767 4464 811 4518 real
825 4479 870 4517 um.
885 4468 935 4517 cod.
949 4469 1024 4518 tenet.

117 4529 157 4583 13.
174 4531 213 4582 lta
236 4531 397 4594 semicrudum
415 4535 490 4583 sucat
507 4533 554 4582 Vct.
572 4535 644 4584 tater-
