3096 4988
385 315 518 366 rautnu
536 315 602 366 ure,
614 316 632 365 r.
651 315 732 368 rom.
750 317 781 367 u.
798 317 898 369 naen.
911 318 1014 368 xxxi.
1215 307 1273 370 stt

208 434 264 502 llis
287 435 327 500 ita
351 435 518 500 constitntis
544 437 665 522 primum
691 437 771 500 illum
794 434 950 502 Parentem
976 439 1013 503 nb
1039 435 1176 525 Unigena
1197 439 1275 519 solo,
1295 456 1353 526 cap.
1370 457 1429 510 xtt.

124 559 208 626 qncm
226 539 253 604 is
269 539 425 626 produxit,
458 539 506 624 qni
521 540 598 602 idem
618 551 649 603 et
665 538 732 604 Nus
747 539 870 619 dicitnr,
900 543 1039 624 cognosci
1054 543 1210 623 leduinum
1242 541 1278 606 ab

124 642 245 728 reliquis
267 643 402 709 omnibns
424 663 519 727 neque
540 642 632 706 rideri
658 663 762 728 posse,
795 663 891 728 aeque
911 643 1008 708 animo
1025 645 1277 730 intelligentiaque

123 745 340 831 comprehendi.
393 742 590 829 Quamobrem
620 767 685 810 oum
709 743 844 811 Parentis
866 747 1109 831 contemplatione
1134 769 1202 812 sese
1228 749 1278 812 illc

123 867 200 913 nnus
214 849 387 926 oblectaret,
411 859 498 934 atque
513 847 654 912 immensa
666 847 744 912 illius
759 849 957 936 magnitudine
971 851 1177 934 cognoscenda
1189 851 1280 916 vebo·

124 961 239 1014 menter
253 952 411 1029 exultaret,
428 951 567 1016 statuisse
582 949 703 1036 reliquis
719 952 871 1016 lleonibns
886 949 1022 1016 Parentis
1035 953 1152 1038 aperire
1167 952 1279 1038 magni-

123 1053 271 1132 tudinem,
304 1063 429 1138 qnnntus
447 1053 511 1133 ltic,
543 1075 686 1139 quamque
701 1054 879 1118 admirabilis
898 1057 991 1135 locet,
1022 1065 1111 1140 utque
1126 1055 1277 1140 etprinci-

123 1156 198 1242 cipio
214 1166 348 1235 careret,
371 1165 401 1220 et
418 1157 497 1221 nullo
512 1158 607 1243 spatio
624 1178 659 1220 ac
675 1157 844 1240 cognitione
860 1159 924 1244 capi
938 1169 1050 1243 posset.
1096 1155 1156 1222 Sed
1173 1159 1201 1220 id
1220 1179 1277 1241 qno

122 1260 220 1324 minus
237 1269 417 1344 praestaret,
449 1257 541 1344 Sigen
558 1261 594 1322 de
611 1257 747 1324 Parentis
765 1261 944 1345 repressisse
963 1261 1104 1339 consilio,
1135 1261 1211 1345 quod
1228 1260 1278 1324 ille

121 1362 246 1426 Aeones
266 1381 369 1426 omncs
387 1363 490 1426 summi
509 1363 544 1427 ad
561 1360 698 1426 Parentis
716 1362 848 1426 notitiam
866 1363 1100 1448 desideriumque
1117 1365 1278 1448 perdocere

121 1464 278 1528 niteretur.
315 1465 361 1528 Ac
377 1465 467 1528 ceteri
483 1465 598 1549 quidem
611 1487 650 1529 cx
667 1465 804 1530 Aeonum
819 1486 910 1550 grege
928 1477 1076 1530 auctorem
1092 1477 1277 1551 sectoremque

121 1587 227 1646 sunm,
258 1566 314 1630 boc
336 1576 381 1632 est
403 1567 523 1653 stirpem
547 1567 624 1631 illam
642 1566 828 1652 radicemque
846 1569 977 1655 principii
995 1580 1148 1655 expertem
1168 1569 1277 1648 omnis,

121 1689 212 1734 nosse
234 1669 360 1733 comiter
379 1691 415 1733 ec
434 1671 582 1734 moderate
600 1669 766 1756 cupiebant.
812 1669 872 1736 Sed
891 1669 1043 1758 Sapientia
1059 1671 1177 1737 ultimus
1193 1683 1278 1736 natu·

120 1793 177 1856 que
197 1771 333 1836 minimus
352 1771 439 1836 Aeon
457 1793 497 1836 ex
515 1773 564 1838 illa
585 1771 759 1851 lindecadc‚
792 1793 866 1858 quac
885 1775 921 1839 ab
940 1772 1066 1839 Homine
1084 1773 1278 1861 Ecclesiaqne

119 1885 282 1960 propagata
305 1885 367 1954 est,
400 1875 487 1960 longe
512 1875 620 1942 ceteris
641 1877 882 1962 intemperantius
910 1899 978 1942 sese
1005 1879 1122 1944 extulit.
1175 1876 1278 1963 ltaque

120 1977 185 2042 sine
200 1975 318 2042 'l’beleti
334 1977 470 2062 coniugis
484 1979 667 2064 copulatione
681 1979 864 2046 allectionem
879 1982 909 2044 in
926 2001 958 2044 se
977 1981 1121 2066 quandam
1136 1983 1276 2068 suscepit,

120 2101 197 2164 qnae
213 2081 244 2144 in
258 2077 362 2144 Mente
378 2102 412 2144 ac
429 2079 563 2146 Veritate
579 2091 683 2168 coepta
697 2081 777 2168 prius
791 2083 820 2146 in
837 2083 982 2148 inlelicem
997 2084 1075 2149 illum
1092 2096 1123 2148 et
1137 2085 1278 2150 aberran-

120 2193 180 2246 tem
199 2182 334 2246 llennem
353 2182 500 2262 incubuit,
525 2205 599 2269 qnae
613 2185 711 2270 specie
727 2185 841 2270 quidem
856 2186 988 2250 caritatis
1002 2188 1147 2267 excitata,
1172 2207 1278 2254 revera

121 2285 298 2350 temeritatis
317 2297 403 2371 atquc
421 2287 560 2351 sedeciae
577 2287 646 2365 luit,
671 2289 746 2371 quod
769 2309 834 2352 cum
855 2291 986 2374 perlecto
1002 2286 1131 2354 Parente
1149 2311 1278 2354 commu·

119 2390 219 2454 nicata
236 2388 356 2452 minime
375 2392 480 2453 lucrat.
526 2387 600 2454 Erat
619 2401 715 2454 antem
735 2390 808 2454 baec
826 2391 914 2454 animi
934 2393 1107 2472 commotio,
1140 2391 1278 2458 Parentis

118 2491 287 2576 inquirendi
304 2491 447 2573 studium,
471 2493 573 2573 cuius,
598 2503 630 2556 ut
646 2493 745 2572 ciunt,
769 2493 997 2578 magnitudinem
1014 2496 1181 2581 cognitione
1195 2517 1278 2561 assc-

118 2595 167 2678 qni
190 2595 399 2676 contendebat.
445 2593 557 2658 Verum
578 2597 687 2660 lrnstm
704 2595 871 2675 laborabat,
903 2599 978 2681 quod
1002 2619 1066 2662 eam
1087 2619 1149 2664 rem
1169 2620 1278 2664 conco-

119 2697 255 2782 pirernt,
287 2717 362 2781 qnae
387 2697 513 2761 obtineri
535 2698 613 2762 nullo
638 2698 723 2762 modo
746 2709 857 2784 posset.
905 2697 1004 2786 ltaque
1027 2723 1091 2765 curn
1112 2702 1143 2766 in
1165 2723 1278 2767 somma

119 2799 312 2864 contentione
328 2811 359 2863 et
376 2800 527 2866 anxietate
542 2812 731 2880 versaretur,
755 2823 789 2865 ao
809 2813 927 2888 proptor
945 2814 975 2866 et
992 2803 1133 2868 inlicitam
1151 2804 1278 2868 altitudi-

119 2921 187 2965 ncm
211 2911 242 2964 et
260 2899 396 2966 Parentis
419 2913 551 2967 naturam
575 2903 735 2985 eiusmodi,
766 2915 799 2969 ut
816 2905 861 2990 ad
873 2925 936 2969 earn
954 2907 1041 2971 nullia
1059 2907 1193 2992 vestigiis
1213 2929 1280 2993 per·

118 3005 255 3082 reniret,
281 3014 310 3067 et
329 3005 365 3068 ob
382 3026 464 3070 suam
482 3004 511 3070 in
529 3005 608 3071 illum
627 3006 752 3092 denique
769 3008 940 3087 caritatem,
966 3029 1036 3093 prae
1053 3010 1118 3074 eins
1134 3012 1278 3075 suavitate

118 3126 240 3193 semper
260 3107 336 3170 ultra
359 3119 564 3193 procurreret,
596 3119 745 3194 postremo
762 3110 832 3174 nibil
847 3130 915 3174 esse
929 3112 1048 3197 propius
1067 3114 1172 3177 lactum
1192 3134 1277 3197 mem

118 3219 149 3272 nt
163 3210 195 3272 in
211 3209 381 3275 nniversam
397 3211 536 3299 absorpta
551 3222 686 3275 naturam
702 3233 737 3276 ao
750 3213 879 3277 resoluta
892 3224 1079 3292 vanesceret,
1098 3214 1154 3278 nisi
1169 3214 1200 3277 in
1213 3236 1277 3278 earn

118 3309 271 3379 Virtutem
298 3313 453 3378 incidisset
479 3315 526 3378 oui
553 3315 838 3379 corroborendorum
867 3325 897 3379 et
923 3315 1157 3400 inexplicabilem
1190 3327 1277 3382 extra

119 3416 349 3500 magnitudinem
364 3416 633 3480 conservandorum
645 3417 774 3481 omnium
788 3439 893 3481 munus
906 3428 973 3482 erat
986 3417 1168 3481 attributum.
1202 3417 1275 3483 idern

117 3539 208 3602 porro
223 3514 373 3583 Virtutum
388 3518 447 3582 alio
462 3519 580 3583 nomine
592 3518 704 3584 Horum
718 3520 875 3605 appellant.
910 3520 957 3584 Ab
971 3519 1024 3584 bac
1037 3519 1277 3586 cohibitam-con·

60 3661 63 3670 1
118 3619 321 3706 brmatamqne
344 3618 526 3708 Sapientiam
549 3643 639 3706 aegro
662 3626 697 3686 ad
719 3623 908 3709 semetipsum
931 3623 1072 3702 rediisse,
1105 3624 1276 3710 demumque

118 3743 291 3804 persuasum
312 3725 466 3788 habentem
490 3745 549 3789 non
572 3745 659 3810 posse
676 3721 834 3790 Perennem
857 3747 941 3792 sunm
962 3726 1130 3811 cognitione
1147 3749 1278 3815 compre·

118 3824 224 3907 bendi,
257 3828 383 3912 priorem
402 3828 609 3912 cogitationem
632 3848 696 3891 cum
720 3829 877 3914 posteriori
897 3829 1108 3910 commotione,
1141 3852 1215 3916 quae
1238 3853 1276 3896 ex

116 3939 237 4018 stupore
259 3929 309 3994 illo
333 3943 361 3994 et
384 3929 582 3995 admiratione
604 3940 672 3994 nata
697 3931 808 4010 luerat,
832 3931 965 3996 esurisse.

198 4028 262 4098 Sed
276 4033 398 4097 istorum
419 4034 534 4120 quidam
551 4033 629 4097 illam
648 4030 817 4117 Sapientiae
834 4033 1081 4120 perturbationem
1101 4057 1135 4100 ac
1152 4037 1270 4101 restitu-
1283 4043 1424 4114 capxun

116 4131 224 4199 tionem
241 4136 346 4220 quibus
365 4137 450 4222 nugis
468 4137 641 4201 involvunt?
684 4135 831 4201 Nimirum
850 4159 915 4202 eum
936 4137 1075 4202 eiusmodi
1096 4139 1203 4223 aliquid
1221 4162 1272 4228 ap

122 4287 172 4370 lep.
186 4291 258 4372 babet
269 4293 319 4374 'roriv
330 4293 404 4358 ζυγοῦ
418 4290 515 4357 τούτου,
532 4295 616 4356 nuent
629 4295 684 4344 libri
751 4291 810 4342 Cer.
826 4293 948 4376 KQ*
973 4292 994 4343 l.
1013 4296 1217 4372 interrogationem
1232 4299 1278 4346 Pe-

121 4359 362 4481 ”cicestra
377 4432 430 4480 aa.
449 4431 502 4482 aa
715 4363 1278 4512 tttlntltt‘altunltss'tltl

148 4489 171 4543 7.
188 4493 230 4563 τῷ
246 4497 298 4545 ond.
318 4499 372 4547 ten.
715 4490 796 4558 cirne
811 4514 867 4557 πως
883 4513 926 4561 pcc
944 4499 1027 4551 nunde
1044 4500 1107 4556 πῶς.

148 4557 172 4610 8.
189 4577 220 4614 re
237 4577 283 4614 osc.
302 4567 352 4616 cod.
371 4567 427 4616 Vm.
747 4566 771 4618 2.
787 4564 835 4634 τὴν
850 4569 902 4618 cod
921 4567 974 4618 ἴση.
