3112 4984
330 315 465 366 ruhault
483 315 545 366 ΗΒ.
561 317 576 366 l.
594 316 676 367 Toni.
688 316 719 367 ll.
737 315 834 367 llhllll.
851 315 947 368 XXVI.
1160 307 1219 368 lll'l

4 441 5 450 ’
72 444 130 497 tura
151 437 224 496 Noli
237 456 280 495 me
292 445 426 516 tangere:
450 439 570 497 nomam
586 441 658 497 enim
672 438 843 498 escondied
855 446 966 516 putrem
982 457 1087 512 meam,-
1111 447 1143 500 ut
1161 458 1214 502 ex·
1241 460 1317 505 raaia.

71 547 174 620 pectem
195 556 350 621 corporum
369 535 532 599 castitatem
552 537 688 621 nullaque
708 536 884 622 contagione
906 537 1045 624 pollutam
1065 537 1212 622 exprime·
1242 513 1275 566 ω’
1289 513 1319 556 Π·

70 648 120 701 ret.
149 637 197 701 nd
213 637 286 702 haee
302 637 359 702 alio
376 637 406 702 iu
425 637 489 701 loco
506 637 626 723 spiritus
643 649 763 703 sanctus
781 649 837 702 turn
856 638 893 702 oh
911 639 1024 724 priores
1039 640 1106 704 illos
1128 663 1213 724 quam

71 739 242 824 posteriores
261 738 316 803 hoe
341 739 426 802 modo
445 739 622 804 vaticinatus
642 752 705 804 est:
750 745 839 802 Beato
859 744 967 802 sterilis
989 745 1209 822 mcorhqur'nctu,
1224 765 1349 823 smum.

70 864 134 922 quae
148 846 268 906 nercrm‘t
284 853 376 902 torum
392 845 421 902 in
437 845 555 916 delt'ctc,
581 847 711 924 serpedo
730 848 782 925 pud
795 865 850 905 non
872 855 1004 923 operam
1023 855 1066 904 est
1085 847 1212 906 monr'dus

68 947 122 1003 sm's
135 947 326 1024 earpualdum,-
350 953 382 1006 ut
398 941 445 1007 vel
460 964 494 1006 ea
512 963 585 1007 voce
606 943 683 1008 illam
702 967 788 1028 qnam
807 944 911 1020 luhnlie
929 944 991 1008 suis
1007 947 1213 1010 commendare

27 1089 30 1097 ,
69 1043 251 1108 romanibus
274 1065 418 1109 exercere
439 1045 536 1110 solent
557 1046 726 1110 lueditatem
748 1045 941 1132 praecideret.

144 1143 241 1228 Quam
259 1147 347 1210 multa
364 1147 484 1233 proponi
503 1146 558 1211 alia
577 1149 716 1232 possunt!
748 1158 780 1212 ut
804 1169 869 1210 eum
886 1148 1035 1232 apostolus
1058 1148 1098 1210 ita
1118 1148 1210 1232 loqui·
1223 1159 1362 1225 cmxvi.

69 1257 125 1311 tur:
148 1251 257 1320 Mulier
273 1253 401 1329 innupta,
420 1261 448 1310 et
462 1254 545 1331 or'rgo
558 1255 681 1313 sollicita
697 1263 742 1312 est
754 1255 788 1312 de
802 1255 839 1312 ri's
852 1271 923 1332 parce
937 1261 1005 1312 sunt
1018 1254 1132 1324 domnici,
1145 1264 1363 1332 praenoscunt.

67 1355 139 1412 nom
152 1353 269 1432 plorent
281 1356 402 1412 dommo.
439 1349 504 1414 lloe
522 1363 619 1416 eutem
638 1352 746 1415 ideirco
764 1351 844 1431 dicit,
869 1352 944 1436 quod
965 1373 1023 1415 non
1044 1353 1212 1436 perducetu-

67 1453 105 1516 rie
120 1453 366 1516 commendandae
383 1453 525 1516 castitatis
541 1463 671 1539 potestas
684 1464 764 1517 esset
780 1455 911 1540 aspiritu
927 1465 1030 1517 sancto
1042 1454 1209 1518 commissa.

67 1553 135 1618 Tum
152 1575 228 1620 vern
249 1553 285 1616 de
310 1553 347 1617 iis
366 1554 414 1638 qui
439 1554 572 1618 honestis
588 1555 695 1640 nuptiis
714 1555 815 1640 illigati
833 1564 902 1620 sunt
917 1555 957 1619 ita
976 1555 1119 1641 disputat:
1153 1561 1212 1618 Ho-

66 1662 185 1722 aoeodr'le
201 1659 369 1720 connection
388 1666 418 1718 et
432 1667 511 1718 torus
528 1661 738 1719 immaculatus:
758 1660 950 1740 fornicatores
965 1669 1056 1719 autern
1079 1670 1108 1720 et
1127 1662 1211 1726 adut.
1222 1672 1292 1718 fleur.
1302 1673 1362 1731 tat.

67 1773 133 1822 teres
149 1761 290 1822 andreodit
308 1762 445 1820 domninus.
491 1754 653 1822 Praeterea
671 1770 773 1822 contra
796 1759 914 1824 eosdem
935 1759 1082 1824 exclamat
1098 1761 1133 1824 ad
1149 1758 1212 1823 Ro·

65 1884 160 1926 manos
177 1861 331 1940 scribens,
356 1871 386 1924 et
402 1880 503 1924 eornm
519 1859 567 1944 qui
586 1860 616 1924 in
633 1860 776 1924 eiursmcdi
795 1859 912 1944 flagitiis
929 1862 1098 1926 volutantur
1120 1863 1212 1948 turpi-

66 1965 187 2028 tudinem
199 1961 311 2044 detegit
326 1960 370 2024 his
385 1960 502 2024 verbis:
533 1965 606 2024 Num
626 1975 656 2024 et
668 1965 792 2045 [aniane
810 1986 905 2026 eorum
924 1968 1141 2026 immutaverunt
1159 1987 1211 2026 nu·
1224 1977 1318 2036 nomn,
1329 1981 1361 2024 ee

64 2071 177 2128 medem
196 2087 279 2126 coma
294 2067 323 2124 in
339 2085 400 2124 eum
418 2085 515 2138 ostem,
539 2069 591 2145 qud
608 2076 652 2125 cst
672 2077 928 2128 condonaturum.
976 2064 1054 2129 Tum
1071 2067 1106 2128 de
1124 2065 1211 2128 mari-

63 2168 110 2231 lns
126 2165 267 2232 subiicit:
291 2168 418 2226 Mamali
432 2169 462 2227 in
479 2168 618 2228 ntmculos
632 2171 831 2248 turpitudinem
846 2179 1003 2250 οροναπιεε.
1048 2164 1212 2232 Praeterea

62 2270 88 2332 iu
102 2268 228 2354 epistola
247 2266 284 2328 ad
302 2264 490 2330 Timotheum
510 2268 547 2331 de
561 2267 663 2332 iisdem
682 2268 723 2332 ita
740 2257 885 2352 loquitur:
911 2272 992 2347 Quod
1007 2273 1036 2328 r'n
1053 2271 1332 2339 novissimorum,
1341 2285 1359 2326 1.

63 2374 152 2433 diadas
171 2371 322 2432 restabunt
336 2381 459 2450 temporo
469 2373 648 2450 pmcaloso:
681 2383 709 2433 et
724 2382 809 2432 erum
825 2375 949 2432 domines
962 2372 1133 2448 uoluptatum
1151 2391 1210 2430 me·

61 2479 102 2550 gis
115 2483 259 2534 amatores
277 2493 359 2552 quum
379 2475 433 2532 dri.
479 2469 672 2536 Erroneam:
701 2473 908 2533 stodrdentt'um
924 2473 1044 2545 nubere,
1068 2472 1360 2544 abstinentium

64 2577 176 2650 nahai,
202 2577 387 2634 eoutmirturn
406 2575 564 2636 latmoum
588 2596 667 2637 saum
691 2577 898 2636 conscienciam.
944 2571 1053 2636 Exeo
1074 2571 1211 2639 videlieet

63 2663 129 2760 qnod
147 2686 232 2740 caste
251 2674 434 2738 matrimonio
452 2675 588 2760 coniungi
606 2698 641 2738 ae
664 2673 774 2760 prolem
799 2675 949 2759 suscipere
968 2675 1138 2762 prohibent,
1162 2697 1214 2764 ar3

64 2777 142 2841 dente
157 2777 279 2840 interim
297 2777 411 2839 illorum
426 2776 617 2852 conscientia,
634 2778 699 2840 dum
716 2775 842 2840 assiduis
855 2775 885 2840 in
902 2777 1128 2842 scortationibus
1144 2798 1210 2842 cor·

63 2879 237 2963 ruptelisque
268 2887 442 2956 versantur,
473 2899 508 2940 ac
535 2878 737 2960 procreatione
766 2877 875 2943 scholis
899 2879 1087 2945 interdicunt.
1131 2879 1210 2947 Nam

65 2983 131 3062 pund
152 2982 192 3045 ad
210 2979 280 3044 illud
295 2979 400 3043 attinet
419 2980 494 3064 quod
521 2979 570 3042 isti
587 2979 761 3043 sacrificium
777 2991 903 3060 vocant,
934 2982 1105 3048 lutulentum
1130 2985 1211 3068 quid·

65 3082 122 3144 dam
138 3093 171 3146 et
186 3081 344 3166 impurum,
360 3081 416 3144 iam
437 3093 495 3146 tum
513 3081 580 3144 olim
596 3103 612 3144 e
630 3081 770 3167 propheta
786 3083 1013 3148 demonstratum
1028 3095 1075 3148 est
1089 3106 1212 3170 serpen·

64 3181 183 3249 discsse
204 3203 336 3262 carnem,
361 3205 419 3246 non
434 3183 554 3246 domini.
584 3183 683 3247 Absit.
708 3181 761 3248 Sic
779 3185 856 3248 enim
874 3185 1019 3270 loquitur:
1045 3191 1213 3248 Continenti
1233 3197 1329 3290 gropp·-

64 3291 148 3364 capita
161 3290 313 3362 draconis,
337 3297 367 3348 et
379 3289 484 3347 dedita·
496 3307 557 3347 earu
576 3307 666 3347 mcum
678 3289 791 3368 populis
806 3286 986 3367 Aethiopum.
1034 3285 1115 3352 Saue
1131 3288 1208 3350 enim
1265 3279 1273 3301 ’
1312 3277 1317 3287 '

63 3387 246 3472 serpentinae
269 3387 417 3452 cuiusdam
438 3407 524 3451 escae
544 3408 636 3471 genus
662 3397 708 3450 est
728 3386 841 3450 illorum
859 3386 1050 3451 abominanda
1070 3387 1211 3473 supersti-

65 3487 110 3566 tio,
124 3489 273 3572 iidemque
281 3487 443 3574 Aethiopes
460 3488 502 3551 illi
520 3499 589 3551 sunt
605 3487 748 3552 scelerum
765 3509 884 3551 suorum
905 3488 1024 3572 nigrore
1044 3489 1210 3566 deformati,

64 3590 106 3672 qni
122 3588 271 3655 eiusmodi
287 3591 360 3652 ritus
378 3611 455 3653 nunc
473 3589 623 3654 daemonis
640 3587 733 3668 levis,
757 3591 826 3653 clim
845 3588 1092 3675 praestigiatoris,
1116 3589 1164 3672 qui
1182 3600 1213 3652 et

63 3693 165 3756 frustra
183 3713 203 3754 a
224 3691 372 3754 nonnullis
396 3690 517 3754 hahetur
535 3691 626 3768 deus,
650 3691 790 3776 religioso
811 3691 889 3755 cultu
905 3691 1066 3756 celebrant.
1113 3691 1211 3776 Siqui-

63 3791 120 3857 dem
140 3795 283 3858 haereses
299 3793 454 3856 unirersae
472 3793 507 3856 de
523 3791 705 3858 Graecorum
724 3793 827 3857 lahulis
847 3815 883 3857 ea
899 3793 1080 3877 collegerunt
1094 3813 1133 3856 en
1149 3793 1213 3878 qui-

63 3891 111 3959 hus
126 3917 236 3960 noram
252 3893 309 3959 sibi
323 3894 434 3958 erroris
448 3905 557 3958 sectam
574 3895 778 3976 condiderunt,
798 3917 862 3958 cum
876 3915 912 3958 ea
930 3893 1104 3959 deteriorem
1123 3896 1210 3960 alium

61 3997 234 4062 adsensum
260 3995 490 4060 transtulissent.
534 3995 613 4060 Nam
633 4008 663 4060 et
686 4018 703 4060 a
730 3997 823 4082 poetis
840 3993 936 4058 Metin
961 4000 1062 4080 (qnam
1078 3995 1211 4061 Pruden-

60 4097 125 4162 uam
144 4099 294 4186 appellare
310 4097 422 4184 possis)
440 4098 526 4161 liliam
541 4119 624 4162 suam
643 4098 806 4162 absorbens
821 4097 1004 4164 introductus
1023 4111 1068 4164 est
1085 4097 1208 4184 lupiter.

58 4195 155 4264 Nemo
171 4221 262 4286 porro
279 4200 420 4262 infantem
434 4199 602 4280 absorbeat,
618 4200 857 4284 quomadmodum
871 4211 991 4264 sanetus
1002 4197 1142 4266 Clemens
1158 4199 1210 4274 ait,

56 4322 120 4364 cum
136 4304 260 4367 deornm
275 4299 324 4384 qui
340 4299 496 4366 aGreecis
513 4302 648 4365 coluntur
663 4300 868 4386 turpitudinem
884 4303 1006 4366 deridet.
1032 4299 1117 4384 Quod
1134 4300 1211 4361 enim

54 4401 220 4468 devorasse
233 4398 330 4466 llletin
346 4401 463 4482 dieitur,
489 4424 548 4467 non
566 4405 601 4467 de
619 4404 729 4467 inlaute
751 4402 822 4483 ullo,
845 4405 896 4468 sed
919 4404 954 4468 de
969 4402 1087 4490 propriu
1100 4401 1211 4464 semine

50 4525 103 4586 par
126 4517 175 4569 est
196 4505 332 4590 intelligi.
