3106 4990
347 280 593 334 rumunnense.
610 281 692 336 nonu.
708 281 751 333 nr.
768 280 866 332 nnnn.
877 279 1004 332 xxxix.
1190 265 1251 328 523

99 413 227 488 nataque
241 401 355 467 illorum
371 401 507 486 dogmata
522 403 702 487 detegamus,
727 401 775 486 qui
790 399 898 464 ceteris
913 400 942 463 in
960 399 1050 464 sectis
1064 397 1168 462 collide
1185 397 1253 460 doe·

98 505 196 570 munis
211 505 350 570 instinctu
367 505 410 569 sic
428 517 561 590 tanquam
579 505 697 568 lulmine
714 504 837 588 quodem
855 501 955 588 perciti
973 512 1003 565 et
1018 521 1200 565 communem
1218 501 1252 562 ml

99 606 181 672 erbis
198 619 308 693 pestem
326 629 361 672 ac
378 608 534 693 perniciem
553 607 637 670 albati
657 618 736 670 sunt.
782 603 976 688 Posteaquam
997 605 1074 667 euim
1092 602 1253 668 istiusmodi

97 711 247 776 bominum
270 710 317 795 qui
334 708 528 774 deterioribus
546 709 708 794 quibusque
728 709 910 772 delectantur
927 707 1110 792 opinionem,
1143 703 1255 791 Bupra-

97 825 210 878 starum
223 813 325 900 generi
341 813 465 878 similem
480 812 699 896 (scarabeorum
714 832 749 875 ea
764 811 879 896 species
892 813 962 892 est),
984 809 1185 895 patefecimus,
1206 829 1255 891 pc·

97 917 236 1001 nilusque
254 917 433 980 mortiferam
452 915 550 980 diuina
569 935 624 1001 ope
640 915 878 991 comminuimus,
909 915 943 976 aul
966 911 1154 997 inquirendas
1175 920 1254 972 cete-

97 1039 149 1084 ras
166 1019 300 1097 eundem,
326 1041 343 1082 o
358 1015 469 1084 Christi
485 1017 546 1097 lilii,
568 1017 694 1082 numinis
711 1037 794 1103 opem
811 1037 846 1079 ao
862 1013 1037 1102 praesidium
1054 1011 1252 1101 imploremus.

381 1257 606 1336 collutas
635 1255 976 1380 ‘sttuflluuos

305 1404 387 1475 quae
416 1387 468 1454 est
493 1379 642 1490 haeresis
665 1379 760 1454 XIX.
795 1379 866 1454 sine
892 1377 1053 1454 XXXIX.

187 1534 255 1597 Alia
274 1544 319 1596 est
335 1529 541 1597 Setbiaunrum
561 1529 709 1612 haeresis,
734 1553 807 1615 quae
827 1552 883 1594 non
903 1530 1008 1614 ubique
1027 1529 1188 1613 reperitur,
1213 1527 1253 1590 uti
1274 1538 1331 1606 cap.
1349 1539 1367 1587 t.

99 1659 159 1703 nec
175 1634 372 1714 Gaianorum,
397 1646 601 1720 contraquam
619 1632 751 1720 proxime
769 1633 990 1719 disputavimus.
1038 1635 1083 1694 Ac
1100 1631 1200 1695 nescio
1219 1650 1255 1693 an

99 1763 162 1806 nen
184 1740 340 1826 pleraeque
363 1749 508 1802 sectarum
528 1736 690 1801 istiusmodi
710 1737 849 1800 radicitus
869 1739 1032 1821 extirpatae
1050 1735 1119 1797 sint.
1166 1733 1256 1818 Quic-

98 1844 170 1929 quid
193 1842 269 1906 enim
289 1863 305 1904 a
323 1840 378 1904 deo
396 1859 453 1904 non
470 1850 535 1918 est,
566 1839 729 1903 coassistere
747 1859 804 1902 uon
821 1849 932 1922 potest,
965 1839 1016 1901 sed
1035 1837 1091 1901 etsi
1108 1838 1256 1921 aliquanto

99 1959 233 2030 tempore
250 1945 359 2030 vigeat,
385 1963 512 2028 perenne
529 1941 716 2005 nibilominus
733 1962 799 2005 esse
816 1942 925 2024 nequit.
971 1937 1129 2023 Quodnisi
1146 1961 1191 2003 me
1206 1939 1257 2004 lal-

96 2051 133 2114 lit
151 2047 310 2126 memoria,
343 2057 412 2132 puto
428 2067 474 2108 me
493 2065 558 2108 cnm
581 2044 609 2106 iu
630 2045 766 2131 Aegypto
784 2063 880 2108 essem
897 2045 926 2107 in
947 2065 1011 2107 eum
1030 2042 1166 2107 haeresin
1184 2040 1257 2106 inci·

98 2151 198 2230 disse,
230 2148 424 2233 nequeenim
448 2148 563 2233 penitus
587 2147 641 2210 leci
668 2148 808 2210 recorder
831 2146 879 2210 ubi
904 2167 967 2210 cum
992 2147 1056 2210 istis
1079 2165 1257 2229 congressus

98 2275 180 2318 sum.
224 2249 422 2336 Quamobrem
439 2271 513 2334 quae
531 2250 565 2312 nd
584 2271 635 2315 ens
652 2249 796 2335 pertinent
813 2250 918 2332 partim
936 2250 1028 2314 oculis
1047 2249 1117 2334 ipsis
1135 2267 1258 2332 usurpa·

100 2357 217 2434 vimus,
241 2355 346 2440 partim
369 2375 409 2416 ex
431 2351 545 2415 illerum
569 2353 764 2417 monumentis
787 2352 980 2437 percepimus.

189 2451 431 2542 lgitur'Sctbiani
448 2475 465 2516 a
482 2451 587 2534 Setbn‚
612 2454 716 2518 Adami
734 2454 803 2534 lilio,
828 2475 921 2537 genus
937 2475 970 2518 se
986 2454 1114 2518 traxisse
1129 2453 1257 2538 glorian·

100 2573 163 2625 tur.
210 2555 305 2641 Quem
325 2556 439 2643 quidem
459 2577 636 2642 magnopere
653 2557 838 2642 praedicant,
870 2556 955 2641 eique
975 2557 1100 2642 quaead
1120 2557 1256 2619 virtutem

101 2685 139 2727 uc
164 2661 305 2725 iustitiam
328 2659 476 2744 pertinent
500 2657 614 2736 omnin,
648 2679 806 2744 eurumque
834 2658 917 2744 signa
947 2681 980 2724 ac
1010 2671 1109 2722 cetera
1139 2659 1258 2744 generis

100 2763 190 2829 buius
207 2762 379 2846 attribuunt.
425 2759 616 2846 Eundemque
634 2757 781 2825 Christum
801 2763 969 2840 nominant,
993 2773 1024 2826 et
1040 2763 1194 2847 ipsummet
1212 2759 1258 2826 le·

99 2889 168 2932 snm
185 2866 275 2930 luisse
293 2865 477 2928 confirmant.
522 2863 620 2949 Atque
639 2863 714 2928 bunc
729 2865 758 2927 in
774 2865 888 2929 modum
905 2885 989 2928 suum
1003 2865 1071 2929 illud
1089 2865 1192 2950 dogma
1208 2865 1258 2927 de-

100 2971 229 3034 clarant.
277 2966 324 3030 Ab
344 2966 456 3051 nugulis
479 2967 555 3030 enim
579 2987 636 3030 non
660 2987 676 3031 a
696 2967 848 3053 superiore
871 2968 899 3033 vi
918 2969 1058 3054 producta
1075 2989 1142 3032 esse
1161 2968 1259 3031 dicunt

103 3092 217 3137 omnia.

189 3171 269 3236 Nam
290 3193 354 3236 cum
376 3173 528 3258 superiore
551 3171 727 3238 Caiarrurum
751 3174 865 3238 haeresi
892 3175 944 3238 bac
969 3195 1008 3239 ex
1032 3185 1113 3260 purte
1133 3193 1257 3238 consen·
1278 3181 1336 3248 cap.
1356 3179 1386 3228 tt.

101 3277 198 3354 tinet,
231 3276 306 3359 qnod
331 3289 482 3354 asserunt,
513 3277 585 3338 duos
609 3276 645 3339 ab
669 3275 752 3340 initio
775 3276 907 3340 lromiues
930 3277 1084 3354 extitisse,
1117 3275 1258 3359 aquibus

73 3452 78 3462 ‚
102 3377 219 3446 Caldus
235 3389 264 3440 et
281 3377 393 3442 Abelus
410 3379 506 3441 exorti
522 3389 600 3443 sum.
647 3375 692 3441 [le
710 3377 814 3462 quibus
828 3379 906 3440 inter
921 3398 954 3440 se
972 3379 1146 3442 dissidentes
1160 3379 1256 3460 angeli

100 3491 263 3548 centense
286 3491 386 3544 mutuo
409 3491 570 3557 venerunt,
601 3481 688 3564 idque
708 3481 911 3566 perfecerunt,
943 3492 975 3544 ut
994 3480 1116 3543 Abelum
1139 3482 1256 3544 lratrem

100 3583 219 3650 Cainus
238 3583 395 3647 occideret.
442 3579 590 3667 Siquidem
614 3583 649 3645 de
669 3582 818 3645 amborum
838 3582 952 3645 illorum
971 3581 1116 3646 bominum
1134 3603 1257 3667 genera·

99 3687 251 3765 tionibus,
281 3707 296 3748 a
313 3685 416 3771 quibus
432 3681 544 3749 Caiuus
561 3695 589 3747 et
605 3683 716 3748 Abelus
734 3685 863 3769 producti
879 3696 964 3763 sunt,
995 3685 1187 3770 pugnantibus
1204 3707 1256 3748 nn·

99 3789 194 3877 gelis,
214 3789 291 3852 araris
306 3799 350 3852 est
366 3799 467 3853 coorta
483 3787 642 3851 contentio.
684 3783 743 3851 Sed
760 3787 834 3849 enim
852 3788 974 3851 victoria
989 3809 1079 3873 penes
1097 3785 1161 3851 Vim
1176 3788 1255 3853 illam

99 3892 287 3979 superiorem
305 3891 369 3968 luit,
394 3912 478 3974 quam
493 3887 620 3952 Matrem
636 3909 702 3952 esse
719 3884 928 3975 Feminamque
945 3888 1094 3954 deliniunt.
1141 3887 1256 3976 Quippe

100 4005 217 4062 matres
232 3994 268 4056 ab
286 3993 330 4055 bis
347 3993 376 4056 in
393 3991 492 4072 coelo,
518 4001 549 4054 et
566 3989 692 4055 feminae
708 4011 862 4078 maresque
879 3991 1076 4072 collocantur,
1101 4015 1134 4057 nc
1152 4015 1255 4080 prepe-

100 4097 222 4164 modum
244 4095 330 4159 etiam
353 4093 470 4178 generis
490 4093 740 4173 necessitudines,
771 4095 960 4180 stirpiumque
982 4097 1087 4182 capita.
1131 4094 1256 4160 Postea-

99 4221 193 4287 quam
209 4197 315 4282 igitnr,
340 4208 371 4260 ut
385 4195 482 4276 aiunt,
506 4195 577 4262 vicit
591 4195 639 4260 illa
654 4193 753 4260 lllater
768 4218 803 4260 ac
818 4193 956 4277 Femina,
981 4210 1011 4262 et
1026 4199 1149 4263 Abelum
1166 4199 1256 4264 iuter·

100 4307 215 4368 lectum
242 4321 309 4364 esse
337 4300 491 4385 cognovit,
526 4319 624 4363 secum
654 4299 750 4363 enimn
776 4301 907 4386 cogitans
930 4298 1013 4367 Setbi
1035 4301 1252 4386 generationem

100 4461 162 4522 κα,
181 4423 219 4504 rel
237 4451 292 4506 lert
308 4451 377 4521 legr‘
733 4453 790 4504 Gur.
806 4457 835 4505 ll.
854 4485 886 4495 -
906 4456 928 4507 l.
947 4455 991 4510 ocul
1005 4457 1089 4510 editclt
1104 4457 1213 4508 Pctuur'ua
1225 4471 1256 4508 ee

137 4524 165 4578 2.
185 4525 257 4588 lutae
274 4521 347 4590 φησὶἸ
698 4525 749 4573 ced.
764 4525 836 4575 Vetto.
