3072 4986
293 287 334 348 60
716 293 836 346 ὓλΝὓΤί
854 291 1021 344 EPH’HANH

292 412 453 498 ρνγμένην,
474 411 673 494 ἐξεβλήθησαν
690 407 748 474 ύπῦ
764 415 818 492 τῆς
833 413 989 493 γεωργίας,
1011 409 1063 473 καί
1077 409 1193 491 είςηλθι
1209 408 1246 474 τοί
1262 412 1348 493 ἔθνη,
1369 412 1435 476 ἐλεί-

291 541 352 580 νων
373 516 475 596 μηκέτι
495 515 667 595 δυναμένων
687 518 840 594 σωθῆναι,
862 512 890 574 τί
909 508 949 592 μή
970 535 997 575 τι
1017 506 1235 592 ἆνακιίμψωσιν
1255 514 1297 588 τίς
1317 510 1370 595 τήν
1388 513 1435 594 γύ-

291 642 338 700 ριν
361 622 415 681 τοῦ
438 613 613 701 εὐαγγελίου.
660 615 763 679 Ποίντα
786 611 842 698 γύρ
867 609 968 688 αύτοῑς
989 610 1025 676 τοί
1048 610 1232 695 δικαιῶματα
1252 613 1436 699 κατήργηται,

292 715 415 800 ἐκοίστης
437 721 597 803 μαρτυρίας
616 722 704 780 τοῦτο
720 713 875 801 λεγούσης,
905 711 947 788 ῶς
961 715 1019 796 ἔχει
1032 716 1064 780 ἐν
1079 712 1159 804 παίση
1175 721 1284 805 γραφή.
1328 715 1436 780 Συντύ-

292 847 355 903 μως
376 821 408 886 δέ
429 818 488 885 σίπύ
507 826 576 900 μιᾶς
592 821 756 902 μαρτυρίας
770 814 803 881 τύ
820 814 1022 901 οίννπέρθετον
1038 817 1088 880 καί
1104 814 1296 901 ἀπαράβατον
1312 824 1364 900 τῆς
1378 816 1437 882 κατ’

291 919 389 988 αύτῶν
412 919 591 1001 ἀποφάσεως
607 923 747 1004 ἐροῦμεν,
776 915 817 994 ῶς
840 920 917 984 ἐστιν
938 921 1011 983 ι’δεῖν
1034 916 1165 1000 αἰιριβῶς
1186 916 1239 1001 τήν
1258 915 1321 984 κατ’
1343 916 1437 984 αύτῶν

291 1031 412 1107 ψήφου·
439 1020 543 1098 καθῶς
558 1043 665 1104 φησιν,
686 1021 772 1096 Ἥτις
788 1018 870 1102 ψυχή
887 1018 942 1086 ούιι
957 1017 1114 1086 σίκούσεται
1129 1027 1182 1086 τοῦ
1197 1019 1354 1106 προφήτου
1367 1024 1437 1088 ἐκεί·

290 1151 360 1204 νον,
382 1124 666 1210 ἐξολοθρεαθήσεται
680 1120 740 1188 ύπδ
755 1130 808 1205 τῆς
820 1129 918 1204 φυλῆς
934 1119 1026 1204 αύτής
1039 1125 1090 1186 καί
1106 1124 1136 1199 ἐξ
1150 1119 1280 1206 Ἰσραήλ,
1302 1125 1352 1188 τισί
1366 1119 1436 1190 ύπο-

290 1224 427 1292 κάτωθεν
449 1233 502 1292 τοῦ
524 1223 671 1310 ούρανοῦ,
704 1222 745 1300 ῶς
767 1231 821 1290 τοῦ
842 1228 948 1308 ιινρίου
971 1225 1125 1306 μέλλοντος
1146 1221 1182 1288 τύ
1203 1221 1253 1290 διύ
1274 1229 1326 1289 τοῦ
1346 1224 1438 1310 νόμον

290 1335 439 1410 μυστικῶς
454 1329 664 1412 παραδοθέντα
685 1331 798 1400 τελείως
818 1329 868 1390 καί
887 1329 1081 1411 σωτηριαδῶς
1098 1327 1359 1406 ἐπασφαλίζεσθαι·
1386 1327 1439 1393 τδν

291 1430 323 1494 δέ
339 1428 381 1511 μή
396 1428 544 1496 αἰιούσντα
558 1425 665 1508 αύτοῦ,
694 1430 767 1511 μηδὲ
782 1426 972 1510 ἀνεχόμενον,
1002 1424 1044 1510 μή
1059 1429 1133 1510 ἐχειν
1147 1432 1307 1511 σωτηρίαν,
1336 1427 1391 1494 νῦν
1406 1457 1439 1496 τε

290 1529 343 1598 τδν
362 1531 454 1614 νόμον
474 1530 601 1620 ποιήση,
630 1538 684 1596 τοῦ
699 1529 794 1611 νόμον
815 1529 856 1612 μή
872 1529 1039 1612 δυναμένου
1055 1536 1184 1596 τελειοῦν
1201 1529 1251 1595 τδν
1269 1529 1439 1616 ἄνθρωπον,

291 1631 341 1700 διύ
363 1631 396 1698 τύ
412 1640 587 1714 σωματικῶς
607 1631 643 1696 τύ
660 1634 692 1698 ἐν
714 1629 792 1720 αύτῷ
811 1630 993 1714 δικαιώματα
1009 1629 1192 1718 γεγράφθαι,
1221 1634 1273 1698 καί
1294 1635 1326 1699 ἐν
1343 1639 1439 1724 κυρίῳ

294 1742 413 1825 Χριστῷ
434 1733 583 1818 σίληθινῶς
603 1741 801 1821 πληροῦσθαι.

248 2231 253 2245 .
365 2141 455 2220 ’Ἕως
476 2143 582 2210 τοῦτον
607 2171 658 2228 μοι
675 2146 799 2226 λελέχθω
819 2144 887 2228 περί
907 2149 960 2209 τοῦ
981 2140 1181 2226 Ἰουδαίσμοῦ
1225 2145 1284 2206 Καὶ
1307 2140 1362 2227 γύρ
1381 2141 1442 2208 α’λί-

294 2273 354 2332 γων
370 2247 570 2330 ἐμνημόνευσα
592 2249 633 2321 είς
653 2243 687 2312 τύ
711 2244 750 2328 μή
772 2253 834 2310 πῦν
853 2243 951 2312 αύτῶν
969 2253 1213 2331 παρασιωπῆσαι,
1241 2241 1299 2308 ἀλλ’
1314 2247 1345 2310 έν
1361 2247 1445 2328 μέρει

292 2460 391 2528 θτσις,
413 2453 462 2518 καί
479 2448 497 2516 o‘
512 2449 587 2536 πρύς
602 2448 712 2526 αύτούς
728 2452 848 2534 ἐλεγχος.
891 2446 1063 2532 Ἐδείξαμεν
1079 2449 1110 2514 δέ
1126 2451 1176 2513 καί
1190 2446 1244 2532 τήν
1259 2445 1364 2532 αίργήν,
1385 2449 1444 2513 πύ-

292 2561 349 2616 θεν
373 2555 457 2635 ἐσχον
479 2551 533 2636 τήν
554 2550 730 2638 είςαγωγήν,
758 2551 804 2617 δτι
822 2554 851 2629 ἐξ
863 2549 959 2636 Ια’ρχῆς
974 2555 1007 2617 ἐτι
1022 2559 1074 2634 τῆς
1091 2557 1144 2616 τοῦ
1159 2548 1299 2635 Ἀβραύμ
1315 2557 1368 2616 τοῦ
1384 2577 1445 2615 πα-

292 2651 433 2737 τριύρχου
448 2657 619 2737 θεοσεβείας
632 2661 789 2720 καλοῦνται
802 2659 961 2736 θεοσεβεῖς,
984 2652 1034 2720 διύ
1048 2650 1081 2718 τῦ
1097 2650 1171 2717 εἶναι
1183 2650 1292 2730 αύτούς
1306 2655 1339 2718 ἐκ
1354 2655 1445 2736 σπέρ-

292 2781 385 2837 ματος
400 2753 507 2832 αύτοῦ,
537 2753 597 2820 dud
620 2757 652 2821 δέ
673 2763 727 2821 τοῦ
742 2755 866 2842 ἐκγόνου
884 2753 994 2834 αύτοῦ,
1023 2757 1101 2837 φημί
1119 2755 1151 2820 δέ
1164 2752 1290 2836 Ἰαιιτδβ,
1320 2761 1375 2820 τοῦ
1390 2758 1445 2820 καὶ

292 2853 425 2940 Ἰσραήλ,
453 2853 638 2942 Ἰσραηλῖται.
681 2855 735 2934 Ἐξ
755 2857 873 2943 ἡμερῶν
892 2859 925 2922 δέ
944 2859 1058 2940 Δαβίδ,
1087 2863 1142 2921 τοῦ
1162 2855 1386 2939 βασιλεύσαντος
1407 2858 1446 2921 ἐκ

182 2991 233 3035 τις.
246 2981 279 3025 σι.
293 2966 389 3040 φυλῆς
406 2955 523 3038 Ἰούδα,
553 2963 709 3026 ἐκαλοῦντο
730 2959 876 3025 Ἰουδαῖοί
896 2985 925 3024 τι
947 2961 998 3024 καί
1018 2956 1195 3041 Ἰσραηλῖται
1216 2966 1309 3023 πᾶσαι
1330 2961 1364 3022 αἱ
1382 2958 1445 3022 διί-

292 3064 363 3126 δειια
379 3063 485 3143 φυλαί,
512 3063 560 3128 καί
579 3065 634 3138 ἕως
659 3069 857 3145 ιΣολομῶνος
873 3068 927 3128 τοῦ
942 3065 1012 3134 υἱοῦ
1029 3063 1144 3143 Δαβίδ,
1174 3063 1226 3126 καί
1241 3061 1296 3136 ἓως
1313 3067 1368 3126 τοῦ
1382 3057 1446 3127 ‘Po-

291 3160 370 3246 βοιίμ
389 3166 459 3229 νίοῦ
478 3170 668 3245 Σολομῶνος,
696 3163 822 3250 ἐκγόνου
844 3165 877 3228 δέ
898 3169 951 3228 τοῦ
970 3166 1076 3245 Δαβίδ.
1120 3163 1181 3227 Καὶ
1196 3161 1259 3230 κατ’
1276 3165 1449 3244 ἐπιτίμησιν

291 3271 384 3343 θεοῦ,
417 3267 468 3330 καί
491 3263 665 3350 οίναξιότητα
692 3274 745 3333 τοῦ
766 3263 908 3348 Ῥοβούμ,
939 3265 1117 3346 ἐσχίσθησαν
1145 3267 1178 3328 αί
1196 3263 1322 3328 δεκαδύο
1348 3266 1449 3344 φυλαέ

291 3370 343 3433 καί
360 3366 495 3453 γεγόνασι
513 3367 568 3434 δύο
589 3367 677 3451 ήμισυ
694 3366 765 3452 μετὰ
783 3374 835 3432 τοῦ
850 3364 968 3444 Ἰούδα,
989 3367 1117 3431 τουτέστι
1138 3363 1210 3447 μιτοί
1225 3361 1369 3448 Ῥοβούμ,
1390 3369 1448 3429 καὶ

293 3471 375 3534 ἐννέα
397 3468 489 3552 ἥμισυ
512 3469 583 3554 μεταί
603 3468 769 3554 Ἰεροβοοίμ
810 3466 992 3533 Ἐκαλοῦντο
1016 3469 1048 3533 δέ
1069 3471 1102 3532 αἱ
1120 3469 1203 3533 ἐννέα
1218 3465 1396 3552 Ἰσραηλίταί
1416 3493 1450 3532 τε

293 3572 345 3634 καί
360 3569 491 3656 Ἰσραήλ,
521 3571 743 3656 βασιλευόμεναι
758 3567 818 3635 ύπδ
835 3577 889 3635 τοῦ
904 3565 1062 3656 Ἰεροβοοίμ
1079 3573 1148 3635 υίοῦ
1166 3569 1274 3652 Ναβύτ
1290 3571 1322 3635 ἐν
1338 3575 1450 3651 Σαμα-

294 3675 371 3758 ρείηι·
399 3677 432 3736 αί
451 3675 483 3738 δέ
501 3674 556 3740 δύο
573 3677 615 3751 είς
627 3670 821 3758 Ἰερουσαλήμ
836 3669 982 3738 Ἰουδαῖοι
997 3671 1188 3754 καλούμενοι,
1217 3669 1455 3754 βασιλευόμεναι

293 3769 354 3837 ύπύ
368 3769 491 3856 Ῥοβούμ
507 3780 576 3842 υἱοῦ
588 3783 795 3858 Σολομῶντος,
816 3775 867 3840 καί
882 3777 1018 3860 γεγόνασι
1032 3773 1120 3839 πᾶλιν
1136 3775 1272 3856 διαδοχαὶ
1288 3771 1450 3856 βασιλέων.

292 3869 418 3956 Ῥοβούμ
435 3882 519 3963 γεννᾷ
534 3877 586 3943 τδν
602 3876 702 3961 Ἀβιύ,
721 3875 807 3960 Ἀβιύ
825 3875 877 3942 τδν
891 3873 976 3955 Ἀσύ,
995 3873 1066 3950 Ἀσύ
1081 3873 1134 3940 τδν
1151 3873 1317 3955 Ἰωσαφοίτ,
1337 3872 1451 3939 Ἰωσα-

293 4077 443 4163 Ἆμεσίαν,
475 4077 609 4160 Ἀμεσίας
637 4081 689 4147 τδν
709 4081 859 4166 Ἀζαρίαν,
891 4078 942 4146 σύν
962 4077 1143 4160 καλούμενον
1165 4076 1277 4157 Ὀζίαν,
1308 4075 1455 4160 Ἀζαρίας

296 4183 371 4248 ’καί
388 4179 483 4262 Ὀζίας
501 4178 554 4246 τδν
567 4177 719 4264 Ἰωύθαμ,
746 4181 885 4266 Ἰωύθνμ
903 4180 956 4248 τύν
967 4177 1085 4264 Ἀγαύζ,
1112 4179 1216 4264 Ἀχαύζ
1229 4178 1282 4246 σύν
1295 4177 1452 4258 Ἐζεκίαν.

329 4437 387 4490 Cn.
398 4439 441 4490 Vl.
460 4468 488 4480 -
508 4439 529 4492 1.
543 4437 707 4507 Σολομῶντος
724 4441 775 4492 σσδ.
790 4441 850 4494 mu·
915 4441 940 4492 2.
958 4443 1049 4504 διροτιι
1066 4437 1080 4494 δ
1099 4439 1143 4493 καὶ
1159 4433 1255 4503 Ὀζίας.
1289 4441 1337 4492 Pro
1354 4431 1460 4501 Ὀζίας

294 4508 343 4570 σιμ.
884 4513 938 4562 mn·
952 4511 1023 4573 υνλρο
1040 4504 1138 4568 Ὀσίσι.
1267 4541 1284 4576 s
