3106 4990
367 299 501 352 ΡΑΝΔίίίί
519 301 581 353 Lis.
596 301 615 350 1.
630 299 710 355 ΤΟΜ.
726 300 770 351 itt.
786 301 883 351 HAER.
898 299 1022 354 XXXIV.
1204 287 1265 350 457

291 425 347 483 Per
369 434 396 484 te
415 423 528 484 rebeliis
548 425 643 504 qouhb
664 425 834 502 aggreditur
854 441 962 482 paunus.

291 529 368 587 Haec
390 537 420 586 he
442 527 492 585 iiia
514 529 638 586 Saturae
650 527 749 606 fretus
769 527 878 586 oueileb
894 527 989 606 patrii

291 631 485 709 Asuseiebque
506 631 577 688 rutha
598 631 730 707 deriguere
751 649 811 707 ope,

292 735 466 792 Praecureor
486 733 540 792 olii
549 732 668 813 frondis
689 730 718 790 in
739 751 860 810 eriperes
873 733 966 790 dutus.

118 829 202 895 Haec
219 833 281 917 pins
296 833 343 896 iiio
359 853 452 896 senex
468 833 585 896 cecinit.
625 830 714 895 Nune
729 833 841 916 reliqna
858 832 978 894 istorum
997 829 1147 915 mysteria,
1169 849 1265 912 qnam·

117 933 165 996 vis
181 934 349 1016 longissima
365 935 439 1012 sint,
471 957 557 1020 quant
575 946 677 1020 potero
693 935 865 998 brevissime
883 943 1050 1017 pertesum,
1082 951 1174 1014 eaque
1191 951 1265 1014 qnae

114 1036 281 1099 iamdudum
304 1039 448 1100 occultata
468 1039 584 1100 inerunt
604 1037 632 1100 in
654 1048 785 1122 apertum
807 1037 962 1120 proferam.
1003 1032 1060 1098 sic
1079 1032 1155 1096 enim
1174 1033 1266 1096 omni·

114 1139 173 1203 bns
194 1140 228 1202 ud
251 1139 480 1203 convincendum
504 1151 590 1204 erunt
611 1140 757 1204 iaciiiima.

204 1239 298 1326 igitur
314 1243 448 1306 theostum
464 1244 700 1328 generationem,
731 1243 971 1325 aberrantemqne
990 1239 1131 1325 primum,
1162 1238 1265 1301 deinde
1283 1248 1342 1317 Gap.
1360 1247 1416 1297 1111.

115 1357 317 1429 recuperatam
343 1367 428 1410 ovem
454 1348 483 1409 in
505 1367 593 1410 naum
617 1347 828 1408 cosdundentes
851 1345 973 1430 mystice
994 1342 1223 1426 interpretentur
1245 1341 1264 1404 ii

114 1447 166 1531 qui
184 1449 217 1510 ad
235 1469 372 1512 ricimeros
389 1451 524 1514 universa
540 1451 689 1528 scierunt,
714 1459 744 1510 et
759 1469 798 1511 es
814 1445 932 1512 Unitete
946 1467 980 1508 ac
996 1443 1115 1508 binario
1133 1445 1265 1530 componi

114 1549 296 1613 arbitrantur
319 1553 433 1631 omnio,
466 1562 552 1636 utqne
579 1551 613 1615 ah
636 1573 694 1614 οινο
717 1550 751 1612 od
774 1563 898 1634 quatuor
919 1550 1097 1613 ntimerandc
1118 1545 1266 1631 progressi

114 1650 265 1716 Decedem
283 1655 418 1716 efficiunt.
466 1651 560 1718 Unum
578 1655 681 1740 qnippe
696 1675 729 1716 ac
744 1654 817 1729 diso,
842 1653 915 1728 tria,
940 1662 1082 1734 quatuor,
1107 1651 1189 1712 sienni
1207 1649 1265 1712 coi·

113 1755 192 1818 lecta
212 1757 311 1818 decern
330 1757 466 1820 Aeonnm
485 1778 636 1820 nnmerum
654 1764 839 1842 pepererunt.
887 1751 1000 1817 Deinde
1017 1753 1146 1817 binarius
1166 1773 1217 1838 per
1233 1772 1266 1816 se

113 1859 151 1920 ad
172 1857 319 1924 sestarium
339 1860 517 1944 procedens,
551 1859 758 1939 hocostdno,
790 1867 1049 1943 qnatncrctsex,
1082 1853 1265 1919 Dodecadem

113 1962 291 2044 composuit.
336 1961 452 2025 Rursus
475 1962 622 2026 ahinario
646 1963 747 2025 eodeni
771 1963 855 2026 modo
872 1958 1090 2023 numerantibus
1112 1959 1147 2020 od
1166 1959 1265 2020 decem

114 2083 209 2146 usquc
225 2063 342 2146 triginta
359 2065 533 2141 conflentur,
556 2065 703 2148 inquibus
720 2065 818 2128 insunt
833 2073 910 2139 octo,
935 2063 1034 2123 decem
1051 2081 1084 2122 ao
1100 2060 1262 2122 duodecim.

114 2163 164 2230 0b
184 2165 210 2227 id
231 2163 433 2246 Dodeuadem,
467 2169 541 2250 qnod
559 2168 704 2231 sonan'nm
722 2187 872 2229 numerum
889 2165 1023 2227 comitem
1043 2161 1193 2238 hahuerit,
1227 2161 1264 2224 cb

112 2269 265 2332 senarium
284 2268 363 2331 iiiam
384 2267 553 2332 Passionem
572 2271 727 2354 appodiant.
775 2266 940 2350 Eademque
963 2267 997 2328 dc
1015 2285 1118 2328 caussa
1141 2285 1206 2326 cnm
1229 2265 1265 2328 ad
1334 2255 1340 2269 ⁸

112 2371 325 2434 dnodenarium
343 2391 494 2434 promerum
512 2393 597 2435 error
614 2373 810 2448 adhaesisset,
836 2371 1018 2432 aberrantem
1036 2381 1161 2451 o'gregc
1180 2387 1264 2430 oveiu

112 2473 231 2556 lougius
247 2473 366 2556 evagari
383 2475 534 2559 coepisscp
558 2474 692 2558 qnoniam
710 2475 745 2536 ab
761 2471 947 2536 Duodenario
962 2471 1171 2534 discessionem
1187 2471 1264 2533 iiiam

113 2585 218 2660 putant
243 2575 396 2639 accidisse.
444 2575 495 2640 Sic
519 2577 604 2640 etiam
628 2578 663 2639 ab
686 2573 874 2639 [duodenario
897 2575 1106 2638 desciscentem
1129 2573 1405 2642 virtotrmmsnm.

113 2679 240 2764 periisse
257 2679 385 2762 hagont3
409 2699 531 2762 eamque
547 2679 696 2742 mulierem
716 2679 792 2741 iiiam
812 2699 891 2756 esse,
916 2697 990 2762 quac
1006 2677 1112 2740 amisso
1129 2675 1266 2739 drachma

112 2781 266 2844 lucernam
283 2781 426 2860 accendit,
450 2792 536 2865 atque
551 2801 614 2844 eam
631 2781 751 2866 reperit.
797 2780 861 2844 Hoc
877 2782 972 2864 itaque
988 2791 1071 2863 pacto
1086 2779 1205 2862 reliquis
1222 2779 1266 2840 in·

112 2884 265 2962 numeris,
285 2883 315 2944 in
334 2885 466 2946 drachma
484 2885 598 2968 quidem
618 2905 734 2962 uovcm,
758 2883 787 2948 in
806 2905 860 2948 ore
877 2884 1022 2959 undecim,
1046 2882 1115 2944 siin
1133 2883 1266 2944 sesedn-

110 2994 236 3062 cantnr‚
260 2982 367 3050 xcix
384 2987 509 3050 efficere.
553 2985 630 3050 Nam
650 2988 751 3050 novics
767 2983 813 3049 Xi
832 3007 981 3050 numerum
1001 2987 1075 3048 huuc
1091 2987 1263 3069 producunt.

112 3086 217 3171 Quare
238 3097 268 3149 et
290 3087 319 3149 in
342 3109 414 3152 voce
432 3082 525 3169 Ἀμήν
543 3091 665 3152 cundem
686 3089 807 3174 reperiri
826 3089 935 3154 dicunt.
980 3085 1039 3151 Sed
1063 3098 1092 3150 et
1109 3087 1194 3150 uiiter
1209 3087 1265 3149 ista

111 3191 283 3266 declarant,
308 3191 383 3274 qnod
401 3213 458 3254 uon
478 3192 586 3276 pigebit
603 3212 772 3276 exponere,
796 3203 827 3254 nt
842 3191 1003 3254 cuiusmodi
1020 3189 1057 3254 sit
1074 3188 1186 3252 illorum
1205 3191 1264 3250 irn-

112 3305 179 3356 etus
199 3313 238 3354 ex
257 3295 334 3355 ouini
354 3305 434 3377 parte
453 3315 625 3376 cognoscas.
671 3291 787 3356 Etenim
806 3300 825 3372 ip
843 3295 1016 3356 elementum
1039 3310 1102 3354 cuni
1121 3291 1262 3375 episemo,

113 3393 309 3460 (detonariom
328 3415 394 3459 esse
415 3395 531 3473 volunt,
564 3395 639 3480 qnod
657 3406 792 3458 octavum
810 3417 826 3457 a
844 3395 934 3479 primo
953 3395 1035 3459 iitcra
1054 3394 1147 3457 locum
1165 3392 1261 3455 hahet.

111 3531 197 3599 igitur
215 3547 246 3579 eo
262 3531 329 3598 quud
344 3531 469 3598 episemon
481 3531 592 3582 hahuerit
609 3547 670 3581 con-
705 3526 1059 3616 (νο1σννεποκολονοησοντο)
1074 3522 1139 3595 αὐτῇ
1155 3525 1197 3580 τὸν
1212 3525 1264 3580 ἐπί·

111 3609 259 3667 sequentem
272 3599 334 3658 sibi,
353 3611 455 3666 propter
469 3601 594 3667 episemon
611 3619 672 3666 pse—-
706 3615 786 3664 σημον
801 3597 882 3658 πάθος
900 3599 1005 3665 λέγουσι.

110 3669 210 3718 sionem
226 3678 323 3717 vocent.
357 3671 424 3719 Hunc
440 3673 510 3718 secuti
527 3673 636 3720 Petooioe
652 3676 673 3719 et
738 3669 760 3719 7.
777 3685 820 3720 που
834 3671 942 3729 rescripsi
955 3681 984 3716 ee
999 3669 1045 3716 Vei.
1055 3669 1151 3728 interpr.
1164 3665 1261 3728 protei

111 3741 198 3788 Bittius
214 3741 369 3800 scripserint:
385 3735 428 3789 bed
445 3733 473 3789 πο
491 3733 533 3790 τὸν
550 3735 672 3822 ἐπίοημοξ
705 3739 767 3799 qnod
783 3739 854 3798 nntpo
870 3741 940 3785 extat

111 3803 251 3888 ἐσχηκέναι
266 3801 515 3868 concanonicum
531 3799 613 3872 (οἰ-ᾗ,
631 3801 674 3857 bed
740 3809 764 3854 ti.
782 3807 846 3853 Libri
864 3805 947 3854 hubent
964 3795 1110 3856 ἀπόστασιν

110 3871 155 3928 τὸν
173 3871 295 3938 ἐπίσημον
311 3879 377 3933 ceti,
399 3889 470 3936 quom
492 3876 674 3956 emendationem
740 3873 763 3923 ί).
782 3870 918 3934 &rescripsi
932 3887 1024 3934 prou
993 3869 1024 3924 ἐπ
1023 3869 1034 3922 1
1050 3875 1113 3934 quod
1127 3875 1180 3923 iibri
1193 3887 1263 3936 proe-

110 3944 255 4004 improbouii
271 3944 380 4001 (trebius,
396 3945 434 3991 cui
449 3943 552 4021 ptuouit:
569 3937 611 3993 etc·
629 3938 671 3994 τᾶν
707 3943 765 3990 beni.

111 4007 237 4072 ἐπίσημον
253 4007 453 4093 συνεσχηκέναι.
464 4003 507 4061 οιοὶ
522 4025 550 4060 τε
568 4025 624 4060 onis
625 4026 671 4060 πα·
743 4011 778 4059 10
793 4008 837 4061 τοῦ
851 4027 867 4060 α
854 4001 967 4074 ’σ’γοόῳ
980 4007 1090 4074 κείμενον
1105 4005 1172 4060 ἐν’
1143 4025 1214 4074 τοπῳ
1226 4024 1263 4058 re-

110 4077 268 4128 κολονοοοαι
285 4075 324 4134 οίς
341 4069 407 4156 ομτῇ
426 4073 468 4129 τον
486 4074 607 4140 ἐπίσημον
621 4083 671 4126 cett.
704 4080 786 4139 scripsi
803 4091 831 4126 ec
848 4079 893 4126 t'.ei
911 4077 970 4126 tuter
988 4083 1047 4138 rete,
1065 4081 1086 4126 ei
1105 4079 1205 4128 Pseudo·
1209 4079 1261 4128 Ori-

111 4141 154 4210 Tei
158 4163 170 4194 ν
196 4133 239 4196 ocii
264 4145 334 4196 Δωο·
337 4138 403 4198 κοίοο
428 4141 470 4196 cet
496 4141 524 4196 τὸ
548 4143 692 4209 ἐπίσημον
702 4159 772 4206 pene,
796 4147 836 4206 qni
852 4146 934 4194 hehet:
960 4141 1008 4197 oui
1027 4143 1070 4197 τοῦ
1089 4138 1156 4210 ἄλφα
1174 4138 1260 4212 o’pbo'qs

110 4165 250 4279 ἐσχηκέναι
272 4227 328 4263 onie
330 4214 522 4295 ποικολονοῆοαν
543 4213 605 4298 (eod.
625 4227 668 4260 me.
703 4209 856 4294 νξείμενον’
829 4229 906 4294 scapi.
933 4215 1059 4296 Epiphoaii
1073 4215 1262 4293 iibriproeheut:

112 4275 349 4344 succensentem
338 4283 374 4346 ν)
403 4275 469 4346 αὐτῇ
495 4277 523 4332 το
551 4277 672 4344 ἐπίσημον
706 4273 754 4331 ἄπο
772 4281 839 4332 τοῦ
832 4269 930 4344 πρωίτον
945 4277 1035 4346 epodon
1051 4279 1162 4346 κείμενον
1176 4276 1260 4332 τόπον.

109 4347 209 4410 acea,
235 4347 279 4399 καὶ
303 4345 345 4400 oti
367 4348 506 4400 reiaeccii.
528 4349 673 4430 ertuiqpud
709 4351 753 4396 i'et.
775 4351 905 4410 interpretis
928 4351 1013 4398 cubo:
1045 4365 1097 4397 cum
1124 4347 1154 4396 ub
1182 4347 1261 4414 tiphe

111 4417 215 4466 Pseudo
209 4418 348 4498 Oriperpem.
383 4419 440 4466 Mihi
455 4417 545 4465 videtur
559 4419 673 4478 corripen-
706 4415 781 4464 beta
795 4427 884 4466 octavo
898 4416 929 4465 sii
945 4417 1025 4482 posita
1040 4415 1097 4465 loco
1112 4420 1200 4482 corripe
1214 4421 1261 4472 sie:

111 4485 187 4534 dum:
205 4472 307 4544 Την’
278 4499 319 4535 ουν
336 4479 535 4568 Δωοξκοῗοατὸν
552 4481 673 4547 ἐπίσημον
708 4499 762 4534 σοον
780 4484 811 4534 eb
829 4484 902 4553 sipha
919 4495 1017 4534 eico.
1033 4501 1052 4533 s.
1070 4501 1093 4552 p.
1109 4484 1125 4534 1.

112 4556 297 4618 ωννεσχηκυῖον
314 4549 357 4605 eti
378 4549 408 4604 το
426 4551 674 4616 οννοποκολονὶοήοαι
