3100 4984
335 242 396 310 ³7⁰
754 255 872 308 τιναει
892 255 1058 308 οεινιιιιιιι

336 372 457 440 πάντων
472 365 492 462 ᾗ
509 369 699 453 πεφυλαιιός,
727 370 788 452 ’οῆ
803 375 829 438 εἰ
842 379 901 438 τῶν
912 379 1026 438 λοιπῶν
1039 370 1092 447 τοίς
1105 371 1248 458 συζύγους
1264 371 1404 494 ''Q'’
1425 369 1471 434 καλ

334 473 389 560 τῆν
403 482 456 542 τοῦ
471 471 648 560 Ἀνθριύπου
663 470 700 539 άν
714 472 874 557 μεμηνύκει
886 474 1020 561 σύζυγον,
1042 476 1093 540 καί
1107 472 1162 542 οῦκ
1178 472 1215 540 όν
1230 471 1347 556 άφητεν
1360 475 1393 538 ἰκ
1407 497 1471 554 μαν·

334 582 411 654 τείας
430 573 508 660 η’μῦς
528 574 686 659 λαμβάνειν
706 573 836 659 τούνομα
856 574 954 660 αῦτῆς.
1001 574 1120 662 Φανερά
1137 567 1191 642 οῦν
1209 573 1229 658 ῆ
1247 583 1299 657 τῆς
1316 573 1472 660 ἐξηγήσεως

334 683 538 766 παραπυίησις.
572 685 631 744 Τοῦ
647 678 701 764 γάρ
717 675 853 745 Ἰωάννου
868 681 920 744 ἕνα
934 678 1008 747 θεόν
1023 677 1246 764 παντοκράτορα
1259 679 1309 744 καλ
1325 680 1376 744 ἕνα
1390 703 1471 760 μονο-

333 789 402 869 γενῆ
422 780 550 868 Χριστόν
566 777 678 864 Ἰησοῦν
693 780 906 867 κηρύσσοντος,
939 779 976 847 δι’
996 775 1033 848 ού
1054 781 1090 847 τά
1111 781 1208 848 πάντα
1224 782 1372 867 γεγονέναι
1393 781 1471 866 λέγει,

332 891 437 952 τοῦτον
453 883 520 952 υίόν
535 891 625 963 θεοῦ,
647 890 750 949 τοῦτον
764 891 923 969 μονογενῆ,
951 891 1055 950 τοῦτον
1071 883 1188 952 πάντων
1203 883 1346 966 ποιητῆν,
1374 890 1472 948 τοῦτον

332 995 399 1070 φεῦς
412 985 570 1072 άληθινόν,
593 990 753 1068 φωτίζοντα
768 985 865 1051 πάντα
882 985 1060 1073 άνθρωπον,
1088 994 1193 1054 τοῦτον
1210 983 1325 1068 κόσμου
1341 983 1471 1069 ποιητῆν,

212 1120 263 1168 μσς.
275 1107 319 1156 m.
333 1098 437 1156 τοῦτον
459 1093 500 1166 εἰς
522 1086 557 1154 τά
578 1091 640 1154 λ’όια
658 1087 837 1171 ἐληλυθότα,
866 1097 971 1156 τοῦτον
992 1088 1083 1156 αῦτόυ
1104 1089 1200 1175 σάρκα
1220 1087 1359 1175 γεγονότα
1385 1089 1472 1152 ”zai

333 1191 519 1276 έσκηνωκύτα
541 1193 573 1257 έν
588 1187 674 1274 ῆμῖν,
704 1183 786 1258 οῦτοι
804 1193 1037 1278 παρατρέποντος
1054 1191 1129 1257 κατά
1146 1190 1179 1258 τό
1195 1191 1327 1258 πιθανόν
1341 1190 1397 1274 τῆν
1414 1189 1472 1273 ἐξῆ-

333 1317 432 1381 γησιν,
454 1291 540 1362 άλλον
554 1294 606 1376 μίυ
620 1291 671 1360 τόν
688 1301 846 1380 Μονογευῆ
860 1297 998 1360 θέλουσιν
1012 1291 1087 1360 εἰναι
1101 1292 1176 1360 κατά
1190 1293 1244 1378 τῆν
1258 1292 1420 1380 προβολὴν,
1441 1291 1473 1358 όν

333 1395 371 1478 ῦῆ
387 1399 438 1463 καί
452 1393 557 1482 Ἀργῆν
570 1403 725 1476 καλοῦσιν,
748 1393 834 1464 άλλον
849 1399 881 1463 δέ
897 1396 948 1464 τόν
963 1404 1090 1483 Σωτῆρα
1107 1400 1255 1483 γεγονέναι
1269 1399 1406 1477 θέλουσι,
1426 1398 1472 1462 καί

332 1497 417 1566 ἄλλον
437 1498 489 1566 τόν
509 1498 612 1586 Λόγον
634 1497 701 1566 υἱόν
721 1507 775 1566 τοῦ
794 1506 1002 1585 Μονογενοῦς,
1032 1501 1084 1566 καὶ
1106 1497 1192 1568 άλλον
1213 1498 1264 1566 τόν
1285 1496 1414 1586 Χριστόν
1435 1501 1473 1573 τίς

331 1600 539 1687 ἐπανόρθωσιν
559 1610 612 1669 τοῦ
632 1605 835 1687 Πληροίματος
853 1603 1098 1690 προβεβλημένον.
1144 1605 1203 1670 Καὶ
1222 1607 1257 1669 ἓν
1273 1604 1398 1669 ἕκαστον
1418 1608 1473 1666 νῦν

332 1705 491 1792 εἰρημένων
506 1703 627 1790 ύρωντες
645 1701 703 1770 αἰπύ
722 1711 774 1786 τῆς
792 1702 945 1788 άληθείας,
975 1703 1224 1793 καταχρησόμενοι
1242 1714 1304 1782 τοῖς
1322 1702 1471 1788 όνόμασιν,

331 1808 372 1884 εἰς
386 1805 438 1890 τῆν
453 1809 530 1873 ἰδίαν
545 1805 691 1873 ύπόθεσιν
704 1809 897 1893 μετήνεγκαν,
919 1806 989 1884 ύίςτε
1004 1806 1066 1874 κατ’
1080 1804 1191 1884 αύτούς
1203 1810 1234 1873 ἰν
1250 1816 1311 1883 τοῖς
1325 1805 1473 1880 τοσούτοις

329 1907 382 1977 τόν
397 1906 534 1994 Ἰωάννην
556 1917 610 1975 τοῦ
628 1913 732 1995 κυρίου
748 1907 844 1992 Ἰησοῦ
862 1916 991 1994 Χριστοῦ
1007 1914 1109 1994 μνείαν
1129 1907 1214 1993 ημῆ
1231 1918 1393 1976 ποιεῖσθακ
1435 1909 1474 1972 Εἰ

330 2010 385 2098 γάρ
405 2013 523 2098 Πατέρα
543 2015 654 2096 είρηκε,
684 2014 734 2080 καί
753 2010 864 2096 Χάριν,
891 2013 942 2078 καί
959 2019 1134 2099 Μονογενῆ,
1162 2013 1213 2078 καί
1228 2010 1399 2095 Ἀλήθειαν,
1426 2014 1473 2076 ιιαί
1536 2039 1537 2076 ι

330 2113 444 2200 Λόγον,
466 2116 517 2216 καλ
535 2112 637 2198 Ζωῆν,
660 2113 910 2199 καλ”Ανθρωπον,
932 2117 981 2180 καλ
995 2112 1177 2198 Ἐκκλησίαν,
1199 2113 1274 2180 κατά
1288 2113 1342 2197 τῆν
1356 2117 1473 2180 ἐκείνων

329 2213 474 2284 ύπόθεσιν
493 2219 562 2302 περὶ
582 2224 634 2300 τῆς
654 2215 771 2302 πραότης
788 2215 948 2302 Ὀγθοόιίος
967 2221 1097 2303 είρηιιεν,
1129 2220 1161 2282 ἰν
1178 2209 1199 2307 ῆ
1217 2215 1333 2283 ούδέπω
1349 2214 1471 2300 Ἰησοῦς,

331 2316 447 2386 υύόέπω
465 2319 593 2406 Χριστός
606 2317 624 2386 ό
638 2327 691 2385 τοῦ
703 2316 840 2386 Ἰωάννου
852 2317 1033 2396 διδάσκαλος.
1053 2319 1122 2386 Ὅτι
1136 2319 1168 2384 δέ
1182 2315 1219 2384 οῦ
1234 2321 1300 2404 περὶ
1315 2325 1376 2384 νῦν
1390 2324 1472 2396 συζυ-

329 2429 402 2509 γιοῦυ
423 2421 521 2489 ωύτῦν
540 2419 558 2488 ό
577 2419 738 2498 α’πόστολος
756 2425 886 2508 εἰρηκεν,
916 2419 986 2486 άλλό
1005 2423 1072 2508 περλ
1089 2429 1143 2488 τοῦ
1158 2426 1263 2508 κυρίου
1279 2419 1365 2505 ῆμοῖυ
1381 2418 1474 2503 Ἰησοῦ
1536 2413 1537 2478 ί

332 2529 473 2610 Χριστοῦ,
493 2525 529 2592 όν
543 2527 593 2592 καί
609 2523 696 2611 λόγον
710 2520 771 2590 οἰῦε
786 2532 838 2590 τοῦ
851 2531 936 2603 θεοῦ,
958 2521 1047 2601 αῦτός
1062 2528 1204 2606 πεποίηκε
1220 2521 1358 2608 φανερόν.
1392 2521 1471 2588 ’Λυσι
1536 2511 1537 2594 ί

328 2628 578 2709 κεφαλαιούμενοι
597 2627 653 2711 γάρ
673 2629 739 2710 περί
761 2634 813 2693 τοῦ
835 2627 990 2710 εἰρημένου
1012 2623 1091 2716 αύτῷ
1117 2625 1221 2692 13ι’ίνω
1243 2628 1274 2692 ἰν
1293 2622 1368 2714 ἀργῇ
1387 2623 1474 2710 λόγον
1536 2613 1537 2652 ³

332 2730 519 2814 έπεξηγεῦται,
542 2731 602 2794 Καὶ
616 2726 634 2794 ό
647 2725 734 2813 λόγος
747 2727 819 2812 σάρξ
834 2730 955 2814 ἐγένετο,
976 2731 1028 2794 καλ
1043 2727 1207 2812 έσιιῆνωσευ
1221 2731 1253 2794 έν
1267 2724 1348 2812 ἡμῖν.
1392 2725 1475 2792 Χατά

331 2830 364 2896 δέ
381 2829 437 2914 τῆν
452 2832 570 2897 ἰκείνων
585 2827 731 2898 ύπόθεσιν
746 2828 798 2913 ούγ
813 2828 832 2896 ό
847 2830 933 2917 λόγος
948 2829 1018 2918 σάρξ
1034 2833 1156 2918 ἐγένετο,
1183 2830 1260 2908 ῑ*ὅς
1275 2855 1306 2916 γε
1320 2827 1391 2896 ούῦέ
1403 2821 1476 2914 ῆλθί

330 2956 401 2999 ποτε
420 2930 505 3008 ἰκτός
523 2932 741 3018 Πληροίματος,
774 2930 843 2998 άλλό
861 2930 878 2998 ό
899 2936 976 3000 1ίίκ
991 2941 1044 3016 τῆς
1059 2937 1231 3016 οἰκονομίας
1243 2933 1476 3018 μεταγενέστερος

329 3041 382 3102 τοῦ
404 3032 508 3120 Λόγον
531 3035 646 3120 Σωτήρ.
1536 3111 1537 3128 ¹

415 3135 541 3204 Μάθετε
557 3131 626 3216 οῦν,
648 3136 778 3221 α’νόητοι,
800 3136 846 3203 ὅτι
860 3134 972 3219 Ἰησοῦς
989 3136 1007 3204 ύ
1022 3136 1130 3204 παθόν
1148 3135 1221 3222 ύπὲρ
1239 3134 1334 3220 ἡμῶν,
1356 3135 1477 3204 όιιατα-
1536 3207 1537 3216 ,

331 3239 485 3324 σκηνοίσας
500 3242 534 3306 έν
550 3237 635 3322 ἡμῖν,
657 3233 745 3316 οὗτος
762 3237 852 3316 αύτός
869 3242 946 3306 ἰστιν
964 3236 1081 3326 όλόγος
1097 3248 1149 3305 τοῦ
1163 3247 1248 3306 θεοῦ.
1294 3243 1337 3304 Εἰ
1350 3240 1404 3322 μὲν
1421 3238 1476 3325 γάρ
1536 3317 1537 3332 ρ

330 3339 417 3418 άλλος
437 3369 481 3419 τις
498 3349 556 3408 τῶν
573 3340 703 3408 Αἰάνων
724 3339 798 3427 ύπλρ
816 3349 869 3425 τῆς
886 3340 970 3424 ῆμῦν
988 3339 1085 3408 αύτῦν
1103 3347 1247 3428 σωτηρίας
1263 3339 1335 3427 σάρξ
1353 3343 1477 3427 ἐγένετο,
1536 3349 1537 3372 ¹

330 3443 408 3520 εἰκός
430 3437 469 3528 ῆν
488 3446 556 3531 περὶ
577 3441 665 3510 άλλον
683 3446 828 3528 εἰρηκέναι
848 3443 900 3509 τόν
921 3441 1090 3512 α’πόστολου.
1135 3446 1177 3508 Εἰ
1197 3444 1229 3508 δέ
1250 3439 1373 3529 όλόγυς
1390 3441 1409 3508 ό
1426 3449 1478 3510 τοῦ

330 3544 442 3632 πατρός
464 3543 629 3631 όκαταβάς
647 3545 737 3622 αύτός
754 3549 811 3611 ἐστι
830 3547 880 3610 καλ
899 3542 917 3612 ό
932 3544 1060 3628 α’ναβάς,
1092 3543 1110 3610 ό
1126 3551 1180 3611 τοῦ
1194 3543 1286 3627 μόνου
1300 3552 1378 3612 θεοῦ
1392 3571 1479 3629 μονο·

331 3644 417 3732 γενῆς
433 3647 498 3725 υἰός
512 3647 585 3715 κατά
602 3647 656 3731 τῆν
672 3655 724 3714 τοῦ
740 3645 852 3734 πατρός
870 3645 1008 3714 εύῦοκίαν
1025 3649 1192 3735 σαρκωθείς
1207 3645 1280 3734 ύπλρ
1296 3645 1479 3732 άνθρτύπων,
1536 3677 1537 3732 j

331 3746 369 3814 σύ
386 3751 453 3833 περὶ
473 3749 561 3818 ῦλλου
578 3749 671 3828 τινός,
701 3747 770 3815 οῦδὲ
788 3750 855 3834 περὶ
870 3747 1044 3834 Ὀγῦοόόος,
1074 3749 1125 3816 τόν
1142 3748 1230 3834 λόγον
1254 3752 1479 3834 Ιίμπεποίηται,

331 3846 423 3932 άλλ’ῆ
438 3855 573 3936 περὶτοῦ
589 3857 695 3936 κυρίου
708 3849 803 3935 ’ίησοῦ
823 3858 962 3935 Χριστοῦ.
996 3848 1074 3917 Ούθέ
1088 3851 1144 3937 γάρ
1159 3847 1178 3916 ό
1191 3848 1277 3936 λόγος
1291 3849 1354 3918 κατ’
1371 3849 1481 3928 αύτούς

332 3954 562 4038 προηγουμένως
578 3953 651 4042 σάρξ
669 3955 775 4040 γέγονε.
820 3955 948 4040 Λέγουσι
965 3953 997 4020 δέ
1013 3952 1066 4019 τόν
1083 3959 1210 4037 Σωτῆρα
1226 3952 1409 4020 ἐνδύσασθαι
1424 3960 1480 4018 σεῦ-

330 4081 370 4138 μα
388 4051 517 4140 ψυχικόν
539 4058 571 4121 έκ
588 4062 640 4138 τῆς
656 4059 825 4139 οἰκονομίας
841 4057 1107 4139 κατεσκευασμένον
1124 4052 1242 4144 άρρῆτιμ
1259 4059 1388 4143 προνοίᾳ
1406 4055 1482 4141 πρός

367 4211 404 4264 10.
422 4201 442 4276 ῆ
460 4209 482 4263 εἰ
503 4213 632 4262 emendatio
649 4219 682 4263 ττι
697 4215 762 4264 Bima
779 4217 800 4264 ιλ
816 4215 885 4263 Ρτίο-
955 4212 992 4264 12.
1011 4211 1050 4280 μῆ
1062 4215 1212 4277 paniculum,
1227 4227 1286 4275 ηυοι
1296 4213 1448 4264 denam
1458 4217 1483 4262 ἐκ

329 4284 372 4342 vii,
386 4281 548 4342 ηααπιγλιυιολ
559 4280 736 4341 λέλίυίτιμτιι.
762 4281 827 4330 Libri
837 4286 885 4330 ἰοια
919 4282 969 4330 τοελ.
984 4283 1081 4345 Βλετλίγ.
1101 4280 1160 4332 etin
1174 4283 1329 4343 τθίίίιίίλείι,
1343 4285 1440 4344 reponi
1456 4283 1485 4330 σν
1536 4319 1537 4328 .

329 4349 408 4409 scripu
423 4361 495 4410 ρυαπι
512 4348 567 4396 editi
583 4349 693 4409 praebent
708 4351 783 4398 τολυοι
801 4347 832 4401 εἰ.
920 4349 970 4397 τοῦ.
982 4351 1071 4399 Veneto.
1093 4351 1203 4400 Ρτιουίαι
1214 4349 1329 4399 τεθλλίίυτ
1339 4352 1485 4400 coniecerunt

365 4413 403 4465 11.
426 4413 470 4467 καλ
493 4411 658 4480 ἰονηνωκότα
678 4417 757 4478 verm
773 4431 817 4466 ων.
834 4418 886 4468 cod.
920 4409 949 4468 οῦ
966 4416 1100 4470 τεκεῖσθαι.

333 4483 386 4532 Van.
957 4483 996 4536 ¹3.
1014 4477 1066 4541 ἄνευ
1082 4477 1148 4552 άρχή
1165 4481 1240 4550 λόγου
1257 4483 1308 4534 τοῦ.
1326 4485 1382 4534 Vm.
