3110 4984
615 847 752 912 seueri

428 1003 939 1092 EPIPHANII

229 1207 660 1287 ABVERSUS
714 1207 1140 1286 flannnslts

527 1392 616 1444 atati
634 1393 654 1445 Ι.
682 1394 799 1446 Toettts
815 1394 849 1445 rt.

325 1631 634 1709 ADVERSUS
670 1632 1037 1709 slotottlattos.

139 1755 228 1850 Quae
256 1760 309 1828 est
332 1751 481 1828 haeresis
506 1755 545 1826 ab
564 1760 682 1828 exortu
698 1753 905 1828 Christianae
926 1751 1098 1851 religionis
1119 1754 1237 1851 prima,

568 1873 684 1946 ordine
710 1871 805 1946 XXI.

193 2021 314 2088 Primae
335 2023 463 2088 omnium
488 2041 562 2108 quae
587 2044 604 2086 a
623 2018 734 2088 Christi
754 2034 884 2108 tempore
901 2024 936 2088 ad
955 2022 1031 2086 hane
1050 2033 1177 2088 aetatem
1195 2045 1262 2109 pro·
1280 2031 1341 2101 cap.
1360 2035 1380 2085 t.

118 2124 230 2190 dierunt
252 2125 384 2192 haerede
407 2124 542 2210 princeps
559 2122 664 2190 Simon
688 2125 738 2188 itte
756 2123 865 2208 Magos
890 2124 1000 2188 extitit.
1046 2123 1131 2208 Quae
1147 2127 1263 2210 quidem

117 2238 192 2291 areta
212 2249 272 2292 non
289 2237 383 2306 reete,
407 2247 503 2311 neque
518 2247 558 2290 ex
574 2227 689 2307 ordine,
714 2223 912 2292 Christianum
929 2247 1036 2291 nomen
1055 2239 1186 2312 usurpat,
1209 2229 1262 2294 set

118 2351 165 2412 pre
181 2329 347 2394 adulterina
364 2349 417 2392 sua
433 2329 643 2415 depravatione
657 2330 840 2393 atrocissima
858 2349 990 2414 quaeque
1008 2328 1172 2394 committit.
1204 2325 1264 2413 lgi-

116 2440 161 2494 tnr
177 2429 285 2499 Simon
308 2431 365 2498 iste
387 2431 537 2496 veneficas
559 2431 630 2509 tuit,
660 2429 771 2494 Gitthis
794 2430 934 2494 oriundae
951 2431 1018 2494 otim
1036 2429 1161 2516 oppido,
1185 2452 1263 2499 noun

18 2555 19 2566 ¹
115 2532 178 2596 vieo
196 2529 365 2598 Samonion.
383 2558 394 2579 r
410 2529 468 2616 Qui
484 2533 669 2620 popularibus
687 2533 748 2596 auis
764 2532 849 2597 matis
863 2532 973 2598 artibus
989 2533 1114 2598 ittodens
1133 2552 1169 2596 ae
1184 2533 1264 2598 trau

115 2634 197 2697 didus
216 2634 357 2720 pellectos
374 2632 522 2720 desipiens
542 2655 677 2720 magnam
693 2655 726 2698 se
743 2634 790 2698 dei
808 2635 866 2700 vim
890 2655 958 2700 esse
974 2633 1160 2720 praedicabat
1174 2635 1265 2703 meti·

114 2745 160 2800 tue
184 2737 215 2800 in
236 2745 333 2800 terras
348 2736 506 2821 delapsam.
550 2732 646 2800 Porro
664 2737 738 2820 apud
755 2733 958 2800 Samaritanus
980 2757 1052 2800 suos
1074 2757 1128 2822 pro
1152 2737 1208 2800 deo
1230 2757 1264 2802 aa

115 2848 197 2923 patre
213 2839 399 2920 venditabat,
423 2839 497 2924 apud
514 2835 639 2902 iudaeos
663 2837 751 2902 filium
772 2859 806 2902 se
825 2838 962 2904 iaciebat.
1006 2835 1146 2922 Negabat
1158 2859 1267 2904 revera

113 2951 213 3005 aeaut
229 2940 414 3024 etiterqnam
431 2941 529 3026 speeie
549 2951 634 3006 tenus
655 2961 723 3006 esse
746 2961 875 3024 passum.
922 2935 1001 3004 idem
1019 2939 1160 3026 apostolis
1183 2941 1266 3006 biau-

19 3047 21 3096 t
114 3041 190 3106 ditus
212 3063 281 3106 enm
295 3041 361 3106 aliia
376 3041 451 3108 dene
472 3042 572 3108 multia
589 3063 607 3107 a
622 3039 756 3128 Philippo
772 3041 937 3128 baptizatas
954 3051 1010 3105 est.
1054 3039 1132 3108 Mox
1147 3053 1267 3128 praeter
1298 3051 1348 3096 sea
1359 3051 1381 3096 t-

19 3203 21 3224 ,
113 3164 202 3208 annm
225 3142 306 3207 ilium
323 3145 454 3208 universi
468 3165 598 3210 summos
617 3145 765 3230 apostolos
788 3144 998 3225 advenientes,
1030 3165 1140 3229 perque
1161 3163 1266 3210 manus

114 3245 168 3309 eidi
188 3243 228 3309 ab
250 3245 307 3310 ittie
325 3246 474 3331 impositas
493 3247 628 3332 spiritum
646 3256 779 3310 sanetum
797 3245 959 3332 excipiunt.
1003 3244 1082 3313 Nam
1099 3243 1264 3330 Phiiippus,

19 3341 21 3360 '
116 3348 191 3430 quet
213 3345 356 3412 diaeonus
377 3349 519 3412 duntaxat
544 3359 643 3430 esset,
674 3346 914 3433 imponendarnm
941 3369 1077 3412 manuum
1105 3345 1267 3410 eommuni-

115 3449 259 3534 eandique
275 3449 395 3534 spiritus
412 3451 506 3514 saneti
522 3459 666 3536 potestate
681 3449 813 3516 carebat.
844 3447 956 3514 Verum
974 3447 1076 3512 Simon
1093 3448 1150 3512 iste
1166 3446 1266 3512 animo

114 3570 146 3614 ae
167 3561 268 3616 mente
286 3551 479 3636 depravatus,
504 3573 569 3617 eum
588 3573 621 3616 se
640 3551 807 3638 turpissimo
824 3551 958 3636 quaestui
979 3560 1010 3614 et
1026 3549 1169 3614 avaritiae
1186 3551 1267 3614 dedi·

20 3685 21 3718 t
116 3651 219 3733 disset,
243 3673 340 3736 neque
356 3652 508 3738 quiequam
525 3654 562 3718 de
577 3654 724 3740 peruersis
743 3653 847 3718 studiis
862 3651 1038 3730 remisisset,
1062 3653 1195 3738 apostolo
1207 3651 1267 3721 Pe·

20 3791 21 3816 i
115 3763 160 3818 tto
178 3753 319 3840 peomdm
338 3755 457 3834 obtulit,
478 3766 512 3820 ut
526 3755 552 3819 is
572 3755 628 3820 sibi
652 3755 796 3842 largiendi
818 3776 872 3841 per
894 3773 1027 3818 manuum
1052 3753 1268 3841 impositionem

20 3927 21 3940 p
115 3856 237 3941 spiritua
251 3857 346 3920 sanoti
359 3868 533 3942 potestatem
551 3860 711 3923 eonferret.
734 3854 982 3941 Eandemquippe
997 3855 1129 3942 spiritum
1145 3856 1176 3921 in
1193 3857 1268 3922 aiios

20 3947 21 3960 ¹
113 3959 323 4023 transfundere
337 3959 496 4044 rogitabat,
516 3969 603 4044 atque
620 3959 661 4024 ita
676 3960 832 4024 maximam
849 3978 917 4023 sese
931 3959 1119 4044 pecuniarum
1134 3959 1195 4024 vim
1207 3959 1269 4024 eol·

113 4057 277 4140 lecturum,
308 4070 395 4144 atque
412 4060 518 4148 ingena
540 4061 658 4127 omniuo
682 4061 793 4128 luorum
812 4082 878 4126 oum
900 4060 1009 4147 exiguo
1026 4063 1121 4150 pretio
1139 4082 1267 4128 eommu-

114 4169 244 4225 taturum
266 4163 414 4246 sperabat.

143 4501 172 4554 3·
192 4501 361 4571 teutmaro
375 4505 442 4556 redd
458 4509 532 4557 t'otte.
546 4513 568 4557 et
579 4507 675 4569 amato.
710 4503 872 4572 ἐπικερδῆναι
888 4508 945 4556 editi
959 4507 1019 4556 ttdre'.
