<?xml version="1.0" encoding="UTF-8"?>
<!DOCTYPE html PUBLIC "-//W3C//DTD XHTML 1.0 Transitional//EN"
    "http://www.w3.org/TR/xhtml1/DTD/xhtml1-transitional.dtd">
<html xmlns="http://www.w3.org/1999/xhtml" xml:lang="en" lang="en">
 <head>
  <title>
</title>
<meta http-equiv="Content-Type" content="text/html;charset=utf-8" />
  <meta name='ocr-system' content='tesseract 3.04.00' />
  <meta name='ocr-capabilities' content='ocr_page ocr_carea ocr_par ocr_line ocrx_word'/>
</head>
<body>
  <div class='ocr_page' id='page_1' title='image "./corporishaerese01oehlgoog_0214.png"; bbox 0 0 3112 4984; ppageno 0'>
   <div class='ocr_carea' id='block_1_1' title="bbox 423 253 1307 322">
    <p class='ocr_par' dir='ltr' id='par_1_1' title="bbox 423 253 1307 322">
     <span class='ocr_line' id='line_1_1' title="bbox 423 253 1307 322; baseline -0.002 -2"><span class='ocrx_word' id='word_1_1' title='bbox 423 267 558 322; x_wconf 78' lang='lat' dir='ltr'>renrnn</span> <span class='ocrx_word' id='word_1_2' title='bbox 575 265 637 319; x_wconf 80' lang='lat' dir='ltr'>nte.</span> <span class='ocrx_word' id='word_1_3' title='bbox 655 269 674 318; x_wconf 89' lang='grc' dir='ltr'>ι.</span> <span class='ocrx_word' id='word_1_4' title='bbox 692 267 772 320; x_wconf 82' lang='lat' dir='ltr'>rom.</span> <span class='ocrx_word' id='word_1_5' title='bbox 788 267 819 318; x_wconf 87' lang='lat' dir='ltr'>rr.</span> <span class='ocrx_word' id='word_1_6' title='bbox 838 267 935 320; x_wconf 79' lang='lat' dir='ltr'>uum.</span> <span class='ocrx_word' id='word_1_7' title='bbox 949 267 1046 320; x_wconf 78' lang='lat' dir='ltr'>xxm.</span> <span class='ocrx_word' id='word_1_8' title='bbox 1090 286 1098 307; x_wconf 89' lang='lat'><strong>·</strong></span> <span class='ocrx_word' id='word_1_9' title='bbox 1247 253 1307 318; x_wconf 78' lang='lat'>201</span> 
     </span>
    </p>
   </div>
   <div class='ocr_carea' id='block_1_2' title="bbox 160 383 1466 4339">
    <p class='ocr_par' dir='ltr' id='par_1_2' title="bbox 160 383 1315 1082">
     <span class='ocr_line' id='line_1_2' title="bbox 163 383 1311 474; baseline -0.002 -23"><span class='ocrx_word' id='word_1_10' title='bbox 163 385 311 474; x_wconf 71' lang='lat' dir='ltr'><strong>probitate</strong></span> <span class='ocrx_word' id='word_1_11' title='bbox 332 404 387 450; x_wconf 92' lang='lat' dir='ltr'>nos</span> <span class='ocrx_word' id='word_1_12' title='bbox 409 385 533 471; x_wconf 71' lang='lat' dir='ltr'>eripuit,</span> <span class='ocrx_word' id='word_1_13' title='bbox 557 385 631 451; x_wconf 88' lang='lat' dir='ltr'>adeo</span> <span class='ocrx_word' id='word_1_14' title='bbox 655 397 686 450; x_wconf 94' lang='lat' dir='ltr'>ut</span> <span class='ocrx_word' id='word_1_15' title='bbox 708 399 859 473; x_wconf 90' lang='lat' dir='ltr'>postquam</span> <span class='ocrx_word' id='word_1_16' title='bbox 878 387 999 451; x_wconf 86' lang='lat' dir='ltr'>istorum</span> <span class='ocrx_word' id='word_1_17' title='bbox 1017 386 1107 450; x_wconf 87' lang='lat' dir='ltr'>libros</span> <span class='ocrx_word' id='word_1_18' title='bbox 1122 383 1311 471; x_wconf 74' lang='lat' dir='ltr'><strong>perlegimus,</strong></span> 
     </span>
     <span class='ocr_line' id='line_1_3' title="bbox 162 487 1314 572; baseline -0.002 -19"><span class='ocrx_word' id='word_1_19' title='bbox 162 501 193 553; x_wconf 89' lang='lat' dir='ltr'>et</span> <span class='ocrx_word' id='word_1_20' title='bbox 208 490 245 553; x_wconf 91' lang='lat' dir='ltr'>ad</span> <span class='ocrx_word' id='word_1_21' title='bbox 263 487 396 553; x_wconf 83' lang='lat' dir='ltr'>veritatis</span> <span class='ocrx_word' id='word_1_22' title='bbox 410 488 606 572; x_wconf 76' lang='lat' dir='ltr'>cognitionem</span> <span class='ocrx_word' id='word_1_23' title='bbox 623 487 749 552; x_wconf 90' lang='lat' dir='ltr'>animum</span> <span class='ocrx_word' id='word_1_24' title='bbox 767 489 942 569; x_wconf 89' lang='lat' dir='ltr'>adiecimus,</span> <span class='ocrx_word' id='word_1_25' title='bbox 965 509 1021 552; x_wconf 88' lang='lat' dir='ltr'>nee</span> <span class='ocrx_word' id='word_1_26' title='bbox 1036 487 1168 567; x_wconf 89' lang='lat' dir='ltr'>abducti,</span> <span class='ocrx_word' id='word_1_27' title='bbox 1191 489 1240 551; x_wconf 88' lang='lat' dir='ltr'>vel</span> <span class='ocrx_word' id='word_1_28' title='bbox 1262 507 1314 551; x_wconf 89' lang='lat' dir='ltr'>eo·</span> 
     </span>
     <span class='ocr_line' id='line_1_4' title="bbox 161 589 1314 675; baseline -0.003 -19"><span class='ocrx_word' id='word_1_29' title='bbox 161 613 227 656; x_wconf 90' lang='lat' dir='ltr'>rum</span> <span class='ocrx_word' id='word_1_30' title='bbox 251 589 399 668; x_wconf 77' lang='lat' dir='ltr'>illecebris</span> <span class='ocrx_word' id='word_1_31' title='bbox 419 589 494 674; x_wconf 89' lang='lat' dir='ltr'>capti</span> <span class='ocrx_word' id='word_1_32' title='bbox 517 609 634 669; x_wconf 88' lang='lat' dir='ltr'>snmus,</span> <span class='ocrx_word' id='word_1_33' title='bbox 658 591 709 654; x_wconf 89' lang='lat' dir='ltr'>sed</span> <span class='ocrx_word' id='word_1_34' title='bbox 730 591 884 675; x_wconf 76' lang='lat' dir='ltr'>eliugimus</span> <span class='ocrx_word' id='word_1_35' title='bbox 902 591 1131 668; x_wconf 77' lang='lat' dir='ltr'>tandem,‘mox</span> <span class='ocrx_word' id='word_1_36' title='bbox 1145 590 1181 653; x_wconf 94' lang='lat' dir='ltr'>ad</span> <span class='ocrx_word' id='word_1_37' title='bbox 1200 591 1314 674; x_wconf 86' lang='lat' dir='ltr'>episeo-</span> 
     </span>
     <span class='ocr_line' id='line_1_5' title="bbox 162 690 1314 778; baseline -0.002 -22"><span class='ocrx_word' id='word_1_38' title='bbox 162 714 229 778; x_wconf 89' lang='lat' dir='ltr'>pos,</span> <span class='ocrx_word' id='word_1_39' title='bbox 253 692 302 775; x_wconf 91' lang='lat' dir='ltr'>qui</span> <span class='ocrx_word' id='word_1_40' title='bbox 319 691 350 754; x_wconf 95' lang='lat' dir='ltr'>in</span> <span class='ocrx_word' id='word_1_41' title='bbox 372 690 421 755; x_wconf 92' lang='lat' dir='ltr'>illo</span> <span class='ocrx_word' id='word_1_42' title='bbox 437 691 503 755; x_wconf 88' lang='lat' dir='ltr'>loco</span> <span class='ocrx_word' id='word_1_43' title='bbox 521 701 618 771; x_wconf 86' lang='lat' dir='ltr'>eraut,</span> <span class='ocrx_word' id='word_1_44' title='bbox 641 691 756 756; x_wconf 85' lang='lat' dir='ltr'>delerre</span> <span class='ocrx_word' id='word_1_45' title='bbox 773 693 981 770; x_wconf 72' lang='lat' dir='ltr'>studuerimus,</span> <span class='ocrx_word' id='word_1_46' title='bbox 1004 703 1153 755; x_wconf 90' lang='lat' dir='ltr'>eteorum</span> <span class='ocrx_word' id='word_1_47' title='bbox 1172 691 1314 754; x_wconf 87' lang='lat' dir='ltr'>haetenus</span> 
     </span>
     <span class='ocr_line' id='line_1_6' title="bbox 160 789 1315 880; baseline -0.003 -22"><span class='ocrx_word' id='word_1_48' title='bbox 160 796 264 879; x_wconf 73' lang='lat' dir='ltr'>ignota</span> <span class='ocrx_word' id='word_1_49' title='bbox 287 793 405 859; x_wconf 90' lang='lat' dir='ltr'>nomina</span> <span class='ocrx_word' id='word_1_50' title='bbox 423 794 452 856; x_wconf 93' lang='lat' dir='ltr'>in</span> <span class='ocrx_word' id='word_1_51' title='bbox 470 793 595 858; x_wconf 85' lang='lat' dir='ltr'>eeclesia</span> <span class='ocrx_word' id='word_1_52' title='bbox 617 795 767 879; x_wconf 72' lang='lat' dir='ltr'>detegere.</span> <span class='ocrx_word' id='word_1_53' title='bbox 812 793 935 880; x_wconf 79' lang='lat' dir='ltr'>Exque</span> <span class='ocrx_word' id='word_1_54' title='bbox 953 796 1121 858; x_wconf 78' lang='lat' dir='ltr'>factumest</span> <span class='ocrx_word' id='word_1_55' title='bbox 1139 805 1170 858; x_wconf 88' lang='lat' dir='ltr'>ut</span> <span class='ocrx_word' id='word_1_56' title='bbox 1187 789 1315 856; x_wconf 83' lang='lat' dir='ltr'>LXXX</span> 
     </span>
     <span class='ocr_line' id='line_1_7' title="bbox 163 893 1312 982; baseline -0.003 -22"><span class='ocrx_word' id='word_1_57' title='bbox 163 898 229 960; x_wconf 85' lang='lat' dir='ltr'>lere</span> <span class='ocrx_word' id='word_1_58' title='bbox 247 897 343 981; x_wconf 81' lang='lat' dir='ltr'>capita</span> <span class='ocrx_word' id='word_1_59' title='bbox 359 895 479 960; x_wconf 78' lang='lat' dir='ltr'>exulare</span> <span class='ocrx_word' id='word_1_60' title='bbox 503 895 582 960; x_wconf 92' lang='lat' dir='ltr'>iussa</span> <span class='ocrx_word' id='word_1_61' title='bbox 604 895 641 960; x_wconf 91' lang='lat' dir='ltr'>ab</span> <span class='ocrx_word' id='word_1_62' title='bbox 663 897 732 961; x_wconf 92' lang='lat' dir='ltr'>lolio</span> <span class='ocrx_word' id='word_1_63' title='bbox 750 897 899 982; x_wconf 83' lang='lat' dir='ltr'>spinisque</span> <span class='ocrx_word' id='word_1_64' title='bbox 920 897 981 962; x_wconf 92' lang='lat' dir='ltr'>sois</span> <span class='ocrx_word' id='word_1_65' title='bbox 1003 907 1189 981; x_wconf 78' lang='lat' dir='ltr'>repurgatam</span> <span class='ocrx_word' id='word_1_66' title='bbox 1210 893 1312 958; x_wconf 89' lang='lat' dir='ltr'>urbem</span> 
     </span>
     <span class='ocr_line' id='line_1_8' title="bbox 163 998 349 1082; baseline 0.005 -22"><span class='ocrx_word' id='word_1_67' title='bbox 163 998 349 1082; x_wconf 82' lang='lat' dir='ltr'>reliquerint.</span> 
     </span>
    </p>

    <p class='ocr_par' dir='ltr' id='par_1_3' title="bbox 162 1094 1465 4237">
     <span class='ocr_line' id='line_1_9' title="bbox 248 1094 1465 1185; baseline 0.002 -23"><span class='ocrx_word' id='word_1_68' title='bbox 248 1097 447 1182; x_wconf 76' lang='lat' dir='ltr'>Quamobrem</span> <span class='ocrx_word' id='word_1_69' title='bbox 464 1099 490 1164; x_wconf 92' lang='lat' dir='ltr'>si</span> <span class='ocrx_word' id='word_1_70' title='bbox 506 1099 570 1184; x_wconf 90' lang='lat' dir='ltr'>quis</span> <span class='ocrx_word' id='word_1_71' title='bbox 586 1100 660 1184; x_wconf 92' lang='lat' dir='ltr'>quod</span> <span class='ocrx_word' id='word_1_72' title='bbox 677 1099 762 1164; x_wconf 88' lang='lat' dir='ltr'>initio</span> <span class='ocrx_word' id='word_1_73' title='bbox 777 1099 894 1185; x_wconf 76' lang='lat' dir='ltr'>polliciti</span> <span class='ocrx_word' id='word_1_74' title='bbox 912 1120 1012 1164; x_wconf 85' lang='lat' dir='ltr'>sumus</span> <span class='ocrx_word' id='word_1_75' title='bbox 1027 1098 1167 1164; x_wconf 88' lang='lat' dir='ltr'>memoria</span> <span class='ocrx_word' id='word_1_76' title='bbox 1183 1094 1465 1182; x_wconf 60' lang='lat' dir='ltr'>repensorem·</span> 
     </span>
     <span class='ocr_line' id='line_1_10' title="bbox 164 1199 1315 1288; baseline -0.002 -24"><span class='ocrx_word' id='word_1_77' title='bbox 164 1201 292 1266; x_wconf 86' lang='lat' dir='ltr'>lortasse</span> <span class='ocrx_word' id='word_1_78' title='bbox 304 1199 465 1265; x_wconf 89' lang='lat' dir='ltr'>institutum</span> <span class='ocrx_word' id='word_1_79' title='bbox 482 1212 612 1266; x_wconf 90' lang='lat' dir='ltr'>nostrum</span> <span class='ocrx_word' id='word_1_80' title='bbox 627 1201 808 1286; x_wconf 78' lang='lat' dir='ltr'>approbabit,</span> <span class='ocrx_word' id='word_1_81' title='bbox 827 1204 900 1286; x_wconf 92' lang='lat' dir='ltr'>quod</span> <span class='ocrx_word' id='word_1_82' title='bbox 916 1203 957 1265; x_wconf 87' lang='lat' dir='ltr'>ita</span> <span class='ocrx_word' id='word_1_83' title='bbox 970 1202 1091 1288; x_wconf 87' lang='lat' dir='ltr'>praelati</span> <span class='ocrx_word' id='word_1_84' title='bbox 1106 1221 1218 1278; x_wconf 90' lang='lat' dir='ltr'>sumus,</span> <span class='ocrx_word' id='word_1_85' title='bbox 1238 1219 1315 1282; x_wconf 89' lang='lat' dir='ltr'>quas</span> 
     </span>
     <span class='ocr_line' id='line_1_11' title="bbox 163 1303 1315 1388; baseline -0.003 -21"><span class='ocrx_word' id='word_1_86' title='bbox 163 1303 198 1367; x_wconf 86' lang='lat' dir='ltr'>ad</span> <span class='ocrx_word' id='word_1_87' title='bbox 214 1303 279 1366; x_wconf 89' lang='lat' dir='ltr'>illas</span> <span class='ocrx_word' id='word_1_88' title='bbox 294 1313 391 1366; x_wconf 89' lang='lat' dir='ltr'>sectas</span> <span class='ocrx_word' id='word_1_89' title='bbox 404 1304 529 1366; x_wconf 79' lang='lat' dir='ltr'>attinent</span> <span class='ocrx_word' id='word_1_90' title='bbox 543 1324 598 1366; x_wconf 91' lang='lat' dir='ltr'>nos</span> <span class='ocrx_word' id='word_1_91' title='bbox 613 1304 715 1388; x_wconf 89' lang='lat' dir='ltr'>partim</span> <span class='ocrx_word' id='word_1_92' title='bbox 731 1325 787 1368; x_wconf 89' lang='lat' dir='ltr'>usu</span> <span class='ocrx_word' id='word_1_93' title='bbox 800 1325 835 1368; x_wconf 92' lang='lat' dir='ltr'>ac</span> <span class='ocrx_word' id='word_1_94' title='bbox 850 1303 1061 1368; x_wconf 85' lang='lat' dir='ltr'>cousuetudine</span> <span class='ocrx_word' id='word_1_95' title='bbox 1075 1303 1223 1380; x_wconf 77' lang='lat' dir='ltr'>didicisse,</span> <span class='ocrx_word' id='word_1_96' title='bbox 1247 1321 1315 1386; x_wconf 83' lang='lat' dir='ltr'>par·</span> 
     </span>
     <span class='ocr_line' id='line_1_12' title="bbox 163 1402 1315 1490; baseline -0.002 -22"><span class='ocrx_word' id='word_1_97' title='bbox 163 1403 216 1468; x_wconf 91' lang='lat' dir='ltr'>tim</span> <span class='ocrx_word' id='word_1_98' title='bbox 238 1423 277 1467; x_wconf 87' lang='lat' dir='ltr'>ex</span> <span class='ocrx_word' id='word_1_99' title='bbox 294 1403 489 1468; x_wconf 85' lang='lat' dir='ltr'>monumentis</span> <span class='ocrx_word' id='word_1_100' title='bbox 508 1404 677 1488; x_wconf 87' lang='lat' dir='ltr'>accepisse,</span> <span class='ocrx_word' id='word_1_101' title='bbox 701 1405 804 1490; x_wconf 90' lang='lat' dir='ltr'>partim</span> <span class='ocrx_word' id='word_1_102' title='bbox 825 1405 879 1469; x_wconf 89' lang='lat' dir='ltr'>lide</span> <span class='ocrx_word' id='word_1_103' title='bbox 899 1405 1050 1490; x_wconf 76' lang='lat' dir='ltr'>dignorum</span> <span class='ocrx_word' id='word_1_104' title='bbox 1076 1403 1242 1482; x_wconf 86' lang='lat' dir='ltr'>bominum,</span> <span class='ocrx_word' id='word_1_105' title='bbox 1266 1402 1315 1487; x_wconf 90' lang='lat' dir='ltr'>qui</span> 
     </span>
     <span class='ocr_line' id='line_1_13' title="bbox 162 1503 1315 1591; baseline -0.003 -21"><span class='ocrx_word' id='word_1_106' title='bbox 162 1507 209 1570; x_wconf 87' lang='lat' dir='ltr'>rei</span> <span class='ocrx_word' id='word_1_107' title='bbox 226 1505 379 1569; x_wconf 82' lang='lat' dir='ltr'>veritatem</span> <span class='ocrx_word' id='word_1_108' title='bbox 399 1506 528 1570; x_wconf 87' lang='lat' dir='ltr'>iudicare</span> <span class='ocrx_word' id='word_1_109' title='bbox 548 1517 687 1591; x_wconf 84' lang='lat' dir='ltr'>possent,</span> <span class='ocrx_word' id='word_1_110' title='bbox 711 1505 879 1570; x_wconf 87' lang='lat' dir='ltr'>narratione</span> <span class='ocrx_word' id='word_1_111' title='bbox 898 1529 932 1571; x_wconf 89' lang='lat' dir='ltr'>ao</span> <span class='ocrx_word' id='word_1_112' title='bbox 950 1507 1116 1572; x_wconf 89' lang='lat' dir='ltr'>testimonio</span> <span class='ocrx_word' id='word_1_113' title='bbox 1137 1503 1229 1570; x_wconf 87' lang='lat' dir='ltr'>luisse</span> <span class='ocrx_word' id='word_1_114' title='bbox 1248 1525 1315 1590; x_wconf 90' lang='lat' dir='ltr'>per-</span> 
     </span>
     <span class='ocr_line' id='line_1_14' title="bbox 163 1604 1315 1693; baseline -0.002 -23"><span class='ocrx_word' id='word_1_115' title='bbox 163 1607 280 1670; x_wconf 84' lang='lat' dir='ltr'>ductos.</span> <span class='ocrx_word' id='word_1_116' title='bbox 314 1604 415 1690; x_wconf 87' lang='lat' dir='ltr'>ltaque</span> <span class='ocrx_word' id='word_1_117' title='bbox 431 1629 483 1692; x_wconf 89' lang='lat' dir='ltr'>pro</span> <span class='ocrx_word' id='word_1_118' title='bbox 499 1628 534 1672; x_wconf 85' lang='lat' dir='ltr'>eo</span> <span class='ocrx_word' id='word_1_119' title='bbox 551 1611 626 1692; x_wconf 95' lang='lat' dir='ltr'>quod</span> <span class='ocrx_word' id='word_1_120' title='bbox 645 1629 715 1693; x_wconf 86' lang='lat' dir='ltr'>prae</span> <span class='ocrx_word' id='word_1_121' title='bbox 730 1609 814 1672; x_wconf 92' lang='lat' dir='ltr'>uobis</span> <span class='ocrx_word' id='word_1_122' title='bbox 832 1609 952 1672; x_wconf 87' lang='lat' dir='ltr'>ierimus</span> <span class='ocrx_word' id='word_1_123' title='bbox 967 1607 1101 1672; x_wconf 86' lang='lat' dir='ltr'>veritatis</span> <span class='ocrx_word' id='word_1_124' title='bbox 1119 1607 1215 1672; x_wconf 88' lang='lat' dir='ltr'>studio</span> <span class='ocrx_word' id='word_1_125' title='bbox 1231 1625 1315 1692; x_wconf 85' lang='lat' dir='ltr'>prae-</span> 
     </span>
     <span class='ocr_line' id='line_1_15' title="bbox 165 1707 1315 1788; baseline -0.002 -16"><span class='ocrx_word' id='word_1_126' title='bbox 165 1708 329 1772; x_wconf 86' lang='lat' dir='ltr'>termittere</span> <span class='ocrx_word' id='word_1_127' title='bbox 345 1709 420 1773; x_wconf 89' lang='lat' dir='ltr'>buno</span> <span class='ocrx_word' id='word_1_128' title='bbox 438 1710 533 1774; x_wconf 90' lang='lat' dir='ltr'>locum</span> <span class='ocrx_word' id='word_1_129' title='bbox 555 1711 716 1788; x_wconf 87' lang='lat' dir='ltr'>noluimus,</span> <span class='ocrx_word' id='word_1_130' title='bbox 740 1711 791 1774; x_wconf 89' lang='lat' dir='ltr'>sed</span> <span class='ocrx_word' id='word_1_131' title='bbox 809 1710 988 1774; x_wconf 87' lang='lat' dir='ltr'>ostendimus</span> <span class='ocrx_word' id='word_1_132' title='bbox 1009 1731 1094 1774; x_wconf 88' lang='lat' dir='ltr'>uuam</span> <span class='ocrx_word' id='word_1_133' title='bbox 1117 1709 1194 1773; x_wconf 90' lang='lat' dir='ltr'>illam</span> <span class='ocrx_word' id='word_1_134' title='bbox 1216 1727 1256 1771; x_wconf 88' lang='lat' dir='ltr'>ex</span> <span class='ocrx_word' id='word_1_135' title='bbox 1277 1707 1315 1770; x_wconf 91' lang='lat' dir='ltr'>iis</span> 
     </span>
     <span class='ocr_line' id='line_1_16' title="bbox 167 1809 1315 1896; baseline -0.002 -23"><span class='ocrx_word' id='word_1_136' title='bbox 167 1809 341 1874; x_wconf 86' lang='lat' dir='ltr'>baeresibus</span> <span class='ocrx_word' id='word_1_137' title='bbox 358 1831 424 1874; x_wconf 86' lang='lat' dir='ltr'>esse</span> <span class='ocrx_word' id='word_1_138' title='bbox 446 1832 567 1894; x_wconf 91' lang='lat' dir='ltr'>quarum</span> <span class='ocrx_word' id='word_1_139' title='bbox 590 1833 673 1875; x_wconf 91' lang='lat' dir='ltr'>usum</span> <span class='ocrx_word' id='word_1_140' title='bbox 695 1811 864 1891; x_wconf 89' lang='lat' dir='ltr'>babuimus,</span> <span class='ocrx_word' id='word_1_141' title='bbox 889 1813 924 1876; x_wconf 88' lang='lat' dir='ltr'>de</span> <span class='ocrx_word' id='word_1_142' title='bbox 944 1833 1001 1896; x_wconf 91' lang='lat' dir='ltr'>qua</span> <span class='ocrx_word' id='word_1_143' title='bbox 1019 1813 1091 1876; x_wconf 87' lang='lat' dir='ltr'>certi</span> <span class='ocrx_word' id='word_1_144' title='bbox 1112 1809 1315 1895; x_wconf 80' lang='lat' dir='ltr'>exploratique</span> 
     </span>
     <span class='ocr_line' id='line_1_17' title="bbox 167 1911 1316 1998; baseline -0.001 -24"><span class='ocrx_word' id='word_1_145' title='bbox 167 1911 278 1996; x_wconf 87' lang='lat' dir='ltr'>aliquid</span> <span class='ocrx_word' id='word_1_146' title='bbox 293 1912 400 1975; x_wconf 86' lang='lat' dir='ltr'>allerre</span> <span class='ocrx_word' id='word_1_147' title='bbox 415 1933 585 1998; x_wconf 76' lang='lat' dir='ltr'>possemusq</span> <span class='ocrx_word' id='word_1_148' title='bbox 610 1934 668 1976; x_wconf 92' lang='lat' dir='ltr'>non</span> <span class='ocrx_word' id='word_1_149' title='bbox 685 1935 724 1977; x_wconf 81' lang='lat' dir='ltr'>aa</span> <span class='ocrx_word' id='word_1_150' title='bbox 738 1935 774 1977; x_wconf 91' lang='lat' dir='ltr'>eo</span> <span class='ocrx_word' id='word_1_151' title='bbox 792 1916 866 1998; x_wconf 93' lang='lat' dir='ltr'>quod</span> <span class='ocrx_word' id='word_1_152' title='bbox 881 1915 1060 1998; x_wconf 83' lang='lat' dir='ltr'>gesserimus</span> <span class='ocrx_word' id='word_1_153' title='bbox 1074 1913 1128 1997; x_wconf 91' lang='lat' dir='ltr'>ipsi</span> <span class='ocrx_word' id='word_1_154' title='bbox 1144 1949 1183 1960; x_wconf 87' lang='lat'>-</span> <span class='ocrx_word' id='word_1_155' title='bbox 1201 1920 1316 1974; x_wconf 85' lang='lat' dir='ltr'>avertet</span> 
     </span>
     <span class='ocr_line' id='line_1_18' title="bbox 164 2011 1315 2098; baseline 0 -22"><span class='ocrx_word' id='word_1_156' title='bbox 164 2013 222 2076; x_wconf 89' lang='lat' dir='ltr'>boe</span> <span class='ocrx_word' id='word_1_157' title='bbox 238 2035 255 2076; x_wconf 91' lang='lat' dir='ltr'>a</span> <span class='ocrx_word' id='word_1_158' title='bbox 273 2013 358 2078; x_wconf 91' lang='lat' dir='ltr'>nobis</span> <span class='ocrx_word' id='word_1_159' title='bbox 376 2014 459 2092; x_wconf 90' lang='lat' dir='ltr'>deus,</span> <span class='ocrx_word' id='word_1_160' title='bbox 483 2049 526 2062; x_wconf 88' lang='lat'>-</span> <span class='ocrx_word' id='word_1_161' title='bbox 547 2015 599 2078; x_wconf 85' lang='lat' dir='ltr'>sed</span> <span class='ocrx_word' id='word_1_162' title='bbox 615 2035 654 2078; x_wconf 82' lang='lat' dir='ltr'>ea</span> <span class='ocrx_word' id='word_1_163' title='bbox 671 2035 707 2078; x_wconf 87' lang='lat' dir='ltr'>eo</span> <span class='ocrx_word' id='word_1_164' title='bbox 725 2016 800 2098; x_wconf 92' lang='lat' dir='ltr'>quod</span> <span class='ocrx_word' id='word_1_165' title='bbox 818 2015 854 2080; x_wconf 87' lang='lat' dir='ltr'>ab</span> <span class='ocrx_word' id='word_1_166' title='bbox 869 2017 906 2078; x_wconf 88' lang='lat' dir='ltr'>iis</span> <span class='ocrx_word' id='word_1_167' title='bbox 922 2025 1059 2080; x_wconf 90' lang='lat' dir='ltr'>accurate</span> <span class='ocrx_word' id='word_1_168' title='bbox 1078 2013 1242 2090; x_wconf 87' lang='lat' dir='ltr'>didicimus,</span> <span class='ocrx_word' id='word_1_169' title='bbox 1265 2011 1315 2096; x_wconf 89' lang='lat' dir='ltr'>qui</span> 
     </span>
     <span class='ocr_line' id='line_1_19' title="bbox 164 2112 1315 2200; baseline -0.002 -22"><span class='ocrx_word' id='word_1_170' title='bbox 164 2114 244 2178; x_wconf 89' lang='lat' dir='ltr'>illam</span> <span class='ocrx_word' id='word_1_171' title='bbox 268 2112 353 2178; x_wconf 91' lang='lat' dir='ltr'>nobis</span> <span class='ocrx_word' id='word_1_172' title='bbox 377 2116 555 2200; x_wconf 85' lang='lat' dir='ltr'>persuadere</span> <span class='ocrx_word' id='word_1_173' title='bbox 582 2118 690 2181; x_wconf 78' lang='lat' dir='ltr'>frustra</span> <span class='ocrx_word' id='word_1_174' title='bbox 711 2117 883 2197; x_wconf 86' lang='lat' dir='ltr'>voluerunt,</span> <span class='ocrx_word' id='word_1_175' title='bbox 913 2127 943 2180; x_wconf 88' lang='lat' dir='ltr'>et</span> <span class='ocrx_word' id='word_1_176' title='bbox 966 2127 1135 2200; x_wconf 88' lang='lat' dir='ltr'>conceptam</span> <span class='ocrx_word' id='word_1_177' title='bbox 1158 2115 1193 2178; x_wconf 90' lang='lat' dir='ltr'>de</span> <span class='ocrx_word' id='word_1_178' title='bbox 1213 2123 1315 2176; x_wconf 89' lang='lat' dir='ltr'>nostro</span> 
     </span>
     <span class='ocr_line' id='line_1_20' title="bbox 163 2216 1315 2302; baseline -0.005 -20"><span class='ocrx_word' id='word_1_179' title='bbox 163 2216 259 2282; x_wconf 82' lang='lat' dir='ltr'>exitio</span> <span class='ocrx_word' id='word_1_180' title='bbox 274 2236 355 2302; x_wconf 89' lang='lat' dir='ltr'>spem</span> <span class='ocrx_word' id='word_1_181' title='bbox 370 2217 485 2301; x_wconf 89' lang='lat' dir='ltr'>penitus</span> <span class='ocrx_word' id='word_1_182' title='bbox 501 2217 683 2297; x_wconf 82' lang='lat' dir='ltr'>obiecerunt,</span> <span class='ocrx_word' id='word_1_183' title='bbox 706 2241 770 2283; x_wconf 90' lang='lat' dir='ltr'>oum</span> <span class='ocrx_word' id='word_1_184' title='bbox 786 2218 908 2284; x_wconf 90' lang='lat' dir='ltr'>insidiae</span> <span class='ocrx_word' id='word_1_185' title='bbox 927 2239 1029 2282; x_wconf 92' lang='lat' dir='ltr'>omues</span> <span class='ocrx_word' id='word_1_186' title='bbox 1042 2239 1077 2280; x_wconf 88' lang='lat' dir='ltr'>ao</span> <span class='ocrx_word' id='word_1_187' title='bbox 1095 2217 1223 2292; x_wconf 80' lang='lat' dir='ltr'>fraudes,</span> <span class='ocrx_word' id='word_1_188' title='bbox 1242 2235 1315 2299; x_wconf 88' lang='lat' dir='ltr'>quas</span> 
     </span>
     <span class='ocr_line' id='line_1_21' title="bbox 165 2317 1317 2407; baseline -0.004 -25"><span class='ocrx_word' id='word_1_189' title='bbox 165 2320 202 2382; x_wconf 89' lang='lat' dir='ltr'>ad</span> <span class='ocrx_word' id='word_1_190' title='bbox 218 2318 345 2382; x_wconf 78' lang='lat' dir='ltr'>infelicis</span> <span class='ocrx_word' id='word_1_191' title='bbox 363 2318 477 2381; x_wconf 84' lang='lat' dir='ltr'>animae</span> <span class='ocrx_word' id='word_1_192' title='bbox 496 2329 615 2384; x_wconf 86' lang='lat' dir='ltr'>nostrae</span> <span class='ocrx_word' id='word_1_193' title='bbox 633 2321 790 2406; x_wconf 90' lang='lat' dir='ltr'>perniciem</span> <span class='ocrx_word' id='word_1_194' title='bbox 811 2333 869 2385; x_wconf 89' lang='lat' dir='ltr'>tam</span> <span class='ocrx_word' id='word_1_195' title='bbox 886 2320 941 2407; x_wconf 89' lang='lat' dir='ltr'>ipsi</span> <span class='ocrx_word' id='word_1_196' title='bbox 960 2341 1044 2404; x_wconf 87' lang='lat' dir='ltr'>quam</span> <span class='ocrx_word' id='word_1_197' title='bbox 1059 2319 1106 2402; x_wconf 93' lang='lat' dir='ltr'>qui</span> <span class='ocrx_word' id='word_1_198' title='bbox 1120 2317 1150 2380; x_wconf 88' lang='lat' dir='ltr'>iu</span> <span class='ocrx_word' id='word_1_199' title='bbox 1166 2317 1223 2379; x_wconf 91' lang='lat' dir='ltr'>illis</span> <span class='ocrx_word' id='word_1_200' title='bbox 1238 2317 1317 2379; x_wconf 89' lang='lat' dir='ltr'>inest</span> 
     </span>
     <span class='ocr_line' id='line_1_22' title="bbox 165 2417 1316 2508; baseline -0.005 -22"><span class='ocrx_word' id='word_1_201' title='bbox 165 2421 301 2486; x_wconf 87' lang='lat' dir='ltr'>diabolus</span> <span class='ocrx_word' id='word_1_202' title='bbox 319 2419 475 2484; x_wconf 90' lang='lat' dir='ltr'>maobinati</span> <span class='ocrx_word' id='word_1_203' title='bbox 496 2421 626 2500; x_wconf 87' lang='lat' dir='ltr'>luerent,</span> <span class='ocrx_word' id='word_1_204' title='bbox 649 2421 751 2486; x_wconf 88' lang='lat' dir='ltr'>irritae</span> <span class='ocrx_word' id='word_1_205' title='bbox 770 2434 856 2508; x_wconf 87' lang='lat' dir='ltr'>atque</span> <span class='ocrx_word' id='word_1_206' title='bbox 874 2423 978 2486; x_wconf 89' lang='lat' dir='ltr'>inanes</span> <span class='ocrx_word' id='word_1_207' title='bbox 998 2421 1182 2496; x_wconf 84' lang='lat' dir='ltr'>extitissent,</span> <span class='ocrx_word' id='word_1_208' title='bbox 1208 2429 1240 2481; x_wconf 95' lang='lat' dir='ltr'>ut</span> <span class='ocrx_word' id='word_1_209' title='bbox 1260 2417 1316 2480; x_wconf 90' lang='lat' dir='ltr'>boe</span> 
     </span>
     <span class='ocr_line' id='line_1_23' title="bbox 164 2520 1444 2608; baseline -0.005 -22"><span class='ocrx_word' id='word_1_210' title='bbox 164 2544 181 2586; x_wconf 90' lang='lat' dir='ltr'>o</span> <span class='ocrx_word' id='word_1_211' title='bbox 195 2520 312 2586; x_wconf 82' lang='lat' dir='ltr'>Doride</span> <span class='ocrx_word' id='word_1_212' title='bbox 329 2521 435 2584; x_wconf 89' lang='lat' dir='ltr'>dictum</span> <span class='ocrx_word' id='word_1_213' title='bbox 450 2523 750 2588; x_wconf 79' lang='lat' dir='ltr'>accommodatissime</span> <span class='ocrx_word' id='word_1_214' title='bbox 764 2544 905 2608; x_wconf 88' lang='lat' dir='ltr'>usurpare</span> <span class='ocrx_word' id='word_1_215' title='bbox 920 2525 1081 2608; x_wconf 79' lang='lat' dir='ltr'>possimusa</span> <span class='ocrx_word' id='word_1_216' title='bbox 1105 2525 1237 2602; x_wconf 73' lang='lat' dir='ltr'>Sagittae</span> <span class='ocrx_word' id='word_1_217' title='bbox 1243 2542 1314 2602; x_wconf 77' lang='lat' dir='ltr'>poa·-</span> <span class='ocrx_word' id='word_1_218' title='bbox 1326 2536 1364 2581; x_wconf 75' lang='lat' dir='ltr'>rs.</span> <span class='ocrx_word' id='word_1_219' title='bbox 1376 2535 1411 2588; x_wconf 83' lang='lat' dir='ltr'>ss,</span> <span class='ocrx_word' id='word_1_220' title='bbox 1423 2537 1444 2579; x_wconf 90' lang='lat' dir='ltr'>s.</span> 
     </span>
     <span class='ocr_line' id='line_1_24' title="bbox 164 2623 1442 2708; baseline -0.002 -22"><span class='ocrx_word' id='word_1_221' title='bbox 164 2627 296 2686; x_wconf 81' lang='lat' dir='ltr'>culorum</span> <span class='ocrx_word' id='word_1_222' title='bbox 305 2627 408 2708; x_wconf 73' lang='lat' dir='ltr'>sanotae</span> <span class='ocrx_word' id='word_1_223' title='bbox 423 2635 492 2686; x_wconf 83' lang='lat' dir='ltr'>sunt</span> <span class='ocrx_word' id='word_1_224' title='bbox 500 2628 606 2705; x_wconf 76' lang='lat' dir='ltr'>plegae</span> <span class='ocrx_word' id='word_1_225' title='bbox 620 2647 715 2687; x_wconf 78' lang='lat' dir='ltr'>omnm</span> <span class='ocrx_word' id='word_1_226' title='bbox 732 2637 790 2690; x_wconf 89' lang='lat' dir='ltr'>elo.</span> <span class='ocrx_word' id='word_1_227' title='bbox 831 2623 908 2688; x_wconf 81' lang='lat' dir='ltr'>Tum</span> <span class='ocrx_word' id='word_1_228' title='bbox 923 2625 1009 2688; x_wconf 84' lang='lat' dir='ltr'>illud:</span> <span class='ocrx_word' id='word_1_229' title='bbox 1035 2629 1219 2686; x_wconf 78' lang='lat' dir='ltr'>Conuertetrm</span> <span class='ocrx_word' id='word_1_230' title='bbox 1234 2625 1314 2686; x_wconf 79' lang='lat' dir='ltr'>labor</span> <span class='ocrx_word' id='word_1_231' title='bbox 1326 2641 1364 2685; x_wconf 76' lang='lat' dir='ltr'>re.</span> <span class='ocrx_word' id='word_1_232' title='bbox 1376 2639 1399 2696; x_wconf 80' lang='lat' dir='ltr'>a,</span> <span class='ocrx_word' id='word_1_233' title='bbox 1409 2638 1442 2683; x_wconf 83' lang='grc' dir='ltr'>ιι.</span> 
     </span>
     <span class='ocr_line' id='line_1_25' title="bbox 164 2729 1316 2808; baseline 0 -20"><span class='ocrx_word' id='word_1_234' title='bbox 164 2749 261 2788; x_wconf 76' lang='lat' dir='ltr'>mm</span> <span class='ocrx_word' id='word_1_235' title='bbox 278 2730 308 2786; x_wconf 80' lang='lat' dir='ltr'>io</span> <span class='ocrx_word' id='word_1_236' title='bbox 323 2736 409 2806; x_wconf 81' lang='lat' dir='ltr'>eaput</span> <span class='ocrx_word' id='word_1_237' title='bbox 422 2731 557 2806; x_wconf 69' lang='lat' dir='ltr'>ipsorum,</span> <span class='ocrx_word' id='word_1_238' title='bbox 578 2739 607 2788; x_wconf 88' lang='lat' dir='ltr'>et</span> <span class='ocrx_word' id='word_1_239' title='bbox 620 2731 754 2808; x_wconf 81' lang='lat' dir='ltr'>aira&#39;qua&#39;tos</span> <span class='ocrx_word' id='word_1_240' title='bbox 767 2749 861 2789; x_wconf 83' lang='lat' dir='ltr'>eorum</span> <span class='ocrx_word' id='word_1_241' title='bbox 875 2732 905 2789; x_wconf 79' lang='lat' dir='ltr'>tir</span> <span class='ocrx_word' id='word_1_242' title='bbox 922 2731 1051 2788; x_wconf 72' lang='lat' dir='ltr'>umu&#39;oem</span> <span class='ocrx_word' id='word_1_243' title='bbox 1063 2731 1186 2806; x_wconf 74' lang='lat' dir='ltr'>ipsorum</span> <span class='ocrx_word' id='word_1_244' title='bbox 1202 2729 1316 2788; x_wconf 66' lang='lat' dir='ltr'>dacco</span> 
     </span>
     <span class='ocr_line' id='line_1_26' title="bbox 165 2823 1314 2911; baseline 0.002 -23"><span class='ocrx_word' id='word_1_245' title='bbox 165 2831 222 2889; x_wconf 77' lang='lat' dir='ltr'>det.</span> <span class='ocrx_word' id='word_1_246' title='bbox 270 2823 365 2911; x_wconf 83' lang='lat' dir='ltr'>igitur</span> <span class='ocrx_word' id='word_1_247' title='bbox 386 2829 623 2911; x_wconf 87' lang='lat' dir='ltr'>quemadmodum</span> <span class='ocrx_word' id='word_1_248' title='bbox 642 2829 685 2891; x_wconf 89' lang='lat' dir='ltr'>sic</span> <span class='ocrx_word' id='word_1_249' title='bbox 709 2851 763 2892; x_wconf 90' lang='lat' dir='ltr'>nos</span> <span class='ocrx_word' id='word_1_250' title='bbox 785 2831 814 2892; x_wconf 91' lang='lat' dir='ltr'>in</span> <span class='ocrx_word' id='word_1_251' title='bbox 834 2829 948 2892; x_wconf 88' lang='lat' dir='ltr'>illorum</span> <span class='ocrx_word' id='word_1_252' title='bbox 972 2849 1103 2892; x_wconf 72' lang='lat' dir='ltr'>erromm</span> <span class='ocrx_word' id='word_1_253' title='bbox 1126 2827 1314 2907; x_wconf 86' lang='lat' dir='ltr'>incurrimus,</span> 
     </span>
     <span class='ocr_line' id='line_1_27' title="bbox 164 2929 1316 3016; baseline 0.002 -26"><span class='ocrx_word' id='word_1_254' title='bbox 164 2939 197 2991; x_wconf 92' lang='lat' dir='ltr'>ut</span> <span class='ocrx_word' id='word_1_255' title='bbox 212 2929 292 2992; x_wconf 88' lang='lat' dir='ltr'>illins</span> <span class='ocrx_word' id='word_1_256' title='bbox 306 2949 417 2992; x_wconf 84' lang='lat' dir='ltr'>noxam</span> <span class='ocrx_word' id='word_1_257' title='bbox 434 2929 646 3014; x_wconf 77' lang='lat' dir='ltr'>effugeremus,</span> <span class='ocrx_word' id='word_1_258' title='bbox 671 2951 794 3015; x_wconf 90' lang='lat' dir='ltr'>eumque</span> <span class='ocrx_word' id='word_1_259' title='bbox 817 2931 990 3016; x_wconf 84' lang='lat' dir='ltr'>simulatque</span> <span class='ocrx_word' id='word_1_260' title='bbox 1012 2931 1137 3016; x_wconf 83' lang='lat' dir='ltr'>legimus</span> <span class='ocrx_word' id='word_1_261' title='bbox 1153 2951 1187 2993; x_wconf 92' lang='lat' dir='ltr'>ac</span> <span class='ocrx_word' id='word_1_262' title='bbox 1206 2950 1316 3013; x_wconf 80' lang='lat' dir='ltr'>cogno·</span> 
     </span>
     <span class='ocr_line' id='line_1_28' title="bbox 165 3030 1315 3118; baseline 0 -26"><span class='ocrx_word' id='word_1_263' title='bbox 165 3031 262 3094; x_wconf 82' lang='lat' dir='ltr'>simus</span> <span class='ocrx_word' id='word_1_264' title='bbox 281 3030 449 3096; x_wconf 78' lang='lat' dir='ltr'>damnantes</span> <span class='ocrx_word' id='word_1_265' title='bbox 472 3031 547 3095; x_wconf 87' lang='lat' dir='ltr'>solvi</span> <span class='ocrx_word' id='word_1_266' title='bbox 563 3043 649 3116; x_wconf 88' lang='lat' dir='ltr'>atque</span> <span class='ocrx_word' id='word_1_267' title='bbox 667 3033 829 3096; x_wconf 86' lang='lat' dir='ltr'>incolumes</span> <span class='ocrx_word' id='word_1_268' title='bbox 853 3033 1064 3118; x_wconf 81' lang='lat' dir='ltr'>praetergressi</span> <span class='ocrx_word' id='word_1_269' title='bbox 1081 3053 1198 3109; x_wconf 88' lang='lat' dir='ltr'>sumus,</span> <span class='ocrx_word' id='word_1_270' title='bbox 1222 3031 1264 3093; x_wconf 90' lang='lat' dir='ltr'>ita</span> <span class='ocrx_word' id='word_1_271' title='bbox 1285 3039 1315 3092; x_wconf 90' lang='lat' dir='ltr'>te</span> 
     </span>
     <span class='ocr_line' id='line_1_29' title="bbox 165 3130 1315 3218; baseline 0 -24"><span class='ocrx_word' id='word_1_272' title='bbox 165 3131 298 3216; x_wconf 83' lang='lat' dir='ltr'>quisquis</span> <span class='ocrx_word' id='word_1_273' title='bbox 314 3151 346 3196; x_wconf 87' lang='lat' dir='ltr'>es</span> <span class='ocrx_word' id='word_1_274' title='bbox 363 3132 411 3216; x_wconf 93' lang='lat' dir='ltr'>qui</span> <span class='ocrx_word' id='word_1_275' title='bbox 425 3132 481 3196; x_wconf 88' lang='lat' dir='ltr'>iata</span> <span class='ocrx_word' id='word_1_276' title='bbox 496 3133 570 3218; x_wconf 79' lang='lat' dir='ltr'>legis</span> <span class='ocrx_word' id='word_1_277' title='bbox 586 3134 736 3198; x_wconf 90' lang='lat' dir='ltr'>bortamur</span> <span class='ocrx_word' id='word_1_278' title='bbox 748 3145 780 3198; x_wconf 91' lang='lat' dir='ltr'>ut</span> <span class='ocrx_word' id='word_1_279' title='bbox 794 3135 869 3198; x_wconf 88' lang='lat' dir='ltr'>lecta</span> <span class='ocrx_word' id='word_1_280' title='bbox 888 3135 1045 3218; x_wconf 85' lang='lat' dir='ltr'>pariterue</span> <span class='ocrx_word' id='word_1_281' title='bbox 1061 3134 1193 3198; x_wconf 87' lang='lat' dir='ltr'>damnata</span> <span class='ocrx_word' id='word_1_282' title='bbox 1207 3130 1315 3195; x_wconf 82' lang='lat' dir='ltr'>transi·</span> 
     </span>
     <span class='ocr_line' id='line_1_30' title="bbox 166 3233 1314 3322; baseline -0.003 -24"><span class='ocrx_word' id='word_1_283' title='bbox 166 3234 235 3312; x_wconf 87' lang='lat' dir='ltr'>lias,</span> <span class='ocrx_word' id='word_1_284' title='bbox 258 3255 296 3296; x_wconf 89' lang='lat' dir='ltr'>ue</span> <span class='ocrx_word' id='word_1_285' title='bbox 316 3233 345 3297; x_wconf 92' lang='lat' dir='ltr'>in</span> <span class='ocrx_word' id='word_1_286' title='bbox 364 3244 532 3320; x_wconf 88' lang='lat' dir='ltr'>serpentum</span> <span class='ocrx_word' id='word_1_287' title='bbox 551 3235 694 3302; x_wconf 89' lang='lat' dir='ltr'>eiusmodi</span> <span class='ocrx_word' id='word_1_288' title='bbox 709 3237 790 3300; x_wconf 86' lang='lat' dir='ltr'>velut</span> <span class='ocrx_word' id='word_1_289' title='bbox 806 3235 999 3322; x_wconf 74' lang='lat' dir='ltr'>improbitatis</span> <span class='ocrx_word' id='word_1_290' title='bbox 1015 3237 1154 3319; x_wconf 89' lang='lat' dir='ltr'>quoddam</span> <span class='ocrx_word' id='word_1_291' title='bbox 1172 3233 1253 3297; x_wconf 89' lang='lat' dir='ltr'>virus</span> <span class='ocrx_word' id='word_1_292' title='bbox 1270 3233 1314 3296; x_wconf 91' lang='lat' dir='ltr'>in-</span> 
     </span>
     <span class='ocr_line' id='line_1_31' title="bbox 165 3333 1314 3423; baseline -0.003 -24"><span class='ocrx_word' id='word_1_293' title='bbox 165 3335 259 3399; x_wconf 87' lang='lat' dir='ltr'>cidas.</span> <span class='ocrx_word' id='word_1_294' title='bbox 305 3335 352 3398; x_wconf 81' lang='lat' dir='ltr'>Ao</span> <span class='ocrx_word' id='word_1_295' title='bbox 371 3336 395 3398; x_wconf 90' lang='lat' dir='ltr'>si</span> <span class='ocrx_word' id='word_1_296' title='bbox 420 3338 535 3420; x_wconf 87' lang='lat' dir='ltr'>qnando</span> <span class='ocrx_word' id='word_1_297' title='bbox 561 3339 681 3402; x_wconf 78' lang='lat' dir='ltr'>forsitan</span> <span class='ocrx_word' id='word_1_298' title='bbox 703 3357 744 3402; x_wconf 80' lang='lat' dir='ltr'>ex</span> <span class='ocrx_word' id='word_1_299' title='bbox 761 3338 816 3402; x_wconf 90' lang='lat' dir='ltr'>bac</span> <span class='ocrx_word' id='word_1_300' title='bbox 837 3347 1004 3423; x_wconf 88' lang='lat' dir='ltr'>serpentum</span> <span class='ocrx_word' id='word_1_301' title='bbox 1027 3336 1127 3400; x_wconf 82' lang='lat' dir='ltr'>sobole</span> <span class='ocrx_word' id='word_1_302' title='bbox 1152 3333 1314 3418; x_wconf 89' lang='lat' dir='ltr'>quempiam</span> 
     </span>
     <span class='ocr_line' id='line_1_32' title="bbox 166 3437 1313 3524; baseline -0.005 -21"><span class='ocrx_word' id='word_1_303' title='bbox 166 3437 340 3518; x_wconf 79' lang='lat' dir='ltr'>offenderis,</span> <span class='ocrx_word' id='word_1_304' title='bbox 365 3437 461 3501; x_wconf 92' lang='lat' dir='ltr'>subito</span> <span class='ocrx_word' id='word_1_305' title='bbox 479 3437 586 3522; x_wconf 81' lang='lat' dir='ltr'>liguum</span> <span class='ocrx_word' id='word_1_306' title='bbox 601 3440 669 3504; x_wconf 95' lang='lat' dir='ltr'>illud</span> <span class='ocrx_word' id='word_1_307' title='bbox 685 3442 760 3524; x_wconf 93' lang='lat' dir='ltr'>quod</span> <span class='ocrx_word' id='word_1_308' title='bbox 777 3439 860 3504; x_wconf 91' lang='lat' dir='ltr'>nobis</span> <span class='ocrx_word' id='word_1_309' title='bbox 876 3461 893 3504; x_wconf 93' lang='lat' dir='ltr'>a</span> <span class='ocrx_word' id='word_1_310' title='bbox 909 3439 1026 3502; x_wconf 87' lang='lat' dir='ltr'>domino</span> <span class='ocrx_word' id='word_1_311' title='bbox 1042 3445 1237 3521; x_wconf 90' lang='lat' dir='ltr'>comparatum</span> <span class='ocrx_word' id='word_1_312' title='bbox 1255 3444 1313 3516; x_wconf 87' lang='lat' dir='ltr'>est,</span> 
     </span>
     <span class='ocr_line' id='line_1_33' title="bbox 165 3535 1315 3626; baseline -0.003 -22"><span class='ocrx_word' id='word_1_313' title='bbox 165 3551 194 3604; x_wconf 89' lang='lat' dir='ltr'>et</span> <span class='ocrx_word' id='word_1_314' title='bbox 216 3539 248 3602; x_wconf 91' lang='lat' dir='ltr'>iu</span> <span class='ocrx_word' id='word_1_315' title='bbox 269 3561 326 3624; x_wconf 91' lang='lat' dir='ltr'>qno</span> <span class='ocrx_word' id='word_1_316' title='bbox 344 3535 481 3604; x_wconf 86' lang='lat' dir='ltr'>Christus</span> <span class='ocrx_word' id='word_1_317' title='bbox 498 3543 601 3604; x_wconf 85' lang='lat' dir='ltr'>affixus</span> <span class='ocrx_word' id='word_1_318' title='bbox 619 3553 680 3620; x_wconf 86' lang='lat' dir='ltr'>est,</span> <span class='ocrx_word' id='word_1_319' title='bbox 704 3553 807 3604; x_wconf 86' lang='lat' dir='ltr'>eontra</span> <span class='ocrx_word' id='word_1_320' title='bbox 825 3541 969 3626; x_wconf 87' lang='lat' dir='ltr'>serpentis</span> <span class='ocrx_word' id='word_1_321' title='bbox 989 3548 1073 3623; x_wconf 91' lang='lat' dir='ltr'>caput</span> <span class='ocrx_word' id='word_1_322' title='bbox 1090 3536 1250 3620; x_wconf 89' lang='lat' dir='ltr'>arripiens,</span> <span class='ocrx_word' id='word_1_323' title='bbox 1273 3537 1315 3601; x_wconf 91' lang='lat' dir='ltr'>ita</span> 
     </span>
     <span class='ocr_line' id='line_1_34' title="bbox 165 3637 1315 3726; baseline -0.003 -20"><span class='ocrx_word' id='word_1_324' title='bbox 165 3641 304 3726; x_wconf 73' lang='lat' dir='ltr'>loquerer</span> <span class='ocrx_word' id='word_1_325' title='bbox 330 3637 467 3705; x_wconf 83' lang='lat' dir='ltr'>Christus</span> <span class='ocrx_word' id='word_1_326' title='bbox 484 3653 584 3706; x_wconf 89' lang='lat' dir='ltr'>nostra</span> <span class='ocrx_word' id='word_1_327' title='bbox 603 3654 650 3708; x_wconf 88' lang='lat' dir='ltr'>est</span> <span class='ocrx_word' id='word_1_328' title='bbox 666 3645 695 3707; x_wconf 94' lang='lat' dir='ltr'>in</span> <span class='ocrx_word' id='word_1_329' title='bbox 713 3665 800 3706; x_wconf 87' lang='lat' dir='ltr'>eruce</span> <span class='ocrx_word' id='word_1_330' title='bbox 816 3663 920 3706; x_wconf 88' lang='lat' dir='ltr'>caussa</span> <span class='ocrx_word' id='word_1_331' title='bbox 940 3659 1116 3725; x_wconf 87' lang='lat' dir='ltr'>suspensus,</span> <span class='ocrx_word' id='word_1_332' title='bbox 1141 3648 1170 3702; x_wconf 88' lang='lat' dir='ltr'>et</span> <span class='ocrx_word' id='word_1_333' title='bbox 1192 3639 1315 3703; x_wconf 88' lang='lat' dir='ltr'>lormam</span> 
     </span>
     <span class='ocr_line' id='line_1_35' title="bbox 166 3738 1314 3829; baseline -0.002 -22"><span class='ocrx_word' id='word_1_334' title='bbox 166 3753 288 3807; x_wconf 88' lang='lat' dir='ltr'>nostrae</span> <span class='ocrx_word' id='word_1_335' title='bbox 305 3741 407 3807; x_wconf 71' lang='lat' dir='ltr'>saluus</span> <span class='ocrx_word' id='word_1_336' title='bbox 423 3763 595 3829; x_wconf 83' lang='lat' dir='ltr'>expressam</span> <span class='ocrx_word' id='word_1_337' title='bbox 613 3765 648 3810; x_wconf 92' lang='lat' dir='ltr'>ao</span> <span class='ocrx_word' id='word_1_338' title='bbox 667 3745 841 3809; x_wconf 89' lang='lat' dir='ltr'>delineatam</span> <span class='ocrx_word' id='word_1_339' title='bbox 860 3743 988 3826; x_wconf 89' lang='lat' dir='ltr'>reliquit.</span> <span class='ocrx_word' id='word_1_340' title='bbox 1023 3738 1110 3824; x_wconf 82' lang='lat' dir='ltr'>Quod</span> <span class='ocrx_word' id='word_1_341' title='bbox 1126 3741 1182 3804; x_wconf 90' lang='lat' dir='ltr'>nisi</span> <span class='ocrx_word' id='word_1_342' title='bbox 1196 3762 1314 3806; x_wconf 89' lang='lat' dir='ltr'>earnem</span> 
     </span>
     <span class='ocr_line' id='line_1_36' title="bbox 166 3843 1315 3930; baseline -0.003 -20"><span class='ocrx_word' id='word_1_343' title='bbox 166 3845 335 3923; x_wconf 83' lang='lat' dir='ltr'>habuisset,</span> <span class='ocrx_word' id='word_1_344' title='bbox 357 3866 503 3930; x_wconf 90' lang='lat' dir='ltr'>uunquam</span> <span class='ocrx_word' id='word_1_345' title='bbox 521 3857 601 3912; x_wconf 88' lang='lat' dir='ltr'>esset</span> <span class='ocrx_word' id='word_1_346' title='bbox 617 3849 750 3912; x_wconf 83' lang='lat' dir='ltr'>suffixus.</span> <span class='ocrx_word' id='word_1_347' title='bbox 794 3843 842 3910; x_wconf 87' lang='lat' dir='ltr'>Eo</span> <span class='ocrx_word' id='word_1_348' title='bbox 863 3866 936 3910; x_wconf 87' lang='lat' dir='ltr'>vero</span> <span class='ocrx_word' id='word_1_349' title='bbox 959 3843 1035 3928; x_wconf 91' lang='lat' dir='ltr'>quod</span> <span class='ocrx_word' id='word_1_350' title='bbox 1058 3864 1146 3908; x_wconf 88' lang='lat' dir='ltr'>earne</span> <span class='ocrx_word' id='word_1_351' title='bbox 1166 3845 1315 3929; x_wconf 87' lang='lat' dir='ltr'>praeditus</span> 
     </span>
     <span class='ocr_line' id='line_1_37' title="bbox 167 3941 1316 4035; baseline -0.004 -23"><span class='ocrx_word' id='word_1_352' title='bbox 167 3959 197 4012; x_wconf 86' lang='lat' dir='ltr'>et</span> <span class='ocrx_word' id='word_1_353' title='bbox 213 3949 320 4010; x_wconf 83' lang='lat' dir='ltr'>affixus</span> <span class='ocrx_word' id='word_1_354' title='bbox 335 3956 382 4010; x_wconf 89' lang='lat' dir='ltr'>est</span> <span class='ocrx_word' id='word_1_355' title='bbox 400 3947 497 4026; x_wconf 86' lang='lat' dir='ltr'>cruci,</span> <span class='ocrx_word' id='word_1_356' title='bbox 521 3959 622 4012; x_wconf 89' lang='lat' dir='ltr'>nostra</span> <span class='ocrx_word' id='word_1_357' title='bbox 637 3948 725 4012; x_wconf 93' lang='lat' dir='ltr'>simul</span> <span class='ocrx_word' id='word_1_358' title='bbox 743 3959 862 4035; x_wconf 87' lang='lat' dir='ltr'>peccata</span> <span class='ocrx_word' id='word_1_359' title='bbox 879 3946 991 4010; x_wconf 86' lang='lat' dir='ltr'>delixit.</span> <span class='ocrx_word' id='word_1_360' title='bbox 1036 3941 1179 4029; x_wconf 87' lang='lat' dir='ltr'>Equidem</span> <span class='ocrx_word' id='word_1_361' title='bbox 1198 3945 1316 4010; x_wconf 70' lang='lat' dir='ltr'>verimi</span> 
     </span>
     <span class='ocr_line' id='line_1_38' title="bbox 166 4045 1314 4134; baseline -0.004 -22"><span class='ocrx_word' id='word_1_362' title='bbox 166 4069 221 4134; x_wconf 91' lang='lat' dir='ltr'>per</span> <span class='ocrx_word' id='word_1_363' title='bbox 237 4047 323 4111; x_wconf 84' lang='lat' dir='ltr'>idem</span> <span class='ocrx_word' id='word_1_364' title='bbox 344 4045 502 4129; x_wconf 88' lang='lat' dir='ltr'>inhaereo,</span> <span class='ocrx_word' id='word_1_365' title='bbox 526 4071 581 4114; x_wconf 91' lang='lat' dir='ltr'>nec</span> <span class='ocrx_word' id='word_1_366' title='bbox 598 4050 755 4114; x_wconf 88' lang='lat' dir='ltr'>tardissimi</span> <span class='ocrx_word' id='word_1_367' title='bbox 778 4048 923 4134; x_wconf 86' lang='lat' dir='ltr'>serpentis</span> <span class='ocrx_word' id='word_1_368' title='bbox 942 4067 1043 4112; x_wconf 89' lang='lat' dir='ltr'>errore</span> <span class='ocrx_word' id='word_1_369' title='bbox 1061 4049 1108 4112; x_wconf 86' lang='lat' dir='ltr'>vel</span> <span class='ocrx_word' id='word_1_370' title='bbox 1126 4047 1189 4112; x_wconf 89' lang='lat' dir='ltr'>eius</span> <span class='ocrx_word' id='word_1_371' title='bbox 1207 4046 1314 4111; x_wconf 89' lang='lat' dir='ltr'>doetri-</span> 
     </span>
     <span class='ocr_line' id='line_1_39' title="bbox 165 4149 664 4237; baseline 0.004 -23"><span class='ocrx_word' id='word_1_372' title='bbox 165 4171 223 4214; x_wconf 92' lang='lat' dir='ltr'>nae</span> <span class='ocrx_word' id='word_1_373' title='bbox 245 4149 340 4214; x_wconf 88' lang='lat' dir='ltr'>sibilis</span> <span class='ocrx_word' id='word_1_374' title='bbox 362 4150 465 4214; x_wconf 87' lang='lat' dir='ltr'>abduci</span> <span class='ocrx_word' id='word_1_375' title='bbox 489 4173 534 4216; x_wconf 90' lang='lat' dir='ltr'>me</span> <span class='ocrx_word' id='word_1_376' title='bbox 558 4153 664 4237; x_wconf 91' lang='lat' dir='ltr'>patior.</span> 
     </span>
    </p>

    <p class='ocr_par' dir='ltr' id='par_1_4' title="bbox 251 4248 1466 4339">
     <span class='ocr_line' id='line_1_40' title="bbox 251 4248 1466 4339; baseline -0.003 -21"><span class='ocrx_word' id='word_1_377' title='bbox 251 4250 312 4318; x_wconf 89' lang='lat' dir='ltr'>Sed</span> <span class='ocrx_word' id='word_1_378' title='bbox 329 4273 405 4316; x_wconf 89' lang='lat' dir='ltr'>nunc</span> <span class='ocrx_word' id='word_1_379' title='bbox 418 4252 533 4320; x_wconf 81' lang='lat' dir='ltr'>baerisi</span> <span class='ocrx_word' id='word_1_380' title='bbox 550 4255 599 4320; x_wconf 89' lang='lat' dir='ltr'>illa</span> <span class='ocrx_word' id='word_1_381' title='bbox 614 4252 819 4339; x_wconf 88' lang='lat' dir='ltr'>praetermissa</span> <span class='ocrx_word' id='word_1_382' title='bbox 833 4253 982 4338; x_wconf 87' lang='lat' dir='ltr'>deinceps,</span> <span class='ocrx_word' id='word_1_383' title='bbox 1003 4251 1156 4328; x_wconf 88' lang='lat' dir='ltr'>carissimi,</span> <span class='ocrx_word' id='word_1_384' title='bbox 1177 4248 1211 4312; x_wconf 89' lang='lat' dir='ltr'>ad</span> <span class='ocrx_word' id='word_1_385' title='bbox 1229 4269 1312 4333; x_wconf 86' lang='lat' dir='ltr'>prae·</span> <span class='ocrx_word' id='word_1_386' title='bbox 1327 4249 1466 4322; x_wconf 72' lang='lat' dir='ltr'>copxm</span> 
     </span>
    </p>
   </div>
   <div class='ocr_carea' id='block_1_3' title="bbox 165 4417 1233 4558">
    <p class='ocr_par' dir='ltr' id='par_1_5' title="bbox 165 4417 1233 4558">
     <span class='ocr_line' id='line_1_41' title="bbox 215 4417 1233 4503; baseline -0.022 -12"><span class='ocrx_word' id='word_1_387' title='bbox 215 4422 242 4476; x_wconf 75' lang='grc'>3·</span> <span class='ocrx_word' id='word_1_388' title='bbox 269 4422 365 4503; x_wconf 58' lang='grc' dir='ltr'>θθῌῑῖῑ</span> <span class='ocrx_word' id='word_1_389' title='bbox 391 4425 515 4496; x_wconf 59' lang='lat' dir='ltr'>wintorp.</span> <span class='ocrx_word' id='word_1_390' title='bbox 556 4429 620 4478; x_wconf 78' lang='lat' dir='ltr'>Libri</span> <span class='ocrx_word' id='word_1_391' title='bbox 645 4427 729 4477; x_wconf 78' lang='lat' dir='ltr'>babmt</span> <span class='ocrx_word' id='word_1_392' title='bbox 760 4428 817 4476; x_wconf 85' lang='lat' dir='ltr'>dum</span> <span class='ocrx_word' id='word_1_393' title='bbox 834 4427 956 4476; x_wconf 83' lang='lat' dir='ltr'>uidebatur</span> <span class='ocrx_word' id='word_1_394' title='bbox 972 4421 1058 4490; x_wconf 64' lang='grc' dir='ltr'><strong>νοθείᾳ</strong></span> <span class='ocrx_word' id='word_1_395' title='bbox 1073 4435 1116 4484; x_wconf 85' lang='lat' dir='ltr'>pro</span> <span class='ocrx_word' id='word_1_396' title='bbox 1133 4417 1233 4486; x_wconf 69' lang='lat' dir='ltr'>seboin.</span> 
     </span>
     <span class='ocr_line' id='line_1_42' title="bbox 165 4489 726 4558; baseline -0.029 0"><span class='ocrx_word' id='word_1_397' title='bbox 165 4495 237 4556; x_wconf 63' lang='lat'>“¹0⁰</span> <span class='ocrx_word' id='word_1_398' title='bbox 258 4491 341 4556; x_wconf 74' lang='lat' dir='ltr'>atasq</span> <span class='ocrx_word' id='word_1_399' title='bbox 359 4489 401 4558; x_wconf 60' lang='lat' dir='ltr'>Tli·</span> <span class='ocrx_word' id='word_1_400' title='bbox 421 4521 453 4532; x_wconf 92' lang='lat'>·-</span> <span class='ocrx_word' id='word_1_401' title='bbox 486 4497 582 4546; x_wconf 76' lang='lat' dir='ltr'>remeo</span> <span class='ocrx_word' id='word_1_402' title='bbox 602 4495 726 4546; x_wconf 81' lang='lat' dir='ltr'>rescriben-</span> 
     </span>
    </p>
   </div>
   <div class='ocr_carea' id='block_1_4' title="bbox 0 0 1565 4984">
    <p class='ocr_par' dir='ltr' id='par_1_6' title="bbox 0 0 1565 4984">
     <span class='ocr_line' id='line_1_43' title="bbox 0 0 1565 4984; baseline 0 0"><span class='ocrx_word' id='word_1_403' title='bbox 0 0 1565 4984; x_wconf 95' lang='lat' dir='ltr'> </span> 
     </span>
    </p>
   </div>
  </div>
 </body>
</html>
