3100 4984
329 299 390 362 356
755 306 877 358 εεαοτι
898 305 1066 356 εειεειεαιι

330 431 473 511 Σωτῆρος
489 426 540 490 καί
556 429 610 506 τῆς
626 425 747 504 Σοφίας
760 430 815 505 τῆς
832 419 989 506 Ἀχαμύθ,
1019 422 1070 488 καί
1087 427 1174 487 τοῦτο
1196 417 1271 486 εἶναι
1288 423 1422 504 νυμφίον
1439 418 1485 484 καί

331 526 468 612 νύμφην,
491 531 637 608 νυμφτῦνα
653 525 685 590 δὲ
701 523 734 590 τύ
751 531 813 590 πᾶν
831 522 994 610 Πλήροιμα.
1043 520 1122 600 Τούς
1134 524 1167 588 δὲ
1181 520 1401 606 πνευματικούς
1418 518 1483 588 τίπο-

303 695 308 706 ,
333 631 518 713 δυσαμίνους
535 625 588 704 τοῖς
601 626 700 710 ψυχαῖς
718 630 770 694 καί
786 625 938 711 πνεύματα
956 624 1042 714 νοερδι
1059 629 1236 712 γενομένους
1252 621 1425 712 ύκρατῖρεως
1439 623 1484 690 καί

333 731 468 818 αόρύτοις
494 729 578 808 ίντύς
601 729 808 817 Πληροίματος
838 727 1068 806 ηείςελθύντας
1093 728 1215 812 νύμφας
1241 726 1484 811 ἀποδοθήσεσθαι

332 844 395 910 τοῖς
416 837 483 919 περὶ
502 831 555 900 τδν
573 840 700 917 Σωτῆρα
717 830 868 919 Ἀμμίλοις.
918 830 977 898 Τδν
998 835 1031 899 δὲ
1048 829 1241 920 Δημιουρμύν
1259 835 1420 915 μεταβῆναι
1441 829 1485 894 καί

332 935 425 1005 αύτδν
448 939 491 1014 είς
512 935 564 1004 τύν
588 943 640 1020 τῆς
658 933 785 1022 Μητρός
803 940 922 1017 Σοφίας
943 933 1051 1016 τόπον,
1080 937 1229 1002 τουτέστιν
1246 935 1277 1000 ἐν
1293 941 1330 1024 τῇ
1347 929 1485 1016 μεσότητι.

206 1079 258 1127 με.
273 1065 318 1113 εει.
337 1039 398 1117 Τύς
411 1065 442 1106 τε
455 1044 515 1107 νῦν
529 1043 652 1106 δικαίων
667 1035 767 1122 ψυχαῖς
780 1035 1006 1105 α’ναπαύσεσθαι
1021 1042 1073 1104 καί
1087 1036 1179 1116 αύτοῖς
1196 1040 1228 1105 ίν
1244 1044 1285 1127 τῷ
1302 1043 1356 1120 τῆς
1371 1033 1484 1120 μεσίτη·

332 1169 383 1220 τος
404 1142 495 1232 τόπῳ.
541 1142 650 1226 Μηδὲν
671 1139 727 1228 μοῖρ
748 1139 878 1224 ψυχικὸν
900 1138 983 1218 ίντδς
1006 1140 1213 1229 Πληρεύματος
1233 1147 1346 1228 χωρεῖν.

180 1465 248 1534 Κεφ.
265 1461 314 1520 κδ’.
425 1448 544 1518 Τούτων
559 1452 592 1515 δὲ
607 1451 768 1536 γενομένων
787 1447 882 1526 ούτως
894 1447 927 1516 τύ
944 1452 1115 1534 δμφοιλεῦον
1131 1455 1173 1539 τῷ
1189 1448 1292 1538 κύσμφ
1307 1454 1369 1532 πῦρ
1390 1445 1486 1528 ίκλύμ-

335 1571 400 1638 ψαν
421 1555 473 1619 καί
492 1553 624 1634 ἐξαφθὲν
645 1555 694 1619 καῖ
714 1551 967 1640 κατεργασόμενον
984 1559 1084 1618 πᾶσαν
1101 1551 1175 1636 ῦλην
1190 1549 1489 1635 συναναλωθήαεαθαι

336 1654 423 1747 αύτῇ,
445 1657 496 1723 καί
513 1658 554 1733 είς
569 1653 603 1722 τύ
623 1653 722 1740 μηκέτ’
737 1652 810 1722 είναι
825 1653 966 1739 χωρήσειν
982 1654 1165 1722 διδάσκουσι.
1216 1654 1275 1722 Τύν
1290 1653 1322 1719 δὲ
1343 1661 1487 1738 Δημιουρ·

335 1758 391 1847 μδν
408 1759 500 1843 μηδὲν
515 1758 631 1824 τούτων
648 1761 805 1846 ίγντνκίναι
824 1755 1044 1840 ύποφαίνονται
1060 1757 1119 1845 πρδ
1137 1766 1189 1842 τῆς
1207 1765 1262 1824 τοῦ
1278 1763 1422 1842 Σωτῆρος
1437 1781 1487 1819 πα·

337 1867 469 1949 ρουσίας.
513 1864 585 1928 Εἰσί
609 1862 642 1928 δὲ
663 1865 695 1927 οῖ
713 1864 843 1948 λέγοντες
863 1863 1068 1948 προβαλέσθαι
1091 1858 1183 1928 αύτδν
1204 1861 1256 1926 καῖ
1274 1857 1406 1946 Χριστδν
1428 1855 1489 1924 νῖύν

336 1967 429 2046 ίδιον,
457 1962 530 2030 α’λλύ
551 1968 624 2030 1καί
640 1963 784 2048 ψυχικόν·
817 1965 910 2050 Βπερί
928 1961 1036 2031 τούτου
1054 1962 1106 2030 διοῖ
1122 1970 1182 2029 τοῖν
1199 1969 1364 2050 προφητῶν
1379 1967 1489 2042 λελαλη-

336 2068 426 2134 κὲναι.
470 2065 561 2134 Είναι
576 2069 608 2133 δὲ
622 2073 729 2133 τοῦτον
741 2065 793 2134 τδν
809 2065 860 2132 διδ
878 2071 1002 2151 Μαρίας
1015 2065 1221 2147 διοδεύσαντα,
1252 2063 1393 2150 καθάπερ
1410 2061 1488 2146 ῦίαρ

336 2168 387 2236 διδ
400 2177 529 2254 σωλῆνας
540 2167 650 2249 ύδεύει,
667 2171 719 2235 καῖ
732 2172 774 2246 είς
786 2177 891 2236 τοῦτον
906 2171 957 2235 ἐπί
969 2177 1023 2236 τοῦ
1036 2173 1236 2253 βαπτίσματος
1250 2175 1405 2235 κατελθεῖν
1421 2169 1489 2233 ἐκεῖ·

336 2300 389 2340 νον
403 2272 454 2341 τδν
471 2273 531 2340 ύπδ
550 2281 604 2342 τοῦ
622 2271 828 2357 Πληροίματος
846 2275 879 2338 ἐκ
896 2271 1017 2338 πάντων
1034 2279 1163 2360 Σωτῆρα
1178 2274 1210 2338 ἒν
1227 2274 1298 2338 εῖδει
1312 2276 1488 2358 περιστερᾶς.

338 2379 495 2462 Γεμονίναι
514 2379 546 2443 δὲ
562 2379 595 2443 ἐν
613 2373 694 2465 αύτῷ
713 2377 764 2442 καί
784 2373 818 2441 τύ
837 2372 910 2441 αῦτδ
927 2382 980 2460 τῆς
995 2371 1136 2460 Ἀχαμοῖθ
1151 2377 1267 2460 σπέρμα
1282 2369 1488 2456 πνευματικόν.

343 2476 401 2544 Τδν
415 2471 470 2546 οῦν
484 2479 589 2562 κύριον
603 2476 687 2562 ἡμῶν
704 2480 737 2544 ίκ
752 2475 901 2563 τεσσάρων
914 2476 1027 2544 τούτων
1039 2476 1184 2544 σύνθετον
1197 2479 1347 2563 μεμονέναι
1359 2473 1489 2558 φύσκου-

338 2601 402 2660 σιν,
425 2579 612 2660 οίποσούζοντα
627 2580 679 2647 τδν
695 2579 790 2647 τύπον
806 2589 858 2664 τῆς
875 2578 1035 2667 οίρχεμύνου
1051 2583 1102 2648 καί
1116 2578 1236 2668 πρύτης
1252 2578 1438 2666 τετρακτύος,
1459 2579 1490 2643 ῖιι

338 2706 369 2746 τε
384 2689 437 2748 τοῦ
452 2689 669 2766 πνευματικοῦ,
699 2682 717 2748 3
733 2675 772 2766 ἦν
785 2680 846 2750 ύτιδ
864 2691 918 2766 τῆς
930 2681 1086 2767 Ἁχαμοδθ,
1114 2685 1165 2750 καί
1181 2685 1215 2750 ἔτι
1229 2690 1283 2749 τοῦ
1297 2689 1447 2768 ψυχικοῦ,
1474 2677 1491 2742 3

338 2775 378 2867 ἦν
395 2781 455 2850 ύπδ
471 2790 526 2851 τοῦ
541 2791 748 2872 Δημιουργοῦ,
778 2787 830 2851 καί
846 2788 879 2852 ἐκ
894 2793 948 2868 τῆς
963 2788 1147 2870 οἰκονομίας,
1177 2786 1196 2852 3
1210 2780 1250 2870 ἦν
1266 2784 1490 2867 κατεσκευασμέ-

339 2912 393 2954 νσν
409 2883 526 2976 ύρρήτφ
545 2889 647 2978 τέχνη,
677 2889 726 2954 καὶ
745 2889 776 2952 ἐκ
794 2894 846 2954 τοῦ
862 2895 1020 2976 Σωτῆρος,
1048 2888 1066 2955 3
1084 2881 1121 2972 ἦν
1138 2895 1322 2956 κατελθοῦσα
1341 2890 1385 2964 τίς
1404 2884 1491 2952 αύτδν

339 2987 504 3076 περιστεραί.
550 2991 610 3054 Καί
629 2995 759 3056 ’τοῦτον
775 2991 827 3073 μὲν
843 2989 948 3074 ύπαθῆ
961 2994 1205 3076 διαμεμενηκέναι
1218 2991 1266 3071 (ού
1280 2989 1336 3078 μύρ
1349 2991 1491 3072 ἒνεδίχετο

339 3101 452 3158 παθεῖν
464 3089 555 3158 αύτύν
568 3089 734 3176 ύκρύτητον
745 3096 796 3158 καί
811 3090 939 3180 ύύρατον
951 3092 1143 3180 ύπύρχοντα),
1160 3098 1212 3161 καί
1225 3093 1276 3161 διύ
1286 3101 1372 3161 τοῦτο
1389 3083 1490 3182 ᾖρθαι,

339 3196 564 3282 προςαγομίνου
580 3191 673 3260 αύτοῦ
688 3201 730 3284 τῷ
746 3193 881 3284 Πιλύτφ,
902 3194 935 3261 τδ
951 3199 993 3272 εἰς
1008 3193 1100 3263 αύτδν
1114 3198 1275 3264 κατατεθὲν
1289 3204 1407 3280 πνεῦμα
1421 3201 1492 3280 Χρι-

339 3305 419 3366 στοῦ.
463 3295 534 3364 Ἀλλ’
554 3295 625 3364 οῦδὲ
647 3295 679 3363 τῦ
705 3294 763 3363 ύπδ
786 3303 839 3381 τῆς
861 3295 987 3385 Μητρύς
1008 3301 1123 3383 σπέρμα
1142 3303 1326 3367 πεπονθέναι
1346 3301 1491 3385 λέγουσιν*

340 3399 457 3477 ιῖπαθίς
469 3399 526 3488 μδρ
538 3401 590 3466 καί
608 3397 706 3466 4αύτδ
721 3397 755 3466 τύ
770 3397 970 3483 πνευματικὸν
984 3403 1035 3466 καί
1049 3399 1176 3486 ύύρατον
1190 3403 1267 3469 ῡκαῖ
1282 3400 1362 3492 αύτῷ
1376 3408 1419 3490 τῷ
1433 3409 1492 3482 Δη-

340 3511 480 3593 μιουργῷ.
515 3501 637 3568 ’Ἔπαθε
655 3504 687 3568 δὲ
703 3499 807 3568 λοιπδν
828 3500 912 3568 ὕπατ’
930 3500 1039 3580 αύτούς
1056 3501 1073 3569 δ
1091 3504 1218 3589 ψυχικδς
1236 3490 1379 3592 Ιῖίριστδς,
1407 3506 1459 3569 καὶ
1478 3498 1494 3568 δ

340 3609 373 3672 ἐκ
389 3615 441 3690 τῆς
457 3610 628 3690 οἰκονομίας
645 3607 914 3687 κατεσκευασμένος
927 3609 1148 3692 μυστηριωδοῖς,
1171 3605 1233 3674 'iv'
1248 3611 1404 3696 *ἐπιδείξῃ
1424 3602 1494 3670 ἀύ-
1537 3587 1538 3660 ί

339 3714 393 3773 τοῦ
407 3706 428 3792 ἡ
443 3708 556 3797 Μήτηρ
571 3708 622 3778 τδν
638 3707 734 3775 τύπον
749 3716 804 3774 τοῦ
820 3707 882 3774 ύνω
902 3714 1046 3795 Χριστοῦ,
1069 3711 1183 3775 ἐκείνου
1200 3717 1254 3778 τοῦ
1273 3718 1308 3760 ¹⁰
1318 3711 1493 3776 ἐπενταθέν-

339 3833 391 3885 τος
407 3817 449 3900 τῷ
465 3818 582 3901 σταυρῷ
599 3813 649 3878 καί
667 3809 883 3897 μορφύσαντος
900 3809 955 3894 τήν
967 3807 1109 3894 Ἀχαμοίθ
1127 3811 1282 3898 μόρφωσιν
1295 3811 1351 3896 την
1367 3810 1430 3877 κατ’
1447 3809 1494 3878 ού-

339 3915 414 3977 σίαν.
460 3913 568 3979 Πύντα
584 3913 639 4000 μύρ
653 3921 746 3980 ταῦτα
760 3912 875 3990 τύπους
893 3916 1014 3980 ἐκείνων
1028 3910 1104 3980 εἶναι
1118 3916 1242 4000 λέγουσι.
1289 3913 1349 3991 Ταῖς
1364 3915 1396 3980 δὲ
1412 3917 1494 3997 ἔσχη-

342 4018 430 4091 κνίας
450 4013 483 4081 τύ
503 4019 618 4102 σπέρμα
638 4024 692 4100 τῆς
709 4014 850 4101 ’Λχαμοῖθ
868 4013 970 4100 ψυχαῖς
985 4012 1123 4101 ἀμείνους
1138 4019 1255 4102 λέγουσι
1269 4019 1419 4104 γεγονέναι
1435 4024 1494 4084 τῦι

344 4124 514 4184 ιιλοιπῦν·
537 4115 585 4184 διδ
599 4121 650 4184 καί
665 4127 766 4185 πλεῖον
777 4125 839 4185 τοῖν
854 4116 949 4185 ύλλιιν
961 4116 1138 4204 ἠμαπῆτθαι
1150 4117 1211 4186 ύπύ
1225 4126 1279 4185 τοῦ
1292 4125 1495 4207 Δημιουρμοῦ,

378 4272 415 4326 λθ.
433 4273 551 4335 είςελθεῖι
568 4271 615 4333 τοῖς
630 4270 731 4343 νύμφας
755 4279 806 4328 τοῦ.
821 4279 900 4328 Paris.
969 4277 994 4329 θ.
1010 4280 1048 4329 Ita
1064 4279 1116 4328 οοιλ.
1134 4279 1189 4328 Vm.
1225 4279 1299 4340 λὐλρο
1314 4279 1395 4331 ταῦτα.

375 4341 433 4395 θεν.
449 4341 548 4394 xxiv.
566 4369 599 4380 -
624 4346 645 4394 1.
663 4342 723 4408 καλ,
744 4348 806 4409 φοοδ
822 4359 902 4397 omnes
969 4341 993 4395 4.
1011 4339 1088 4406 αὐτὸ,
1122 4338 1169 4398 ἅτε
1193 4341 1361 4410 πιτνμοτιαδι
1388 4348 1499 4398 onmes

338 4412 392 4460 λιθτί
404 4417 496 4462 tuentur
510 4425 558 4462 υιιο
572 4425 625 4462 cum
644 4413 690 4463 Ver.
701 4415 809 4478 λοίττφτ,
824 4417 901 4466 ποιεῖν
934 4415 1067 4464 Μεσεντίου
1084 4427 1128 4464 ιτα.
1145 4414 1193 4464 Vet-
1206 4415 1361 4476 λοαιφτείειιι.

338 4491 382 4528 ταν
397 4483 488 4530 αοααλι
502 4483 617 4530 notaverit
632 4481 752 4532 Ρααυίνι.
967 4483 992 4532 5.
1010 4480 1054 4534 καὶ
1072 4477 1100 4534 τί
1118 4480 1163 4534 τοῦ
1180 4477 1334 4550 δημιούργου
1352 4483 1406 4534 τοο.
1424 4485 1480 4534 m

371 4549 396 4600 ².
412 4546 471 4613 περὶ
486 4546 575 4602 πίτυν
592 4545 622 4603 δὲ
638 4551 711 4601 νολαλ
728 4552 847 4602 Ρτιανευα
966 4546 992 4601 6.
1008 4544 1024 4603 δ
1042 4543 1097 4602 κατ’
1115 4542 1207 4609 αύτούς
1222 4549 1273 4601 τοτλ
1291 4551 1344 4602 θαι.
