3112 4984
267 245 329 306 240
693 251 815 304 SANGTI
831 251 999 304 ΕΡΙΡΗΔΝΉ

267 369 432 456 κατάρατος
451 375 512 447 πῦς
528 367 563 446 δς
583 365 641 434 υύκ
658 368 774 452 ἐμμένει
788 374 863 433 πᾶσι
877 375 940 444 τοῖς
960 365 1060 453 λόχοις
1081 377 1145 446 τοῖς
1158 370 1372 456 γεγραμμένοις
1395 373 1432 436 ἐν

267 479 308 561 τῷ
328 476 432 560 βιβλίῳ
449 469 562 560 τούτῳ,
584 477 639 537 τοῦ
657 477 779 552 ποιῆσαι
799 466 917 546 αύτούς.
955 462 1067 535 Ἦλθεν
1084 463 1140 537 οὖν
1157 469 1236 538 λύων
1253 473 1307 554 μὲν
1321 470 1357 536 τά
1374 499 1430 538 πε-

147 601 197 645 1¹²¹!-
213 589 259 632 m.
273 577 423 658 πεδημένα
437 578 556 655 δεσμοῖς
572 583 635 649 τοῖς
648 579 701 655 τῆς
715 570 861 658 κατάρας,
883 571 1069 657 χαριζόμενος
1084 573 1117 638 δέ
1131 571 1204 656 ῆμῖυ
1218 571 1283 640 άντλ
1300 581 1361 640 τῶν
1376 603 1428 658 μι-

268 684 350 763 κρῶν
368 683 428 741 τῶν
450 673 492 758 μῆ
515 677 689 757 δυναμένων
711 680 903 757 πληροῦσθαι
925 671 961 738 τά
983 679 1115 756 μείζονα,
1142 677 1194 741 καί
1216 674 1254 741 ού
1273 675 1428 760 μαχόμενα

268 777 397 862 θάτερον
415 779 531 866 θατέρῳ
549 773 627 863 πρός
641 774 695 858 τῆν
714 781 767 840 τοῦ
783 777 872 859 ἔργον
886 773 1052 858 πλήρωσιν,
1075 774 1116 852 σός
1130 774 1167 842 τά
1181 775 1317 863 πρότερα.
1363 777 1428 843 Οῦ-

267 905 326 956 τως
341 877 397 966 γάρ
415 876 491 944 κατά
512 886 612 944 πᾶσαν
630 881 742 963 αἵρεσιν
760 875 930 956 φθάνοντες
953 880 985 942 έν
1002 903 1038 967 τη
1062 880 1131 962 περί
1149 883 1350 963 σαββατισμοῦ
1369 882 1426 945 καί

267 989 426 1068 περιτομῆς
441 983 492 1045 καί
506 987 566 1046 τοῖν
581 977 676 1046 ῦλλων
692 977 831 1054 πολλάκις
847 978 1097 1064 ίπειρχασάμεθα,
1119 988 1185 1057 πῶς
1199 978 1217 1046 ό
1230 979 1335 1067 κύριος
1349 979 1426 1064 ῆμῖν

265 1081 303 1150 τό
324 1085 504 1168 έντελέστεροι
523 1080 698 1167 κεχάρισται.
744 1087 818 1156 Πῶς
838 1073 894 1146 οῦν
913 1085 946 1146 οί
964 1089 1094 1148 τοιοῦτοι
1119 1081 1293 1165 δυνήσονται
1316 1080 1426 1149 άπολο-

268 1190 336 1272 χίαν
351 1188 441 1268 ἔχειν,
464 1182 505 1268 μῆ
518 1190 559 1271 τῷ
576 1181 721 1265 πνεύματι
734 1189 782 1280 τῷ.
794 1180 868 1270 άγίφ
886 1179 1121 1263 ύπακούσαντες,
1141 1191 1183 1273 τῷ
1202 1183 1253 1251 διά
1272 1191 1331 1250 τῦν
1347 1182 1425 1250 άπο·

266 1288 379 1355 στόλων
399 1286 529 1373 εἰρηκότι
545 1293 609 1361 τοῖς
631 1287 661 1362 έξ
681 1287 782 1350 έθνῦν
802 1284 1026 1364 πεπιστευκόσι,
1049 1284 1090 1368 μῆ
1111 1284 1205 1369 βάρος
1221 1289 1424 1363 ἐπιτίθεσθαι,

267 1389 347 1473 πλῆν
367 1397 428 1454 τῶν
449 1385 628 1472 ἐπάναγκες,
657 1385 819 1470 άπέχεσθατ
838 1390 963 1469 αἵματος
985 1389 1036 1452 καί
1059 1393 1184 1452 πνικτοῦ
1209 1389 1261 1452 καί
1282 1392 1425 1472 πορνείας

267 1494 319 1559 καί
338 1489 553 1567 είδωλοθύτους
576 1495 641 1565 ποῦς
655 1489 688 1555 δέ
703 1486 758 1554 ούιι
776 1491 968 1554 ἐκπεσοῦνται
983 1495 1035 1571 τῆς
1051 1497 1106 1554 τοῦ
1124 1495 1201 1555 θεοῦ
1220 1488 1352 1576 χάριτος,
1373 1491 1424 1554 λε’-

267 1619 371 1680 χοντος
387 1590 512 1657 Παύλου
527 1598 581 1656 τοῦ
596 1589 682 1676 άγίου
698 1589 866 1657 α’ποοτόλου
881 1590 937 1670 ότι,
957 1589 1028 1655 Ἐάν
1043 1591 1267 1677 περιτέμνησθε,
1291 1589 1426 1676 Χριστός

266 1693 345 1778 ύμᾶς
368 1691 455 1760 ούδδν
478 1690 635 1776 ω’φελῆσει,
665 1695 772 1769 οἵτινες
795 1695 826 1759 έν
847 1691 931 1782 νόμῳ
957 1699 1124 1775 καυχᾶσθε,
1145 1701 1198 1776 τῆς
1221 1693 1337 1778 χάριτος
1358 1693 1422 1770 έξε-

266 1799 386 1874 πέσατες

130 2013 198 2082 Κεφ.
216 2009 250 2066 θ’.
351 1997 480 2086 Ἀρκίσει
501 1991 557 2065 οῦν
577 2001 628 2065 καί
651 2002 683 2066 έν
698 1997 790 2089 ταύτη
810 2005 848 2088 τῆ
870 2000 979 2083 αἱρέσει
997 1997 1018 2081 ῆ
1033 1997 1084 2064 διά
1099 2007 1153 2082 τῆς
1169 2003 1327 2083 συντομίας
1347 1997 1423 2083 παρ’

265 2100 351 2188 ῆμιῦν
375 2101 506 2179 διάλεξις.
551 2099 771 2185 Εύθυέλεγκτοι
794 2097 850 2186 χύρ
876 2103 909 2166 οί
930 2108 1079 2179 τοιοῦτοι,
1105 2103 1157 2166 καί
1182 2099 1337 2179 εύάλωτοι,
1364 2105 1424 2165 καὶ

264 2204 411 2272 Ἰουδαῖοι
427 2211 549 2285 μᾶλλον,
572 2205 624 2268 καί
641 2199 729 2267 ούδέν
750 2205 863 2287 ἕτερον·
885 2201 965 2267 πάνυ
981 2203 1013 2267 δὲ
1031 2195 1114 2269 οῦτοι
1133 2205 1237 2288 ίχθρολ
1257 2211 1320 2279 τοῖς
1338 2199 1421 2268 Ἰου-

265 2311 360 2382 δαίοις
372 2303 564 2390 ύπάρχουσιν.
611 2301 656 2370 Ού
670 2303 762 2387 μόνον
776 2301 832 2389 γάρ
847 2307 879 2370 οί
891 2311 950 2370 τῶν
966 2300 1123 2370 Ἰουδαίων
1139 2309 1243 2381 παῖδες
1256 2302 1332 2390 πρός
1346 2303 1419 2370 τοῦ·

263 2436 336 2485 τους
357 2410 511 2490 κέκτηνται
528 2416 629 2490 μῖσος,
652 2404 722 2473 άλλά
743 2403 931 2487 άνιστάμενοι
958 2409 1092 2496 ιέωθεν,
1114 2409 1164 2472 καί
1183 2409 1274 2491 μέσης
1294 2403 1420 2489 ἡμέρας,

265 2513 316 2576 καί
331 2512 399 2595 περὶ
417 2508 471 2592 τῆν
487 2511 628 2595 έσπέραν,
650 2510 713 2592 τρίς
729 2515 782 2590 τῆς
799 2505 925 2592 ἡμέρας,
948 2507 995 2573 ῦτε
1011 2506 1097 2592 εύχάς
1113 2511 1293 2574 ἐπιτελοῦσιν
1307 2511 1339 2574 ἐν
1352 2516 1421 2584 ταῖς

265 2610 364 2676 αύτῦν
381 2620 582 2696 συναχωχαῖς,
604 2613 772 2694 έπαρῦνται
795 2607 897 2685 αύτοῖς
918 2613 970 2675 καί
987 2608 1235 2692 άναθεματίζουσι
1251 2608 1422 2691 φάσκοντες

267 2712 327 2792 ότι,
347 2709 578 2796 Ἐπικαταράσαι
594 2709 612 2776 ό
626 2709 700 2788 θεός
716 2711 786 2788 τούς
802 2715 1004 2796 Ναζωραίονς.
1038 2714 1099 2777 Καὶ
1113 2711 1169 2798 γάρ
1186 2710 1304 2788 τούτοις
1316 2733 1420 2796 περισ-

265 2813 388 2900 σότερον
402 2815 548 2895 ἔνέχουσι,
570 2810 621 2877 διδ
636 2811 668 2878 τό
687 2810 747 2878 άπδ
763 2811 921 2880 Ἰουδαίων
937 2811 1048 2890 αύτούς
1063 2812 1151 2890 ὄντας
1164 2811 1296 2896 Ἰησοῦν·
1307 2811 1421 2897 κηρύσ-

264 2937 326 2982 σειν
349 2911 425 2980 εἶναι
447 2911 591 3000 Χριστόν,
621 2911 695 3000 ὅπερ
719 2916 796 2980 έοτίν
818 2917 953 2980 έναυτίον
974 2913 1052 3000 πρός
1074 2913 1145 2991 τούς
1168 2918 1210 2981 ἔτι
1235 2913 1419 2992 Ἰουδαίους,

264 3017 334 3093 τούς
353 3013 484 3102 Χριστόν
502 3013 544 3099 μῆ
561 3017 746 3099 δεξαμένους.
778 3013 904 3099 Ἔχουσι
920 3018 952 3082 δὲ
967 3015 1001 3083 τό
1022 3016 1098 3084 κατά
1115 3025 1281 3083 Ματθαῖον
1298 3013 1418 3100 εύαχχέ-

263 3129 327 3185 λιον
343 3120 541 3202 πληρέστατον
556 3114 713 3202 Ἐβραϊστί.
758 3115 837 3204 Παρ’
859 3116 960 3196 αύτοῐς
982 3118 1038 3206 γάρ
1064 3126 1168 3201 σαφοῦς
1186 3126 1288 3197 τοῦτο,
1308 3115 1420 3192 πειθοῦς

265 3225 296 3301 k}
314 3221 407 3306 άρχῆς
423 3218 555 3304 ίχράφη,
574 3216 744 3306 Ἑβραϊκοῖς
766 3219 935 3307 γράμμασιν
955 3223 998 3286 ίτι
1015 3220 1148 3300 σύζεται·
1172 3219 1228 3288 οῦκ
1247 3217 1315 3286 οίδα
1333 3218 1366 3284 δὲ
1388 3221 1422 3284 εί

263 3326 313 3390 καλ
337 3322 391 3400 τάς
410 3325 608 3408 γενεαλογίας,
630 3319 683 3398 τάς
704 3319 765 3388 άπδ
789 3330 844 3388 τοῦ
863 3319 998 3408 Ἀβραάμ
1020 3321 1087 3408 ῦχρι
1109 3329 1239 3408 Χριστοῦ
1260 3327 1421 3406 περιεῖλον.

262 3423 347 3490 'And
363 3426 414 3492 καί
427 3423 539 3506 ταύτην
555 3422 746 3509 φωράσαντες
761 3421 803 3500 τός
819 3421 945 3512 βληχρόν
960 3426 1010 3489 καί
1028 3422 1138 3507 όδύνης
1154 3423 1344 3508 έμποιητικδν
1365 3421 1422 3488 διά

264 3535 317 3591 τοῦ
334 3531 382 3592 ίοῦ
398 3530 540 3609 σφηκίον,
562 3524 798 3601 καταθλάσαντές
813 3535 923 3602 κενοῖς
938 3533 991 3608 τῆς
1007 3524 1147 3608 άληθείας
1160 3524 1274 3611 λόγοις,
1297 3527 1346 3591 ἐπί
1361 3522 1423 3601 τάς

265 3628 331 3709 ἑξῆς
351 3632 457 3709 ίωμεν,
480 3621 505 3694 τό
527 3625 723 3711 έπιπόθητοι,
744 3625 826 3713 παρά
846 3634 923 3694 θεοῦ
945 3629 1094 3703 αίτοῦντες
1114 3625 1169 3712 τῆν
1189 3627 1344 3710 βοήθειαν.

143 3899 251 3979 μαθέ·
519 3909 700 3978 ΚΑΤΑ
745 3909 1160 3993 ΕΒΙΩΝΑΙΩΝ,

590 4023 735 4117 δεκάτη,
760 4021 783 4118 ἡ
810 4027 871 4097 καὶ
896 4023 1086 4122 τριακοστή.

127 4177 194 4246 Κεφ.
213 4174 245 4231 α’.
347 4164 476 4251 Ἐβίου,
506 4164 558 4249 άφ’
587 4161 678 4256 ούπερ
703 4169 893 4254 Ἐβιωναῖοι,
924 4177 1054 4252 καθεξῆς
1082 4167 1275 4247 άκολουθῶν,
1305 4170 1355 4232 καί
1376 4169 1422 4234 τά

264 4269 352 4352 ῦμοια
373 4267 488 4346 τούτοις
511 4269 678 4355 φρονήσας,
700 4271 894 4357 πολύμορφον
917 4271 1084 4356 τεράστιον,
1106 4272 1157 4336 καί
1183 4267 1225 4346 οῦς
1247 4271 1340 4335 ιίπεῖν
1360 4277 1425 4354 τῆς

298 4409 462 4460 (λιι.1Χ.-
489 4408 510 4460 1.
529 4406 870 4464 έωθεντοιικδολλοῦοτοοτλλ
886 4415 927 4473 est,
945 4413 986 4474 ουτ·
1001 4415 1069 4462 verm
1086 4427 1165 4464 αιτιιο.
1189 4411 1424 4463 Εσίίίλλδτλθτοετί
1516 4421 1519 4426 “

260 4481 282 4526 ιλ
298 4480 349 4527 ωδ.
363 4479 461 4542 Ηλιδλρ.
478 4480 560 4530 habent
577 4475 681 4530 ἔσωθεν.
