3106 4990
374 301 509 354 rinnau
527 303 590 355 utu.
604 305 624 355 t.
641 305 721 357 runt.
733 305 778 358 ur.
794 305 893 357 unna.
904 305 1025 357 xxxiv.
1211 295 1269 358 ast

125 432 194 485 sunt
215 421 263 506 qui
286 433 343 486 tam
364 435 582 489 sacrosanctam
603 424 774 508 religionem
794 445 922 509 vereque
941 425 1153 510 inexplicabilis
1172 438 1273 510 poten·

126 525 186 588 tiae
203 525 445 610 magnitudinem,
471 537 579 590 tantam
598 528 721 612 denique
739 527 829 591 divini
847 527 973 592 numinis
992 530 1201 614 providentiam
1221 550 1273 614 per

124 625 193 690 illud
211 649 294 692 suurn
312 629 413 714 alpha,
445 629 511 694 heta
528 641 702 715 ceterosque
720 651 858 694 numeros
876 641 932 694 tarn
950 630 1055 714 irigide
1070 633 1271 716 violenterque

125 731 287 794 traducant.
332 733 378 796 Ac
401 733 573 817 quicumque
596 754 629 798 se
652 733 687 796 ah
712 733 837 796 eeclesia
860 743 1034 817 segregant,
1066 743 1098 796 ut
1121 733 1156 797 ad
1179 735 1272 800 aniles

124 830 214 896 hasce
238 834 349 898 inhalas
373 835 599 914 adhaerescunt,
636 857 707 900 sane
730 840 894 918 scometipsi
912 840 1016 898 r'cdierh
1039 840 1166 898 damnati
1187 850 1269 912 suntq
1284 849 1361 904 ‘rien
1375 849 1404 892 tu.

121 955 193 1016 quoa
208 942 358 1000 amandum
377 959 458 1000 renum
476 941 648 1020 alteramque
661 944 862 1020 remptionem
876 943 1000 1000 deur'turc
1015 937 1123 1002 Paulus
1142 938 1272 1002 hortatus

120 1047 180 1101 est.
227 1035 353 1104 loannes
371 1061 442 1105 uero
462 1037 573 1104 Christi
592 1041 751 1127 discipulus
769 1041 880 1104 maiore
899 1040 965 1104 illos
984 1059 1077 1124 pocua
1097 1040 1272 1104 condemna·

120 1139 177 1218 vit,
201 1161 265 1204 curn
282 1163 319 1206 ue
335 1143 455 1208 salutari
472 1143 586 1228 quidem
603 1165 620 1206 a
636 1144 720 1208 nohis
736 1144 871 1228 patiatur.
918 1146 1067 1220 (iuiearin,
1092 1143 1196 1227 iuquit,
1219 1156 1422 1206 creaturan.

119 1245 181 1304 r'ttu
204 1249 325 1320 dr‘arera't,
357 1251 541 1308 communicat
560 1247 690 1326 cperr'hus
717 1249 830 1308 ellurum
855 1248 997 1325 malignis.
1047 1243 1158 1310 Merito
1186 1267 1268 1309 sane.

118 1348 220 1426 Neque
241 1352 312 1408 encta
325 1369 387 1428 pao
405 1353 570 1430 cstr'rnpirt,
596 1349 664 1412 dicit
682 1349 825 1412 domiuus.
870 1349 912 1410 At
929 1348 1050 1411 istorum
1068 1347 1200 1434 impietas
1217 1348 1270 1410 im·
1281 1361 1420 1418 manceps

120 1448 261 1532 pietatem
276 1469 391 1514 omnem
406 1462 542 1535 superate
566 1451 614 1534 qui
630 1449 704 1514 coeii
719 1461 873 1534 terraeque
888 1449 1104 1528 fabricatorem,
1128 1471 1162 1514 ao
1177 1449 1271 1514 solum

121 1551 351 1635 omnipotentem
367 1553 468 1630 deum,
500 1573 587 1638 supra
603 1574 688 1637 quem
706 1553 801 1617 nullus
816 1553 890 1616 alius
907 1563 952 1616 est
968 1555 1057 1632 deus,
1087 1573 1127 1616 ex
1142 1553 1268 1632 deiectu,

118 1651 169 1735 qui
192 1663 221 1715 et
242 1653 305 1738 ipse
330 1675 368 1717 cx
390 1654 447 1718 alio
466 1654 504 1718 sit
523 1665 604 1718 crtus
621 1655 752 1733 deiectu,
785 1655 947 1719 derivatum
964 1655 1149 1734 existimant,
1182 1667 1213 1720 ut
1230 1677 1268 1720 ex

117 1753 235 1818 illorum
257 1756 394 1840 opinione
417 1757 503 1820 tertio
526 1757 649 1840 quodam
671 1778 710 1821 cx
732 1758 847 1822 deiectu
871 1757 1022 1841 prodierit.
1066 1755 1132 1841 Qua
1155 1758 1268 1841 quidem

117 1859 242 1941 explosa
258 1859 450 1942 damnataque
467 1862 611 1924 sententia
627 1860 779 1944 proculab
795 1861 851 1924 illis
865 1860 1029 1944 lugicndurn
1047 1871 1092 1924 est
1108 1881 1154 1940 ae,
1179 1881 1269 1944 quan·

117 1969 149 2022 to
171 1969 240 2022 sunt
262 1961 292 2024 in
311 1981 413 2026 errore
432 1963 643 2048 pertinaciores
660 1963 845 2046 inventisque
865 1963 997 2044 pessimis
1015 1963 1174 2047 impensius
1191 1963 1269 2026 dclc-

116 2071 246 2141 etantur,
265 2073 345 2128 tanto
361 2085 413 2128 cos
428 2064 520 2147 magis
533 2065 688 2150 putandum
702 2074 749 2130 est
761 2063 797 2128 ah
810 2063 1083 2128 scelestissimorum
1097 2065 1269 2130 daemonum

118 2159 261 2247 Ogdoada
279 2167 431 2232 concitari.
477 2165 526 2232 Uti
542 2167 718 2252 phreneticis
733 2166 853 2244 accidit,
876 2166 939 2250 qui,
963 2188 1021 2250 quo
1036 2166 1158 2252 amplius
1174 2168 1271 2229 rident

117 2283 153 2328 ac
174 2277 280 2350 vegeto
297 2288 364 2332 esse
381 2289 504 2354 corpore
519 2271 672 2348 videntur,
697 2269 850 2352 ornatisque
865 2287 920 2332 ceu
935 2269 1066 2332 valentes
1080 2289 1116 2332 ac
1133 2267 1209 2345 sani,
1233 2287 1268 2332 ao

117 2368 261 2432 nonnulla
280 2370 367 2433 etiam
385 2371 532 2455 aliquanto
549 2393 634 2456 quam
653 2373 677 2434 si
696 2371 759 2436 sani
779 2381 879 2434 essent
896 2369 1061 2447 robustius,
1084 2379 1207 2453 gerunt,
1232 2389 1268 2434 ec
1323 2413 1324 2418 κ

117 2489 189 2534 sese
208 2471 337 2536 deterius
354 2471 472 2536 hahcut.
518 2471 662 2538 Similiter
683 2475 732 2538 isti
753 2494 811 2557 quo
828 2471 1029 2538 vehementius
1047 2492 1151 2556 sapere
1167 2472 1267 2536 videu-

116 2585 186 2650 tnr,
217 2593 307 2658 seque
328 2575 408 2660 ipsus
430 2589 590 2657 enervant,
623 2578 689 2641 dum
707 2577 819 2640 intentu
841 2575 923 2638 velut
939 2574 1037 2638 acrius
1059 2595 1129 2638 arcu
1148 2574 1268 2658 sagittas

116 2675 273 2753 emittunt,
296 2695 333 2738 ec
351 2676 460 2742 maiore
479 2681 599 2743 vesania
618 2688 766 2742 tenentur.
812 2674 945 2763 impurus
963 2676 1067 2761 quippe
1084 2675 1268 2760 ignorantiae

114 2777 239 2862 spiritus
256 2779 429 2862 egrediens,
458 2801 569 2864 eosque
585 2802 644 2844 non
661 2781 733 2859 deo,
763 2779 814 2844 sed
832 2779 964 2865 proianis
981 2777 1199 2863 quaestionibus
1215 2777 1268 2840 im-

114 2880 242 2964 plicatos
259 2881 427 2966 reperiens,
458 2885 591 2946 odir'ditir
607 2896 709 2966 septem
727 2887 794 2946 atate
810 2888 899 2964 seipso
917 2883 1112 2964 aequioribus,
1144 2881 1266 2944 iullatis-
1280 2893 1363 2990 ppaqp

114 3003 174 3066 que
198 3003 274 3046 rana
296 2985 486 3069 persuasione
508 2987 622 3050 illorum
645 2984 767 3064 animis,
800 2985 882 3070 quusi
901 2985 949 3050 vol
966 3005 1054 3069 supra
1071 2986 1154 3048 deum
1172 2984 1265 3068 ipsum
1306 2978 1313 3002 '

115 3083 254 3148 attollere
273 3107 305 3150 se
323 3088 489 3171 cognitione
507 3089 634 3173 possint,
668 3088 715 3152 uhi
730 3089 852 3152 idoneos
868 3099 1102 3172 opportunasque
1119 3085 1267 3148 lraudihus

113 3189 181 3252 suis
198 3189 366 3268 reddiderit,
387 3191 529 3273 quandam
544 3191 710 3256 stoliditatis
723 3190 918 3275 improborum
931 3190 1082 3275 spirituum
1097 3184 1267 3272 Ogdoadem

114 3291 145 3352 in
166 3291 233 3354 illos
252 3292 390 3355 immittit.

204 3393 269 3477 Age
289 3415 360 3458 vero
379 3395 447 3458 illud
465 3395 585 3479 insuper
604 3415 803 3480 exponamus,
833 3392 1069 3476 quemadmodum
1088 3401 1202 3456 creatas
1217 3413 1266 3456 res
1279 3400 1418 3469 crpxtv.

115 3515 222 3560 omnes
244 3496 279 3558 ad
298 3517 398 3560 eurum
416 3517 490 3581 quae
507 3496 601 3560 videri
620 3507 768 3580 nequeunt
784 3495 1000 3558 similitudinem
1023 3515 1040 3556 a
1058 3494 1208 3558 conditore
1224 3493 1267 3558 sio

114 3598 275 3682 productas
293 3610 441 3678 asserant,
457 3609 498 3668 ¹ut
513 3619 548 3660 eo
565 3599 630 3682 quid
648 3608 750 3682 ageret
766 3597 916 3660 nesciente
932 3595 1073 3658 henehcio
1089 3592 1195 3659 Matris
1214 3617 1268 3660 ex·

115 3698 242 3763 titerint.
287 3698 434 3787 Principio
454 3702 599 3765 elementa
618 3700 665 3763 illc
686 3710 826 3784 quatuor,
859 3697 972 3780 iguem,
999 3717 1119 3780 aquam,
1145 3708 1264 3778 terrem,

113 3809 234 3880 adrem,
259 3805 293 3866 ad
312 3825 442 3867 summac
459 3803 626 3888 primaeque
645 3801 785 3866 Tetradis
802 3799 923 3884 effigiem
941 3820 1008 3862 esse
1026 3801 1182 3864 constituta
1201 3823 1268 3864 aar·

113 3914 195 3966 rant.
243 3901 373 3986 Quorum
390 3907 425 3970 ed
442 3907 583 3990 agendum
599 3904 800 3980 efficacitates,
826 3913 894 3987 puta
910 3901 1054 3979 calorem,
1079 3903 1186 3988 frigus,
1210 3903 1266 3966 sic·

114 4006 233 4069 citatem
257 4017 286 4069 ct
309 4007 476 4086 humorem,
509 4017 643 4072 exactam
666 4003 816 4090 Ogdoadis
838 4004 993 4088 imaginem
1017 4007 1140 4070 rcicrrc.
1188 4003 1264 4068 Tum

114 4107 218 4172 decem
245 4109 300 4172 hoc
325 4111 410 4174 urcdo
435 4107 565 4173 Virtutes
590 4120 773 4174 enumerant.
818 4105 948 4172 Primum
971 4118 1082 4193 septem
1108 4128 1265 4193 corporeos

148 4260 174 4313 7.
192 4259 346 4326 ignorsntiae
361 4264 428 4312 hahet
445 4264 491 4313 Vct.
506 4265 634 4327 interpres,
650 4269 676 4315 ut
741 4263 765 4313 i.
782 4265 819 4314 lto
839 4265 960 4324 rescripsi,
983 4277 1051 4312 sensu
1070 4263 1214 4323 postulante,
1238 4263 1267 4314 dt

112 4323 219 4396 ἀγνοίας
235 4333 343 4380 uideatur
360 4333 448 4394 legisse.
708 4335 845 4381 orretnritatr
865 4333 910 4380 Vei.
927 4333 1058 4392 interpretis
1075 4335 1095 4378 et
1109 4331 1267 4381 Pseudo-Ori·

150 4397 204 4446 Gar
225 4397 295 4450 XtV.
313 4425 344 4436 -
365 4401 385 4448 l.
403 4397 430 4459 ἐξ
446 4389 480 4462 rie
494 4414 539 4462 pro
555 4397 617 4464 ἑξῆς
632 4401 675 4449 ho·
707 4401 779 4462 grais.
804 4400 933 4462 Epiphanii
946 4401 999 4448 titrt
1011 4399 1121 4460 prurirent
1135 4393 1268 4464 σωματικὰ

112 4469 149 4516 het
164 4467 392 4532 Pseudo-Ortpents
405 4473 426 4518 et
441 4469 486 4520 iet.
499 4470 619 4529 interpres,
636 4469 677 4530 qut
709 4467 851 4532 κυκλοειδῆ.

113 4549 146 4584 ex
164 4549 215 4601 qua
231 4538 307 4586 uertit
