3112 4984
338 323 396 385 19ss
759 328 879 381 smmi
894 327 1063 380 ΈΡΙΡΗΔΝΙΙ

337 449 396 532 Μή
413 475 472 532 μου
495 448 605 529 ἅπτου,
633 443 719 512 οὔπω
741 444 799 533 γάρ
821 443 991 528 ἀναβέβηκα
1011 443 1089 529 πρδς
1109 444 1161 513 τδν
1179 447 1305 532 τιατίρα·
1333 447 1385 512 ’ίνα
1404 448 1486 535 δείξη

337 549 391 634 τήν
405 547 524 638 άγνείαν
538 547 681 633 άμέτογον
693 550 838 631 σωμάτων
851 551 904 614 καί
918 545 1016 634 άμιγῆ.
1041 545 1125 612 Ἀλλά
1142 550 1194 613 καλ
1207 551 1239 614 έν
1254 546 1329 637 σ”ιλλμ
1346 547 1428 638 τάπμ
1442 550 1486 614 λέ-

338 679 383 740 γει
403 655 624 738 1ττροθεσπίζον
640 649 674 717 τά
692 649 777 735 άγιον
791 656 917 732 πνεῦμα,
931 653 982 714 καί
993 647 1044 714 διά
1057 648 1129 726 τοδς
1143 652 1249 736 πρώην
1260 652 1310 717 καὶ
1328 645 1487 733 μετέπειτα,

228 785 280 830 μς.
293 771 327 816 oe.
340 760 486 840 Μακαρία
509 763 608 837 στεῖρα
625 749 646 836 ή
661 750 814 836 άμίαντος,
843 751 909 836 ήτις
923 749 978 817 οάκ
993 753 1068 836 έγνω
1089 755 1192 835 κοίτην
1215 755 1247 818 έν
1260 749 1488 839 παραπτώματι,

335 859 384 923 καί
404 855 559 940 εὐνοῦχος,
591 854 626 931 ὃς
647 852 703 919 ου’τι
725 852 878 939 εἰργάσατο
896 856 993 940 χερσὶν
1014 851 1168 937 άνάμημα·
1190 857 1240 920 λ’να
1256 856 1422 944 παρακάφη
1437 854 1488 919 καλ

338 957 374 1025 τά
395 957 446 1024 διά
466 964 519 1023 τοῦ
542 959 645 1040 μάθου
666 952 764 1022 αάτοῖν
786 957 818 1021 ἔν
838 958 936 1042 χερσλν
957 955 1220 1044 αἱσγρουργήματα.

199 1167 267 1234 Κεφ·
283 1163 321 1227 td·
424 1159 513 1229 Πόσα
530 1160 564 1226 δέ
579 1157 650 1224 άλλα
667 1159 746 1224 έστιν
763 1161 856 1225 εἰπεῖν
862 1211 871 1241 ,
895 1157 936 1236 ώς
951 1167 1006 1226 τοῦ
1022 1157 1189 1226 άτιοστάλου
1206 1159 1356 1245 λέγοντος,
1384 1154 1422 1224 Ἡ
1437 1159 1489 1242 μέν

338 1263 452 1350 άγαμος
476 1265 527 1328 καλ
550 1258 571 1345 ή
594 1260 746 1346 παρθένος
764 1269 890 1350 μεριμνᾷ
906 1261 943 1327 τά
958 1269 1012 1328 τοῦ
1027 1265 1150 1346 κυρίου,
1171 1269 1237 1338 πώς
1258 1259 1354 1347 άρέσει
1374 1267 1414 1349 τῷ
1436 1286 1489 1326 κυ-

338 1371 402 1456 ρίη.
437 1371 532 1430 Τοῦτο
549 1364 582 1429 δέ
597 1384 672 1445 φησι
688 1365 781 1440 δεῖξαι
794 1361 847 1446 τήν
862 1361 978 1450 άγνείαν
992 1366 1024 1429 έν
1039 1361 1164 1452 άληθείγ
1180 1367 1214 1430 ίκ
1228 1372 1282 1430 τοῦ
1298 1361 1385 1450 άγίου
1399 1360 1488 1428 πνεά·

339 1493 430 1552 ματος
447 1463 673 1550 έπιτρεπόμενος
696 1461 734 1530 οδ
751 1467 913 1551 παρέργως.
947 1465 1072 1532 Ἔπειτα
1095 1467 1129 1531 δὲ
1152 1468 1220 1551 περὶ
1245 1471 1304 1532 τῶν
1321 1463 1373 1530 τδν
1392 1463 1491 1550 γάμον

338 1567 465 1651 ἐχόντων
479 1565 532 1633 τάν
545 1563 653 1650 σεμνδν
669 1567 757 1651 λέγει,
785 1573 888 1650 Τίμιος
902 1565 920 1632 δ
934 1566 1030 1653 γάμος
1045 1570 1097 1633 καὶ
1110 1564 1132 1650 ή
1147 1573 1231 1650 κοίτη
1249 1564 1398 1649 α’μίαντος,
1413 1565 1490 1650 πάρ·

339 1695 410 1746 νους
422 1670 455 1734 δὲ
472 1671 523 1734 καλ
538 1665 659 1751 μοιχοδς
673 1665 797 1752 κρινεῑδ
811 1669 894 1746 θεάς.
934 1666 1019 1734 ’Λλλά
1033 1672 1084 1735 καί
1099 1666 1162 1734 κατ’
1179 1666 1279 1734 αὐτοῖν
1292 1670 1398 1756 έκβογῖ,
1419 1666 1491 1754 γρά-

340 1797 408 1852 φων
421 1769 573 1853 Ῥωμαίοις
584 1767 620 1835 τά
637 1767 742 1863 αίσηρά
754 1767 987 1850 άποκαλάπτων,
1008 1778 1069 1837 τῶν
1087 1771 1139 1848 τάς
1156 1775 1359 1856 κακοπραγίας
1375 1772 1490 1856 έργαζο-

340 1876 452 1957 μένων,
473 1875 574 1958 λέγων,
595 1875 642 1936 Αἵ
653 1897 684 1937 τε
701 1870 757 1958 γάρ
772 1872 890 1956 θήλειαι
905 1871 1003 1938 αάτών
1016 1872 1192 1957 μετήλλαξαν
1205 1871 1260 1954 τήν
1276 1869 1409 1955 φυσικήν
1420 1879 1490 1957 χρῆ·

340 1997 388 2040 σιν
405 1977 447 2051 είς
460 1972 515 2058 τήν
533 1972 615 2060 παρά
634 1975 738 2055 φάσιν·
767 1976 899 2060 καὶπερὶ
918 1983 978 2042 τών
994 1973 1128 2061 άρρένων
1142 1973 1205 2054 δτι,
1226 1971 1366 2059 Ἀρρενες
1386 1976 1417 2040 έν
1439 1972 1490 2058 δρ-

341 2098 403 2162 ρεσι
418 2075 473 2160 τήν
494 2074 713 2159 αίαχημοσάνην
734 2079 983 2162 κατεργαζόμενοι
1025 2075 1116 2142 Ἀλλά
1137 2078 1188 2142 καῖ
1206 2077 1238 2141 έν
1254 2083 1291 2166 τῇ
1308 2074 1384 2161 τιμάς
1403 2073 1492 2158 Τιμά-

340 2189 415 2245 θεον
430 2181 566 2266 ἐπιστολή
586 2179 652 2263 περί
670 2175 785 2244 τοάτων
799 2180 874 2265 λέγει
887 2178 948 2258 δ’τι,
975 2177 1026 2244 Ἐν
1043 2181 1176 2262 έσχάταις
1195 2175 1319 2265 ήμέραις
1338 2175 1491 2260 ἐνστήσον-

341 2307 389 2347 ται
404 2282 504 2366 καιροῖ
522 2283 653 2362 χαλεποί·
684 2281 800 2345 ἔσονται
815 2278 871 2366 γάρ
888 2283 919 2345 οῖ
937 2279 1095 2366 ἅνθρωποι
1111 2279 1269 2364 φιλήδονοι
1285 2287 1392 2363 μᾶλλον
1405 2279 1428 2363 ἢ
1443 2305 1494 2360 φι-

341 2383 450 2450 λόθεοι.
495 2384 557 2446 Καλ
572 2379 674 2458 πάλιν,
705 2383 889 2448 Κωλυάντων
912 2391 1030 2468 γαμεῖν,
1062 2381 1222 2466 άπέγεσθαι
1242 2381 1422 2466 βρωμάτων,
1446 2406 1493 2447 κε·

341 2485 601 2569 καυπγριασμέυων
618 2481 672 2567 τήν
688 2487 869 2566 συνείδησιν·
895 2481 944 2550 ὅτι
966 2483 1000 2550 τδ
1018 2485 1070 2567 μὲν
1084 2493 1188 2570 γαμεῖν
1207 2483 1278 2568 μετά
1297 2483 1495 2570 σωφροσύνης

341 2589 393 2652 καλ
410 2595 592 2672 τεκνογονεῖν
607 2585 769 2666 κωλάουσι,
797 2585 951 2669 καιδμενοι
972 2587 1006 2651 δέ
1023 2589 1077 2652 είσι
1098 2595 1134 2676 τῇ
1151 2584 1314 2670 συνειδήσει
1338 2585 1496 2672 λαγνεάον-

341 2711 390 2762 τες
405 2688 457 2769 μὲν
471 2689 522 2752 καλ
539 2687 743 2772 φθειρόμενοι,
767 2686 929 2764 κωλύοντες
941 2689 972 2754 δὲ
985 2697 1177 2774 τεκνογονεῖν.
1206 2691 1267 2753 Καί
1282 2686 1336 2775 γάρ
1349 2689 1400 2753 καλ
1416 2685 1495 2770 αάτή

342 2785 364 2870 ή
379 2785 447 2874 παρ’
462 2785 564 2864 αάτοῖς
576 2792 716 2875 λεγομένη
732 2794 826 2855 θυσία
843 2789 1038 2876 βορβορώδης
1052 2817 1097 2866 τις
1112 2783 1187 2856 οὖσα
1201 2789 1260 2875 ήδη
1280 2793 1331 2856 καλ
1349 2787 1408 2855 άπδ
1433 2797 1496 2856 τών

343 2887 491 2956 άνέκαθεν
507 2889 557 2955 διά
578 2898 633 2956 τοῦ
648 2890 806 2975 προφήτου
821 2889 1030 2958 άποδείκνυται
1043 2889 1143 2974 ὄφεως
1159 2885 1234 2958 οάσα
1251 2891 1339 2978 σάρξ,
1360 2893 1411 2956 καλ
1426 2890 1496 2975 οάχλ

342 2999 398 3058 τοῦ
411 2996 535 3078 κυρίου,
557 2990 598 3075 μή
617 2993 746 3078 γένοιτο,
768 2993 903 3080 λέγοντος
919 2992 1015 3070 οὕτως
1027 2993 1089 3074 δτι,
1117 2993 1164 3060 Σά
1182 2996 1361 3080 συνέτριψας
1376 2991 1431 3069 τάς
1450 3019 1500 3058 ιτε-

344 3093 441 3174 φαλάς
455 3101 509 3160 τοῦ
524 3092 700 3179 δράκοντος,
729 3097 779 3162 καλ
803 3098 918 3172 ἔδωκας
940 3093 1030 3162 αάτδν
1052 3101 1157 3183 βρῶμα
1173 3105 1256 3173 λαοῖς
1270 3106 1334 3174 τοῖς
1348 3098 1498 3178 Αίθίοψι.

345 3202 457 3282 Βρσῖμα
478 3193 534 3282 γάρ
554 3192 595 3273 ώς
617 3193 737 3278 άληθώς
758 3197 857 3279 ὄφεως
878 3195 899 3280 ή
920 3196 1033 3264 τούτων
1057 3196 1174 3284 μυσαρά
1189 3203 1351 3284 θρησκεία,
1373 3200 1426 3264 καλ
1441 3202 1502 3262 Λί-

343 3303 452 3374 θίοπες
472 3301 704 3383 μσμελανωμένσι
728 3306 763 3389 τῇ
787 3296 916 3388 άμαρτίρι
938 3304 969 3366 οί
992 3299 1101 3382 ταύτην
1124 3299 1180 3384 τήν
1207 3299 1342 3383 ιτελετήν
1359 3307 1414 3366 τοῦ
1443 3309 1503 3366 νῦν

346 3401 399 3484 μέν
412 3404 552 3484 δαίμονος
567 3400 653 3483 Διδς,
676 3404 765 3468 πάλαι
781 3402 812 3466 δὲ
828 3401 948 3487 γόητος,
970 3410 1024 3467 τοῦ
1038 3401 1119 3486 παρά
1134 3423 1192 3468 τισι
1208 3411 1285 3469 θεοῦ
1301 3401 1396 3487 μάτην
1414 3428 1502 3468 νενο·

346 3503 503 3585 μισμένου,
525 3511 680 3581 τελοῦντες.
722 3501 771 3570 Ἐκ
793 3501 849 3590 γάρ
869 3500 1050 3586 Ἑλληνικῶν
1072 3502 1180 3588 μάθων
1206 3511 1299 3571 πᾶσαι
1320 3509 1354 3570 αι’
1372 3507 1506 3592 αἱρέσεις

346 3603 507 3682 συνάξασαι
528 3607 646 3682 έαυταῖς
671 3604 725 3690 τήν
749 3607 863 3688 πλάνην
887 3609 1062 3689 κατέβαλον,
1090 3607 1322 3690 μεταποιήσασαι
1343 3609 1386 3685 είς
1410 3605 1508 3690 ἄλλην

348 3704 481 3772 διάνοιαν
502 3712 625 3792 χείρονα.
671 3709 909 3796 Παρειςφέρουσι
925 3707 980 3793 γάρ
997 3711 1029 3774 οἱ
1045 3711 1166 3792 ποιηταὶ
1181 3708 1232 3776 τδν
1248 3714 1307 3776 Δία
1324 3708 1377 3793 τήν
1392 3717 1508 3794 Μήτιν

349 3809 500 3892 θυγατέρα
513 3811 620 3876 ἑαυτοῦ
635 3809 826 3876 καταπιόντα.
870 3813 989 3896 Βρέφος
1006 3810 1039 3877 δί
1056 3808 1112 3876 οάκ
1129 3810 1165 3876 άν
1180 3817 1334 3892 καταπίοι,
1357 3809 1397 3888 ώς
1414 3815 1473 3878 καλ
1491 3809 1511 3879 δ

221 3941 274 3988 μς.
287 3929 321 3974 τε.
349 3907 433 3993 δι’γιος
446 3909 570 3993 Κλήμης
583 3920 749 3998 καταγελών
760 3919 813 3997 τῆς
824 3919 884 3978 τοῖν
898 3920 980 3978 θεαῖν
996 3919 1054 3978 τών
1068 3909 1219 3997 Ἑλλήνων
1237 3915 1452 4000 αἰσχρουργίας
1470 3913 1512 3982 tl·

350 4033 419 4088 πεν,
448 4008 493 4074 ὅτι
508 4010 563 4093 τήν
580 4021 683 4096 Μήταν
703 4012 856 4081 καταπιών
875 4011 941 4098 οάηλ
959 4017 1072 4102 βρέφος
1085 4013 1213 4100 ήδάνατο
1235 4025 1405 4096 καταπιεῖν,
1431 4016 1512 4084 ἄλλά

349 4111 403 4195 τήν
423 4109 515 4198 γονήν
535 4112 589 4196 τήν
606 4117 691 4182 ίδίαν.

386 4371 444 4422 (λιν.
459 4370 517 4422 XV.
537 4397 569 4409 —
595 4371 617 4422 λ.
638 4373 711 4436 Vulgo
727 4375 908 4440 προθεσπίζων.
940 4375 1237 4510 Μῦᾐὲνήαῦἡή.
1263 4379 1321 4429 (ῖσδ.
1336 4377 1442 4442 Rhodia.
1457 4396 1517 4432 σακε
