3100 4984
302 273 365 340 418
731 289 850 342 σιυσσι
871 290 1036 342 ειιιιιιιιιι

303 400 372 470 ἅλλα
386 429 414 470 τι
428 401 479 482 δν,
501 401 574 469 ὀλλδ
587 403 693 490 γόητος
708 401 741 470 τό
759 407 853 491 ἔργον.
900 411 998 484 Ποῖος
1010 406 1066 492 γδρ
1082 404 1155 490 ἡμῖν
1170 411 1268 493 τρίτος
1281 407 1356 486 θεός
1370 407 1462 492 κύρε-

303 527 381 586 στιν,
404 509 437 572 ίκ
452 505 507 573 δύο
521 509 680 584 συσταθεὶς
693 504 890 592 ὀμοιομόταν,
913 512 964 576 καλ
976 507 1046 576 οὔθ’
1060 512 1158 596 ἕτερος
1173 509 1215 576 σ’ίν
1229 518 1289 577 τῶν
1303 509 1370 591 δύο,
1393 510 1463 578 οὔτε

303 607 358 691 τὴν
373 613 480 675 κακίαν
493 611 567 693 ίχιον
580 612 633 675 καλ
649 608 780 691 οίδικίαν,
810 608 852 687 ιύς
867 614 957 694 ἔφης,
988 611 1057 678 ούτε
1071 612 1126 697 τόν
1142 611 1316 700 ύγαθότητα
1330 617 1383 681 καί
1398 641 1461 696 φα-

303 710 401 796 τιινήν
419 711 541 793 ούσίαν,
570 717 741 797 μεσαίτατος
757 714 789 779 δδ
806 711 850 779 ιδν
864 718 994 792 δίκαιοςς
1025 717 1086 780 Καί
1101 715 1157 802 γδρ
1173 715 1296 802 ὀληθσῑς
1310 715 1464 804 α’λλότριος

303 814 346 882 οἷν
360 814 457 900 πόσης
474 815 666 898 δικαιοσύνης
680 815 801 892 εἰκότας
815 815 931 902 α’γνοεῖς
945 821 973 882 τί
988 820 1061 884 ποτέ
1075 821 1136 884 ίστι
1149 819 1339 902 δικαιοσύνη,
1361 822 1464 906 ἑτέραν

301 917 394 1003 αύτόν
408 917 489 1005 παρὰ
504 917 559 1002 τὴν
571 916 747 1004 α’γαθότητα
760 923 895 1002 νομίζων.
930 920 1016 986 Πολύ
1030 922 1062 986 δὲ
1074 921 1248 1013 ίλεγγθὴσγγ,
1266 913 1291 987 οί
1304 924 1463 1008 δαδιουργδ

300 1026 352 1090 καί
375 1021 505 1109 ὀλλότριε
528 1028 581 1105 τῆς
602 1019 750 1104 οίληθείας.
798 1019 979 1105 Ούδαμόθεν
1001 1023 1057 1111 γόρ
1078 1029 1188 1109 γίνεται
1209 1023 1242 1091 τό
1264 1028 1382 1092 δίκαιον
1404 1021 1462 1089 ἀλλ’

180 1158 231 1204 μς.
244 1146 290 1192 κισ.
304 1129 334 1204 ἐξ
349 1124 553 1212 α’γαθύτητος,
574 1126 626 1191 καλ
640 1121 711 1190 ούδδ
725 1123 819 1202 ἄλλως
829 1151 875 1203 τις
889 1125 1041 1211 γενήσεται
1055 1124 1183 1214 ὀγαθός,
1206 1129 1233 1192 εί
1245 1125 1287 1211 μὴ
1302 1119 1322 1217 ᾖ
1337 1131 1460 1204 δίκαιος.

292 1227 391 1294 Ὅθεν
405 1231 456 1294 καί
469 1226 573 1312 κύριος
588 1229 718 1294 ἐπαινῶν
733 1227 787 1312 τὴν
802 1235 981 1309 νομοθεσίαν
995 1232 1047 1295 καί
1060 1228 1132 1306 τούς
1147 1227 1241 1314 αύτῆς
1251 1235 1391 1305 δικαίους
1404 1233 1461 1296 ἔλε-

301 1357 347 1419 γε,
371 1337 513 1414 Κοσμεῖτε
528 1331 599 1406 τούς
613 1329 730 1411 τάφους
745 1338 805 1396 τοῖν
818 1339 997 1417 προφητῶν,
1019 1335 1069 1398 καί
1086 1336 1269 1416 οἰκοδομεῖτε
1282 1333 1319 1400 τό
1334 1341 1463 1416 μνημεῖα

301 1442 361 1500 τῶν
375 1437 513 1513 δικαίαν,
535 1436 586 1499 καὶ
606 1437 637 1500 οί
649 1435 772 1518 πατίρες
788 1430 874 1517 ύμσῖν
889 1434 1064 1502 ὀπίκτειναυ
1081 1433 1199 1512 αύτούς.
1245 1435 1354 1502 Πόθεν
1368 1437 1402 1502 δὲ
1417 1462 1461 1521 γε-

301 1536 404 1625 γόνασι
420 1543 573 1622 προφῆται
588 1537 638 1601 καλ
658 1540 782 1616 δίκαιοι,
805 1533 863 1601 ἄλλ’
882 1535 975 1620 ἢιίπό
992 1546 1046 1622 τῆς
1060 1545 1114 1605 τοῦ
1128 1539 1242 1624 πατρός
1255 1537 1461 1625 όγαθότητοςς

302 1641 364 1706 Καὶ
379 1642 429 1705 ίνα
445 1642 526 1728 δείξη
542 1637 588 1704 δτι
605 1641 637 1704 ἐν
654 1646 694 1728 κρῖ
710 1641 789 1722 μίρει
804 1646 856 1722 τῆς
870 1637 1057 1726 ύγαθότητος
1074 1637 1092 1706 ό
1108 1645 1224 1718 δίκαιος
1243 1643 1378 1725 ἔστηκεν,
1402 1644 1462 1707 ἔλε-

300 1765 359 1828 γεν,
372 1739 495 1824 Ὅμοιοι
510 1743 631 1827 γίνεσθε
643 1749 686 1829 τῷ
700 1744 788 1824 πατρί
803 1738 888 1826 ύμῶν
903 1750 944 1832 τῷ
958 1745 990 1810 ίν
1004 1753 1067 1821 τοῖς
1080 1743 1230 1829 ούρανοῖς,
1253 1743 1297 1810 ότι
1312 1742 1461 1810 ὀνατέλλει

222 1829 225 1837 ’
301 1843 353 1910 τόν
370 1843 453 1926 ἥλιον
470 1841 562 1910 αύτοῦ
584 1846 633 1910 ἐπὶ
652 1841 790 1930 α’γαθούς
810 1848 862 1910 καί
879 1845 1046 1930 πονηρούς,
1077 1849 1127 1912 καί
1145 1848 1241 1933 βρίχει
1259 1849 1309 1913 ἐπὶ
1324 1849 1464 1923 δικαίους

191 2013 195 2025 ,
301 1949 352 2013 καί
368 1945 507 2024 ιίδίκους·
529 1949 580 2013 ’ίνα
595 1949 675 2038 δείξη
688 1945 721 2014 τό
737 1951 853 2014 δίκαιον
868 1946 994 2034 ὀγαθόν,
1016 1951 1068 2014 καλ
1082 1947 1115 2016 τό
1130 1947 1250 2036 ὀγαθόν
1263 1953 1390 2031 δίκαιον,
1408 1953 1462 2016 καλ
1544 2024 1545 2052 ρ

301 2048 334 2117 τό
353 2045 486 2135 πονηρόν
503 2048 624 2129 ίίδικον,
653 2051 703 2116 καλ
720 2049 752 2116 τό
772 2048 878 2116 ίίδιιιον
894 2049 1034 2136 πονηρόν.
1083 2050 1144 2135 Τιίν
1161 2053 1194 2118 δὲ
1211 2051 1392 2135 διτιπλοκήν,
1423 2053 1464 2136 ἣν
1544 2065 1545 2128 ι

301 2155 392 2237 ἔφης,
414 2159 467 2218 τοῦ
486 2151 580 2235 νόμον
595 2150 632 2219 ού
650 2149 775 2218 δύνασαι
793 2150 954 2231 α’ποδεῖξαι.
994 2150 1106 2230 Ἑόλας
1120 2153 1176 2240 γόρ
1191 2162 1387 2235 συκοφαντῶν
1406 2155 1466 2222 τόν
1544 2177 1545 2234 3

300 2255 411 2339 νόμον,
433 2254 598 2338 διιιιτλοκην
613 2281 678 2322 τινα
693 2252 773 2344 αύτῷ
791 2254 984 2338 προςύπτοιν,
1006 2255 1057 2322 διδ
1072 2255 1105 2323 τό
1124 2259 1271 2343 είρηκίναι
1286 2255 1337 2323 τόν
1351 2255 1465 2340 νόμον,
1544 2263 1545 2274 ³

299 2355 480 2440 Ὀφθαλμόν
496 2355 559 2424 όντλ
577 2355 754 2440 ὀφθαλμοῦ,
777 2360 827 2424 καί
844 2355 952 2424 ὀδόντα
969 2356 1034 2424 σίντῖ
1051 2357 1190 2438 ὀδόντος,
1212 2362 1264 2426 καί
1281 2357 1383 2442 ίιιειδύ
1401 2385 1465 2440 φο-

301 2459 378 2527 νεύει
402 2457 420 2526 δ
440 2459 532 2544 νόμος
552 2459 604 2526 τόν
623 2458 780 2543 φονευτήν.
822 2457 908 2526 Ἀλλὰ
931 2464 961 2539 ίξ
983 2459 1076 2545 αὐτῆς
1096 2469 1150 2546 τῆς
1170 2469 1224 2528 τοῦ
1245 2467 1350 2546 κυρίου
1371 2457 1467 2544 ἡμῶν
1544 2477 1545 2538 ί

297 2558 395 2644 Ἰησοῦ
413 2569 542 2647 Χριστοῦ
558 2567 757 2648 πραγματείας
771 2561 955 2646 δειχθήσεται
972 2562 1018 2631 ότι
1034 2560 1090 2630 ούκ
1106 2563 1252 2648 ίπικλοιιή
1266 2590 1311 2640 τις
1326 2555 1374 2645 ἦν,
1398 2562 1466 2632 ἄλλ’

299 2659 321 2746 τί
336 2660 412 2747 αύτὴ
428 2657 466 2747 ἦν
480 2669 643 2746 νομοθεσία
657 2667 707 2730 καλ
721 2663 755 2730 τό
771 2662 842 2730 αύιύ
857 2669 969 2751 ἐνεργεῖ
979 2674 1015 2756 τῇ
1028 2663 1088 2733 ύπό
1102 2673 1157 2733 τοῦ
1171 2673 1305 2749 σωτῆρος
1316 2668 1465 2758 είρημίνῃ
1544 2685 1545 2720 4

301 2768 413 2855 ἐντολῇ,
436 2765 480 2845 τό,
500 2764 572 2832 ’mv
584 2771 628 2842 τίς
641 2789 673 2832 σε
687 2765 821 2857 τυπτήση
838 2771 879 2844 είς
892 2765 947 2851 τόν
962 2765 1061 2846 δεξιόν
1074 2767 1207 2853 σιαγόνα,
1232 2771 1363 2855 στρέψον
1374 2767 1465 2860 αύτῷ

299 2870 350 2934 καὶ
365 2867 418 2950 τὴν
434 2866 528 2950 δ’λληυ.
573 2871 634 2934 Καὶ
649 2866 668 2934 ό
683 2867 775 2952 νόμος
789 2869 880 2936 πύλαι
893 2877 981 2936 τοῦτο
995 2870 1185 2950 κατεσκεύαζε
1199 2873 1300 2958 λόγων,
1318 2868 1464 2951 Ὀφθαλρ

301 2969 358 3055 μόν
376 2967 441 3036 ύντλ
458 2968 638 3054 ὀφθαλμοῦ,
660 2973 805 3047 τουτέστι,
828 2974 968 3058 Στρίψον
983 2971 1063 3062 αύτῷ
1079 2971 1134 3056 την
1152 2973 1283 3061 σιαγόνα
1318 2971 1383 3044 Ἵνα
1400 2973 1464 3063 γὰρ

300 3071 442 3159 διαφύγοι
467 3072 486 3138 ῖί
509 3072 604 3140 πόθοι
627 3073 665 3141 δν
685 3077 713 3139 εί
732 3074 848 3158 πληξει,
878 3085 998 3162 παρεῖχε
1020 3075 1074 3159 τήν
1095 3075 1219 3161 σιαγόνα
1244 3083 1285 3166 τῷ
1307 3075 1464 3159 τύπτοντι,
1544 3071 1545 3074 “

301 3174 386 3254 είδοίς
407 3175 454 3243 ὅτι
476 3178 503 3242 εί
522 3174 627 3259 ὀφίλοι
648 3174 822 3261 ὀφθαλμόν,
844 3176 881 3244 τό
903 3176 978 3244 αύτιί
999 3183 1128 3246 κείσεται
1149 3178 1199 3246 διιί
1220 3176 1272 3245 τόν
1294 3178 1395 3262 νόμον.

302 3482 500 3572 ύρμοζόμενος
522 3489 677 3570 προβαίνει
701 3493 737 3575 τῇ
762 3489 898 3574 παιδείγ,
928 3490 980 3554 καί
1003 3484 1060 3552 ούιι
1082 3489 1154 3562 ίσιυς
1171 3484 1205 3552 τό
1223 3484 1330 3572 μικρόν
1346 3489 1462 3572 βρίφος

301 3587 435 3653 παιδεύει
449 3595 491 3676 τῷ
506 3593 664 3677 μειρακίῳ,
687 3586 757 3654 ούδδ
771 3588 804 3654 τό
824 3587 976 3674 μειράκιον
992 3584 1131 3666 οίςαύτας
1147 3595 1188 3676 τῷ
1205 3591 1365 3678 νεανίσκῳ,
1388 3587 1462 3658 oum

301 3686 354 3754 τόν
369 3694 484 3755 νεανίαν
496 3697 537 3780 τῷ
551 3696 647 3780 τελείῳ
661 3688 759 3776 ιίνδρί,
782 3688 853 3756 ύλλδ
867 3698 908 3781 τῷ
921 3692 973 3774 μίν
985 3688 1153 3780 ύποτιτθίῳ
1167 3689 1217 3758 διδ
1231 3690 1379 3758 δακτύλου
1390 3717 1459 3758 παι·

303 3793 366 3855 δεία
381 3795 500 3874 γίνεται,
522 3797 631 3882 παιδίῳ
648 3795 680 3858 δὲ
695 3799 801 3874 μείζονι
817 3793 867 3860 δίιί
882 3792 977 3878 χειρός
993 3797 1184 3878 δανείσματος,
1206 3798 1348 3884 μειρακίῳ
1363 3795 1396 3860 δὲ
1408 3795 1461 3862 διό

303 3890 434 3976 ίμοίντος,
454 3900 597 3985 νεανίσκῳ
611 3894 661 3961 διό
677 3894 802 3982 ῥάβδου,
825 3893 913 3979 ὀνδρλ
927 3897 960 3962 δὲ
974 3899 1122 3979 ἐκδίκησις
1135 3903 1196 3963 τοῖν
1209 3895 1351 3978 μειζόνων
1365 3923 1460 3982 παρα·

302 3992 468 4078 πτωμάτων
490 3996 617 4081 μάχαιρα
639 3997 688 4064 διό
710 3997 823 4081 νόμον,
853 3997 948 4075 οὕτως
968 4001 1019 4064 καί
1041 3996 1059 4064 ό
1081 3998 1184 4086 κύριος
1202 4001 1269 4083 ἑξῆς
1289 4001 1461 4084 ίνομσθῖτει

304 4095 412 4189 ίκοίστη
434 4104 518 4186 γενεᾷ
540 4097 576 4162 τό
598 4097 769 4182 δρμόζσυτα.
811 4098 962 4177 Ἐκείνους
983 4101 1037 4184 μίν
1060 4100 1117 4186 γόρ
1143 4100 1231 4190 φόβῳ
1254 4101 1461 4186 ἒσωφρύυιζεν,

305 4197 346 4276 ιός
362 4204 494 4276 παιδίοις
509 4209 626 4283 μικροῖς
640 4200 854 4289 διαλεγόμενος,
876 4205 927 4268 καλ
942 4200 1081 4289 ύγνοοῖισι
1094 4201 1148 4286 τήν
1164 4201 1293 4286 δύναμιν
1306 4213 1360 4272 τοῦ
1374 4202 1462 4291 α’γίσν

304 4302 480 4386 πνεύματος,
497 4300 566 4378 τούς
580 4304 612 4368 δὲ
625 4310 751 4381 τελείους
763 4310 878 4372 τελείαν
890 4302 976 4389 Ιιίξίου
990 4309 1167 4392 μυστηρίου.
1199 4308 1260 4371 Καὶ
1275 4309 1307 4372 δν
1319 4315 1363 4396 τῷ
1376 4305 1462 4396 εύαγ-

186 4417 292 4480 γιραπ.
305 4409 389 4492 γελίῳ
403 4403 458 4490 γόρ
473 4403 551 4472 oiim
566 4430 631 4482 ποις
642 4407 715 4492 λίγει
731 4416 794 4484 τοῖς
807 4417 958 4492 μαθηταῖς
971 4411 1003 4476 ἐν
1017 4416 1136 4484 πολλοῖς
1146 4405 1262 4486 τόποις·
1283 4407 1348 4478 Ούιτ
1363 4414 1464 4480 οἴδατε
