3106 4990
301 279 363 342 512
385 288 390 297 '
723 290 847 344 sfflcm
865 289 1033 344 ΒΡΙΡΗΑΝΙΙ

303 407 400 474 Πάλιν
416 409 448 474 δέ
463 405 531 474 ἀλλο
546 405 761 494 συνταγμάτων
777 407 955 475 πλάττουσιν
970 411 1000 487 έξ
1017 406 1162 493 όνόματος
1180 407 1305 476 Παύλου
1319 414 1376 476 τοῦ
1389 405 1466 476 ἀττι-

302 510 424 590 στόλοο,
456 508 669 596 ἀρρητουργίας
687 512 833 594 ἔμπλεων,
863 503 888 599 ᾧ
907 513 958 577 καλ
975 515 1007 578 σί
1021 514 1184 580 Γνωστικσλ
1200 511 1355 597 λεγόμενοι
1368 519 1464 596 χρᾶν

301 639 367 690 ται,
394 612 413 678 δ
427 610 619 696 ’Δναβατιιιόν
638 612 763 679 Παύλου
778 621 915 692 καλοῦσι,
947 612 1002 698 τάν
1015 614 1169 700 πρόφασιν
1184 611 1319 700 εύρόντες
1333 612 1397 680 ἀπό
1410 619 1464 680 τοῦ

226 754 232 766 ·
260 751 265 761 ·
302 717 394 800 λέγειν
406 713 460 782 τδν
474 713 640 782 ἀπόστολον
655 713 871 800 ἀναβεβηκέναι
886 719 942 793 ἕως
955 721 1055 801 τρίτου
1072 715 1214 802 ούρανοῦ,
1235 720 1287 782 καλ
1302 714 1463 800 ἀκηκοέναι

301 816 415 902 ἀρρητα
433 817 566 903 βήματα,
597 817 689 884 ἀοόκ
709 817 775 896 έξδν
793 816 947 908 ἀνθρώπῳ
963 826 1093 904 λαλῆσαι.
1138 822 1198 885 Καὶ
1216 827 1326 898 ταῦτα,
1358 822 1462 901 φασίν,

208 934 211 950 “
302 922 362 986 ίστλ
383 918 418 986 τά
441 919 553 1006 ἀρρητα
575 919 700 1006 βήματα,
746 920 930 988 Διδάσκουσι
947 923 979 988 δὲ
996 930 1089 988 ταῦτα
1106 925 1157 988 καλ
1174 920 1210 988 τά
1224 929 1363 1002 τοιαῦτα,
1392 920 1464 996 τούς

167 1057 175 1073 ·
302 1021 452 1108 πονηρούς
466 1029 614 1106 τιμῶντες,
637 1025 687 1090 καὶ
702 1021 774 1100 τούς
788 1021 925 1109 ἀγαθούς
939 1023 1180 1112 ἀπαγορεύοντες.
1225 1021 1314 1090 Εἶναι
1329 1023 1399 1110 γάρ,
1422 1020 1463 1100 τός

302 1135 462 1210 προεῖπον,
492 1123 544 1191 τδν
567 1125 647 1192 Κάϊν
666 1134 718 1210 τῆς
740 1129 927 1212 ἰσχυροτέρας
949 1125 1129 1211 Δυνάμεοις,
1159 1129 1210 1194 καλ
1231 1125 1284 1192 τόν
1298 1125 1390 1210 ’Δβελ
1410 1134 1463 1208 τῆς

187 1275 192 1284 ·
303 1226 521 1313 ἀσθενεστέρας.
569 1228 685 1306 Ταύτας
701 1231 734 1296 δέ
749 1228 801 1305 τάς
817 1228 968 1314 Δυνάμεις
983 1237 1020 1319 τῇ
1033 1227 1103 1317 έλύμ
1116 1235 1352 1314 προςιτλακείσας
1369 1255 1462 1318 γεγεν-

247 1327 258 1352 ⁸
303 1333 424 1414 νηκέναι
440 1330 492 1396 τόν
510 1329 590 1398 Κάϊν
607 1335 659 1398 καλ
674 1329 838 1416 τδν”Αβελ,
868 1335 919 1398 καὶ
936 1331 1013 1398 είναι
1026 1341 1081 1415 τῆς
1098 1333 1151 1414 μέν
1166 1329 1219 1399 τόν
1236 1331 1331 1411 Κάϊν,
1360 1332 1462 1414 τῆςδέ

180 1450 184 1459 “
302 1433 461 1516 τόν”Αβελ.
506 1431 596 1500 Εἶναι
618 1435 650 1499 δὲ
672 1432 723 1499 τόν
739 1432 831 1520 Ἀδάμ
850 1437 902 1501 καλ
921 1433 974 1518 τὴν
991 1433 1079 1500 Εύαν
1095 1433 1155 1502 ἀπό
1174 1433 1396 1502 τῶντοιούτων
1413 1440 1459 1500 δυ

199 1529 213 1566 “’
303 1536 436 1620 νόμεων,
466 1541 562 1604 είτουν
584 1534 727 1623 ἀγγέλων,
758 1541 1001 1623 γεγεννημένους,
1030 1538 1082 1604 καί
1099 1535 1168 1613 τούς
1182 1539 1380 1623 γεννηθέντας
1396 1545 1461 1602 καλ

185 1667 193 1682 ·
304 1645 373 1720 δας,
398 1639 478 1706 Κάϊν
492 1642 522 1706 τέ
536 1667 614 1724 φημι
629 1637 793 1722 καλ”Δβιλ,
816 1642 912 1726 ἐρίσαι
929 1639 1006 1726 πρός
1018 1638 1176 1724 ἀλλήλους,
1199 1641 1251 1706 καλ
1263 1638 1316 1708 τόν
1332 1665 1461 1730 γεγεννη-

304 1745 394 1828 μένον
412 1740 471 1808 ἀπδ
492 1745 611 1828 ἰσχυρᾶς
628 1741 791 1825 Δυνάμεως
808 1745 1024 1824 πεφονευκέναι
1044 1740 1097 1810 τόν
1117 1741 1177 1810 ἀπό
1195 1751 1248 1826 τῆς
1263 1741 1388 1826 ἥττονος
1401 1751 1461 1808 Δυ-

180 1872 192 1895 “
246 1869 252 1874 ·
303 1845 418 1930 νάμεοις
439 1847 488 1910 καλ
511 1843 730 1931 ἀσθενεστέρας.

168 1967 236 2034 Κεφ·
253 1962 285 2032 γ’·

183 2063 233 2108 m·
247 2047 291 2092 λθ·

394 1947 436 2014 Τά
455 1949 487 2014 δὲ
503 1946 578 2014 αύτά
596 1946 724 2031 μυθολδη
740 1951 790 2014 καὶ
808 1940 893 2014 οὗτοι
909 1951 1129 2033 παραπλέκουσι
1146 1956 1183 2038 τῇ
1203 1950 1272 2034 περὶ
1289 1955 1347 2014 τῶν
1363 1945 1462 2014 αύτολν

307 2056 488 2139 δηλητηρίων
504 2059 555 2134 τῆς
571 2049 716 2136 ἀγνωσίας
732 2051 827 2130 δόσει,
850 2060 913 2128 τοῖς
930 2053 1122 2132 πειθομένοις
1139 2050 1395 2136 ἐπιβουλεύοντες·
1419 2049 1462 2116 ότι

307 2160 354 2222 δεῖ
365 2154 462 2221 πόντα
478 2152 641 2240 ἀνθρωπον
655 2156 748 2243 ἑαυτῷ
764 2155 883 2221 ἑλέσθαι
898 2154 950 2238 τήν
967 2156 1156 2240 ἰσχυροτέραν
1170 2153 1322 2236 Δύναμιν,
1345 2155 1398 2220 καλ
1411 2159 1463 2234 τῆς

303 2259 427 2342 ἥττονος
445 2259 494 2322 καί
514 2254 622 2322 ἀτόνου
640 2253 888 2343 ἀποχωρίζεσθαι,
910 2259 1038 2324 τουτέστι
1056 2263 1109 2339 τῆς
1126 2254 1177 2324 τδν
1194 2254 1322 2340 ούρανδν
1337 2253 1460 2338 ποιησό-

276 2353 279 2367 ⁶
305 2382 373 2444 ⁶123,
402 2362 453 2432 καὶ
469 2358 523 2443 την
540 2359 635 2446 σάρκα
649 2361 702 2426 καλ
717 2357 770 2426 τόν
784 2358 911 2443 κόσμον,
940 2361 993 2426 καλ
1007 2356 1197 2444 ὑπερβαίνειν
1215 2363 1257 2436 είς
1272 2357 1309 2424 τά
1326 2355 1461 2424 ἀνύτειν

306 2463 356 2531 διά
368 2471 421 2546 τῆς
434 2469 487 2528 τοῦ
505 2469 635 2549 Χριστοῦ
649 2460 847 2548 σταοριόσεως.
880 2461 940 2528 Διά
955 2459 1010 2549 γάρ
1024 2469 1122 2542 τοῦτο,
1144 2463 1262 2542 ιφασίν,
1277 2453 1371 2544 ἦλθεν
1386 2459 1460 2528 ἀνω·

306 2578 376 2646 θεν,
398 2570 448 2631 ἵνα
466 2567 498 2630 έν
517 2563 596 2654 αύτῷ
614 2567 785 2654 ἐπιτελεσθῇ
802 2563 937 2648 Δύναμις
954 2564 1073 2650 ίσχυρά,
1094 2563 1168 2632 κατά
1185 2572 1238 2648 τῆς
1252 2562 1461 2647 ἀσθενεστέρας

308 2667 472 2750 Δυνάμεως
487 2669 520 2734 τό
538 2667 680 2754 τρόπαιον
694 2671 826 2751 λαβοῦσα
841 2669 893 2732 καλ
908 2666 941 2734 τύ
958 2675 1043 2751 σῶμα
1058 2671 1243 2754 παραδοῦσα.
1287 2669 1348 2732 Καὶ
1364 2670 1397 2734 ολ
1410 2668 1461 2750 μέν

307 2767 406 2836 αὐτῶν
423 2779 510 2836 τοῦτο
526 2773 675 2856 λέγουσιν,
698 2769 778 2836 ἀλλοι
795 2770 827 2834 δέ
844 2768 923 2836 ἀλλα.
970 2774 1010 2836 Ολ
1024 2771 1077 2853 μέν
1090 2769 1146 2856 γάρ
1160 2771 1276 2855 λέγουσι
1290 2766 1341 2834 διά
1357 2768 1391 2836 τό
1409 2793 1461 2834 πα-

306 2872 398 2960 νηρδν
414 2870 489 2938 είναι
505 2871 558 2940 τόν
577 2873 707 2959 Χριστόν
723 2876 933 2957 παραδοθῆναι
949 2870 1041 2939 αὐτόν
1056 2871 1116 2940 ύπδ
1131 2879 1210 2938 ’τοῦ
1223 2869 1337 2953 Ἰούδα,
1359 2867 1461 2956 βουλό-

307 3002 395 3061 μενον
413 2977 598 3060 διαπρέπειν
619 2974 655 3040 τά
672 2974 747 3040 κοτά
765 2973 818 3042 τόν
836 2973 937 3060 νόμον.
979 2973 1152 3042 Ἑκαινοῦσι
1170 2973 1227 3061 γάρ
1243 2973 1296 3040 τόν
1316 2974 1397 3040 aar»
1413 2973 1461 3038 καί

305 3078 358 3146 τόν
371 3077 498 3156 Ἰούδαν,
522 3077 562 3155 ἀς
576 3081 663 3160 έφην,
683 3079 733 3144 καλ
746 3080 872 3164 λέγουσι,
900 3077 1014 3144 Τούτου
1027 3081 1124 3145 ένειιεν
1137 3079 1350 3162 παραδέδωκεν
1362 3074 1461 3152 αύτδν,

307 3183 407 3266 έπειδή
429 3180 571 3266 ἠβούλετο
592 3179 748 3246 καταλύειν
775 3179 811 3246 τά
833 3187 930 3257 καλῶς
951 3183 1151 3267 δεδιδαγμένα.
1192 3178 1293 3246 Ἀλλοι
1317 3180 1350 3246 δέ
1380 3185 1461 3244 Ιτόν

308 3287 407 3352 αύτολν
421 3283 486 3370 ούχί
501 3306 619 3366 φασιν,
632 3281 702 3348 ἀλλά
719 3281 837 3369 ἀγαθόν
850 3281 941 3350 αύτόν
958 3282 1032 3351 ὅντα
1046 3285 1199 3368 παρέδωκε
1215 3281 1290 3348 κατά
1305 3281 1359 3365 τήν
1373 3284 1459 3348 έκον-

307 3388 411 3474 ράνιον
426 3393 541 3474 γνῶσιν.
577 3385 732 3472 ’Ἑγνωσαν
746 3385 818 3472 γάρ,
841 3388 973 3468 4φασίν,
996 3385 1190 3472 οἷ”Αργοντες
1203 3384 1264 3464 ότι,
1286 3381 1374 3454 έάνό
1393 3391 1460 3470 Χρι-

307 3491 375 3568 στός
396 3495 559 3579 παραδοθῇ
583 3497 716 3578 σταυρῷ,
747 3496 885 3554 κενοῦται
906 3487 1005 3554 αὐτῶν
1027 3487 1047 3571 ἡ
1071 3487 1225 3572 ’ἀσθενής
1244 3487 1383 3572 δύναμις·
1414 3488 1460 3552 καί

306 3601 411 3672 τοῦτο,
444 3595 559 3674 ὅφασί,
587 3590 677 3678 γνούς
699 3589 717 3656 ό
736 3589 850 3667 Ἰούδας
874 3593 995 3658 ἔσπευσε
1019 3593 1069 3656 καί
1094 3592 1192 3657 πόντα
1214 3594 1360 3674 ίκίνησεν,
1392 3589 1461 3667 ὅςτε

309 3701 498 3781 παραδοῦναι
518 3693 626 3774 αύτόν,
658 3691 778 3780 ἀγαθόν
798 3695 885 3778 έργυν
906 3694 1033 3776 ποιήσας
1054 3692 1124 3777 ἡμῖν
1146 3697 1187 3771 είς
1204 3698 1357 3778 σωτηρίαν.
1405 3692 1461 3758 1(oe}

308 3803 356 3864 δεῖ
373 3794 452 3879 ἡμᾶς
474 3801 616 3876 ἐπαινεῖν,
648 3799 699 3862 καλ
717 3793 893 3862 ἀποδιδόναι
915 3795 995 3886 αύτῷ
1017 3795 1068 3863 τόν
1085 3799 1220 3876 έποινον,
1252 3797 1298 3862 ότι
1315 3792 1352 3862 δι’
1370 3793 1461 3860 τύτοδ

308 3897 530 3982 κατεσκευάσθη
551 3897 623 3982 ἡμῖν
645 3897 665 3982 ἦ
686 3904 740 3965 τοῦ
756 3905 886 3983 σταυροῦ
902 3905 1046 3985 σωτηρία,
1077 3901 1129 3966 τἀλ
1148 3898 1169 3982 ἦ
1190 3898 1240 3965 διά
1256 3906 1309 3980 τῆς
1324 3896 1461 3978 τοισύπγς

307 4001 484 4078 ἀποθέσεως
499 4009 559 4066 τοῖν
575 4000 636 4068 ἀνω
653 3999 849 4082 ἀποκάλυψις.
894 4001 978 4067 Κατά
994 4001 1091 4068 πόντα
1108 4001 1269 4084 δὲτρόπον
1284 3991 1369 4066 οὗτοι
1383 3997 1460 4084 ἧττό-

308 4132 425 4189 τηνται,
448 4101 503 4171 οόκ
519 4102 636 4188 ἀγαθόν
653 4131 718 4170 τινα
734 4104 875 4186 τίμῶντες
890 4102 912 4186 ἢ
927 4105 1126 4180 ἐπαινοῦντες·
1149 4109 1238 4187 δῆλον
1253 4105 1284 4170 δέ
1297 4102 1344 4169 ότι
1361 4105 1393 4168 έκ
1411 4107 1461 4168 τοῦ

256 4217 264 4223 ’
310 4207 452 4292 διαβόλου
470 4205 570 4283 αότοῐς
586 4213 679 4272 ταῦτα
694 4203 894 4292 ύπέσπαρται,
924 4207 960 4272 τά
977 4215 1031 4290 τῆς
1048 4205 1170 4293 ἀγνοίας
1183 4209 1255 4294 λέγω
1273 4207 1324 4272 καί
1338 4202 1459 4287 ἀπύτης.

312 4315 483 4398 Πληροῦται
506 4311 537 4376 δέ
557 4307 603 4376 ἀπ’
617 4306 718 4385 αύτοῑς
733 4307 766 4376 τό
782 4311 998 4397 γεγραμμένον,
1024 4307 1103 4376 Ούαλ
1117 4319 1181 4387 τοῖς
1193 4311 1310 4396 λέγουσι
1322 4307 1357 4374 τό
1372 4306 1461 4376 miv

344 4465 402 4517 cn.
415 4466 458 4519 ΙΙΙ.
473 4499 506 4508 -
521 4467 542 4520 1.
554 4465 631 4536 φασίν
643 4469 752 4532 rescripsi
764 4481 869 4538 ρτοφη-
936 4467 960 4520 2.
978 4469 1022 4523 τοῦ
1039 4471 1150 4521 Petamus
1167 4483 1196 4519 τα
1212 4467 1264 4518 ωδ.
1278 4467 1353 4517 λαστ.
1367 4466 1459 4517 M

310 4533 365 4602 σλν,
382 4538 445 4598 ςαοσ
461 4539 514 4588 εἰσιν·
530 4539 621 4592 habeat.
935 4536 960 4590 δ.
976 4540 1027 4592 τῶν
1045 4541 1137 4590 mit
1154 4539 1243 4590 τοιονδί
1259 4537 1378 4588 Ριίσυλνι
