3096 4988
316 290 378 352 342
741 297 862 348 SANGTI
879 295 1049 348 ΕΡΙΡΗΑΝΙΙ

314 415 411 500 φόβον
427 417 476 495 δέ,
498 413 539 499 μῆ
553 413 692 500 καθάπερ
715 419 747 462 ¹¹
758 411 853 496 αότῆν
865 411 900 479 τό
915 420 992 496 φῶς,
1014 411 1093 480 οὕτω
1108 414 1159 479 καί
1173 412 1206 478 τό
1222 417 1276 496 ζῆν
1293 413 1463 502 ι’ἐττιλίττημ

315 519 444 605 ἀπορίαν
459 543 490 583 τε
505 519 554 584 ἐπὶ
569 514 700 598 τούτοις,
726 525 761 566 ¹³
771 519 802 584 ἐν
817 512 923 605 όγνοίρι
940 517 973 582 δέ
987 513 1025 580 τό
1039 514 1136 581 πάντα
1142 567 1150 596 ,
1173 518 1226 582 καλ
1241 513 1278 584 τό
1293 515 1431 600 καθάπερ
1446 512 1464 596 η’

315 621 411 707 μῆτηρ
430 618 523 702 ατίτῆς
546 617 607 703 ῑέῆ
624 618 727 705 πρότη
744 623 845 700 Σοφία
864 621 917 684 καλ
934 616 1021 684 Αίοδν
1034 620 1202 701 ἐτεροίοισιν
1217 620 1250 685 ἐν
1265 629 1328 698 τοῖς
1342 617 1464 685 πόθεσιν

316 722 406 809 εἶχεν,
438 719 508 788 όλλό
529 721 723 805 ἐναντιότητα.
766 719 1056 806 Ἐπισυμβεβηκέυαι
1077 719 1103 788 δ’
1123 719 1199 810 αι’πῆ
1218 724 1270 787 καί
1290 723 1390 808 ἐτέραν
1406 719 1464 787 διό-

316 838 400 894 θεσιν
414 824 469 909 τῆν
489 833 542 909 τῆς
559 827 740 910 ἐπιστροφῆς
761 826 811 890 ἐπὶ
831 823 883 889 τόν
902 822 1125 908 ζωοποιῆσαντα
1139 822 1250 908 ταύτην
1275 822 1464 902 Ησόιεταοιν,

321 931 414 996 16καλ
435 925 538 995 οόσίαν
558 934 612 1010 τῆς
633 927 707 1010 όλης
724 934 900 1013 γεγενῆσθαι
916 929 1066 1013 λέγουσιν,
1096 929 1126 1004 ἐξ
1142 919 1181 1009 ῆς
1206 925 1301 993 17ι’ίδε
1323 924 1342 992 ό
1359 926 1465 1010 κόσμος

317 1033 500 1115 συνέστηκεν.
542 1027 599 1093 Ἐκ
620 1030 673 1111 μέν
695 1027 750 1116 γόρ
771 1036 826 1113 τῆς
847 1032 1029 1115 ἐπιστροφῆς
1049 1027 1103 1112 τῆν
1123 1035 1177 1096 τοῦ
1199 1028 1323 1112 Κόσμον
1344 1032 1396 1095 καλ
1416 1035 1464 1096 τοό

317 1139 511 1219 Δημιουργοῦ
526 1140 626 1198 πᾶσαν
641 1130 743 1216 ψυχὴν
756 1130 811 1215 τῆν
824 1134 934 1218 γένεσιν
951 1133 1118 1215 εἰληφέναι,
1141 1134 1175 1197 ἐκ
1191 1133 1224 1198 δέ
1236 1139 1291 1198 τοῦ
1304 1131 1406 1215 φόβου
1418 1133 1464 1196 καί
1524 1169 1525 1230 η

316 1245 368 1321 τῆς
388 1237 483 1320 λόινης
504 1233 541 1301 τό
564 1233 653 1302 λοιποὶ
675 1232 729 1318 τῆν
750 1232 842 1320 όργῆν
864 1235 1022 1318 ἐσχηκέναι.
1071 1231 1144 1300 Ἀπό
1169 1233 1226 1320 γόρ
1248 1241 1307 1300 τοῖν
1330 1233 1466 1320 δαιιρόαν

316 1337 408 1422 αότῆς
425 1339 575 1424 γεγονέναι
592 1345 691 1404 πᾶσαν
707 1339 831 1424 ένογρον
849 1335 969 1416 οόσίαν,
999 1335 1059 1403 όπό
1077 1337 1109 1403 δέ
1126 1343 1180 1402 τοῦ
1197 1338 1320 1423 γέλωτος
1333 1336 1392 1422 τῆν
1407 1363 1466 1418 φιτ·
1524 1341 1525 1344 ’

317 1439 430 1524 τεινῆν,
453 1437 513 1506 όπό
531 1441 563 1506 δὲ
578 1447 632 1523 τῆς
644 1437 741 1523 λόπης
755 1441 806 1505 καί
818 1445 872 1524 τῆς
887 1437 1052 1521 ἐκπλήξεως
1067 1437 1102 1504 τό
1117 1438 1269 1523 σωματικὰ
1283 1447 1339 1506 τοῦ
1354 1439 1465 1524 κόσμον
1524 1513 1525 1530 ρ

318 1551 453 1626 στοιχεῖα.
501 1541 644 1626 Ποτὲμλν
657 1541 712 1628 γόρ
728 1545 825 1608 ἔκλαιε
837 1543 888 1608 καὶ
904 1544 1047 1620 ἐλυπεῖτο,
1067 1538 1109 1618 τίς
1121 1543 1248 1628 λέγουσι,
1269 1541 1320 1608 διό
1333 1540 1368 1609 τό
1385 1567 1468 1608 κατα·
1524 1587 1525 1596 2

318 1655 471 1728 λελεῖφθαι
491 1644 587 1728 μόνην
608 1645 701 1733 ἐντῷ
723 1643 820 1711 σκότει
841 1646 892 1710 καί
913 1651 954 1732 τῷ
971 1643 1131 1727 κενοίματι,
1160 1646 1231 1711 ποτέ
1248 1645 1281 1710 δέ
1297 1649 1340 1721 είς
1355 1647 1470 1712 έννοιαν
1524 1701 1525 1740 η

319 1749 434 1832 ῆκουσα
449 1755 504 1814 τοῦ
521 1745 731 1824 καταλιπόντος
748 1744 841 1830 αότῆν
854 1744 957 1828 φοοτός
971 1750 1090 1830 διεχεῖτο
1108 1749 1159 1812 καί
1175 1749 1273 1834 ἐγέλα,
1302 1749 1373 1814 ποτὲ
1389 1745 1416 1813 δ’
1432 1739 1470 1813 αό
1524 1773 1525 1812 ι

319 1850 408 1917 πόλιν
431 1853 586 1934 ἐφοβεῖτο,
610 1847 708 1916 ἄλλοτε
729 1851 762 1916 δέ
784 1849 918 1936 διηπόρει
940 1851 992 1915 καί
1016 1851 1155 1926 ἐξίστατο.

139 2086 156 2123 τ
188 2065 254 2135 Κεφ.
271 2061 313 2132 ιη’.
406 2057 466 2122 Καὶ
483 2059 511 2122 τί
525 2054 597 2141 γόρς
628 2059 774 2144 τραγῳδία
791 2055 882 2139 πολλῆ
903 2054 1029 2122 ιλοιπόν
1043 2049 1083 2140 ῆν
1100 2053 1226 2135 ἐνθόδε,
1256 2057 1307 2121 καί
1324 2061 1472 2137 φαντασία

321 2157 386 2236 ἑνός
403 2158 528 2225 ἐκόστον
544 2156 657 2237 αὐτῶν,
688 2156 780 2234 όλλιος
795 2160 845 2224 καλ
862 2155 954 2234 όίλλοτς
970 2163 1107 2244 σοβαροῖς
1122 2159 1355 2243 ἐκδιηγοομένου
1370 2161 1402 2226 ἐκ
1421 2185 1472 2224 πο-
1524 2171 1525 2174 ’

321 2269 419 2329 ταποῦ
435 2249 574 2341 πόθους,
596 2263 629 2326 ἐκ
644 2265 733 2326 ποίου
749 2265 890 2344 στοιχείου
906 2258 928 2344 ῆ
943 2259 1029 2327 οόσίο
1041 2259 1097 2343 τῆν
1110 2262 1221 2346 γένεσιν
1233 2263 1366 2342 ελληφτν,
1388 2260 1473 2328 δαιτί

321 2364 467 2441 ἐἰκότως
487 2367 610 2430 δοκοῦσί
631 2390 682 2447 μοι
704 2360 744 2446 μῆ
765 2362 897 2440 ἅπαντας
914 2365 1010 2428 θέλειν
1032 2365 1063 2428 ἐν
1080 2370 1200 2452 φανερῷ
1217 2361 1384 2443 διδόσκειν,
1414 2360 1473 2429 ἀλλ’
1524 2363 1525 2386 ’

320 2467 341 2554 ῆ
356 2468 466 2551 μόνους
481 2469 610 2542 ἐκείνους
625 2465 695 2542 τοός
711 2467 761 2531 καί
776 2464 920 2552 μεγάλους
935 2463 1065 2548 μισθοδς
1076 2463 1151 2551 όπλρ
1167 2463 1346 2548 τηλικούτων
1362 2487 1473 2550 μυστη-

323 2575 395 2655 ρίοιν
413 2577 502 2636 τελεῖν
518 2571 709 2652 δυναμένους.
756 2566 861 2634 Οόκέτι
878 2567 933 2654 γόρ
950 2575 1042 2634 ταῦτα
1060 2567 1149 2651 ὅμοια
1167 2570 1289 2644 ἐκείνοις
1304 2569 1373 2653 πτρλ
1391 2560 1436 2634 ὧν
1457 2563 1475 2634 ό

321 2671 424 2759 κύριος
439 2668 525 2754 ἡμῶν
542 2675 654 2756 εῖρηκε,
677 2669 800 2758 Δαρεόν
815 2669 946 2758 ἐλάβετε,
969 2669 1082 2758 δωρεὰν
1095 2669 1177 2750 δότε,
1199 2667 1272 2736 όλλίι
1288 2667 1475 2756 όναπτχττρη·

321 2773 395 2840 κότα
412 2775 462 2840 καλ
477 2773 625 2859 τερατεόδη
642 2776 692 2840 καλ
707 2775 805 2857 βαθέα
820 2773 975 2860 μυστήρια,
998 2771 1071 2857 μεταλ
1085 2779 1195 2839 πολλοῦ
1210 2772 1344 2855 καμότου
1360 2795 1475 2861 περιγι-

321 2875 430 2959 νόμενα
449 2884 512 2952 τοῖς
534 2877 735 2959 φιλοψευδέσι.
788 2881 839 2952 Τίς
863 2873 918 2962 γόρ
941 2873 998 2942 οιίκ
1025 2874 1064 2940 ἐν
1085 2874 1296 2959 έκδοπανῆσειε
1318 2874 1419 2942 πάντα
1439 2877 1478 2942 τό

321 2976 490 3063 όποίρχοντα
507 2974 615 3058 αὐτοῦ,
637 2981 688 3044 ῗνα
705 2976 791 3068 μόθη
810 2977 856 3044 ὅτι
874 2976 934 3044 όπό
952 2985 1011 3044 τῶν
1029 2977 1168 3064 δακρόοιν
1183 2986 1236 3060 τῆς
1251 2975 1477 3062 Ἐνθυμῆσετος,

320 3089 376 3148 τοῦ
390 3078 579 3157 πεπονθότος
595 3083 730 3162 Αίοῖνος,
751 3079 900 3147 θόλασσαι
915 3083 965 3147 καί
983 3083 1097 3167 8πηγαί
1113 3083 1164 3147 καλ
1179 3083 1308 3162 ποταμοί
1324 3081 1376 3146 κοιλ
1391 3091 1478 3150 πᾶσα

262 3182 263 3186 ’
321 3188 444 3268 ἐνυδρος
460 3182 548 3250 οόσία
563 3183 617 3268 τῆν
634 3185 745 3270 γένεσιν
761 3187 896 3266 είληφεν,
919 3186 951 3249 ἐκ
969 3184 1002 3250 δέ
1019 3191 1072 3250 τοῦ
1091 3184 1215 3270 γέλωτος
1233 3181 1326 3266 αότῆς
1341 3182 1376 3250 τό
1395 3193 1478 3264 φῶς,

320 3291 372 3354 καλ
393 3290 426 3354 ἐκ
447 3295 501 3372 τῆς
522 3286 686 3370 ἐκπλήξεως
706 3289 757 3352 καλ
780 3293 858 3369 4τῆς
879 3283 1041 3370 ἀμηχανίας
1061 3284 1098 3352 τό
1113 3285 1264 3369 σωματικὰ
1285 3293 1339 3352 τοῦ
1355 3285 1477 3370 κόσμου

199 3432 251 3479 1³⁸1·
265 3419 309 3464 ιει,
321 3401 462 3475 στοιχεῖα,·
492 3389 642 3473 Βούλομαι
655 3391 688 3454 δέ
702 3391 752 3454 καί
768 3387 858 3466 αότός
873 3397 1097 3475 συνειςενεγιιεῖν
1112 3415 1140 3454 τι
1157 3395 1193 3479 τῆ
1209 3393 1400 3477 καρποφσρίμ
1421 3389 1479 3456 αό-

320 3502 386 3562 τῶν.
428 3491 549 3576 Ἐπειδὴ
569 3493 625 3580 γὰρ
647 3490 708 3578 όροῖ
729 3491 765 3558 τό
789 3493 841 3574 μέν
857 3493 964 3576 γλυκέα
983 3491 1078 3557 τ’ίδατα
1096 3489 1183 3570 όντα,
1213 3488 1279 3557 οίον
1298 3489 1396 3577 πηγός
1422 3497 1477 3559 καλ

321 3595 473 3680 ποταμοδς
490 3597 539 3661 καί
558 3593 689 3680 όμβρους
707 3597 757 3660 καλ
774 3593 810 3660 τό
826 3601 964 3672 τοιαῦτα,
986 3593 1022 3660 τό
1039 3594 1071 3660 δέ
1090 3595 1147 3660 λέν
1163 3602 1229 3670 ταῖς
1242 3591 1410 3670 θαλάσσαις
1428 3593 1480 3662 όλ·

322 3698 415 3783 μυρό,
437 3701 546 3764 ἐπινοῶ
563 3697 603 3781 μῆ
618 3696 715 3764 πόντα
731 3695 791 3764 όπό
807 3703 868 3762 τῶν
881 3695 1018 3784 δακρόιον
1032 3692 1125 3780 αότῆς
1137 3701 1374 3784 προβεβλῆσθαι,
1397 3697 1484 3765 διότι

322 3799 355 3866 τδ
373 3799 505 3885 δόκρυον
519 3798 650 3887 όλμυρόν
665 3807 702 3890 τῆ
718 3798 852 3884 ποιότητι
868 3797 1000 3885 όποίρχει.
1047 3797 1182 3884 Φανερόν
1198 3792 1255 3865 οὖν
1270 3797 1317 3864 ότι
1330 3796 1368 3863 τό
1384 3795 1483 3884 όλμυ-

323 3899 361 3990 ρό
375 3900 470 3968 όδατα
484 3903 575 3999 τοῦτό
592 3905 652 3970 ἐστι
667 3901 703 3968 τό
718 3899 779 3969 όπό
792 3909 852 3968 τῶν
866 3901 1012 3990 δακρόοιν.
1050 3902 1145 3978 Εέκδς
1161 3903 1193 3970 δέ
1208 3899 1301 3985 αότῆν
1314 3903 1347 3968 ἐν
1361 3897 1484 3994 όγοονίφ

346 4131 395 4213 ‚¹¹.·
412 4121 495 4208 αότήν
507 4130 574 4179 coda.
587 4132 637 4180 ναι.
651 4133 704 4180 ῖειι.
718 4131 786 4181 τιισ.
796 4131 875 4181 Ρελαν.
949 4125 988 4182 14.
1006 4125 1025 4197 ῆ
1044 4126 1121 4212 σοφία
1138 4125 1199 4182 αίιδν
1216 4127 1284 4178 mm
1299 4128 1349 4178 τοι
1369 4131 1428 4179 νεα.
1464 4195 1471 4213 .

322 4197 668 4330 “”ἷλ.”ἐλίλίζπινκ
914 4197 1488 4330 aassssassssfiffl’ffi'ffi‘ffii

356 4332 396 4385 1³.
414 4331 439 4384 ἐν
453 4327 542 4402 ἀγνοίᾳ
558 4331 588 4387 δέ
601 4329 633 4386 τό
650 4329 732 4386 πάντα
746 4337 817 4386 intell.
830 4351 878 4388 πα·
912 4339 991 4386 οετιιιιῖ
1005 4337 1131 4397 Ρελουῖειτ,
1149 4336 1259 4394 (ἕτοοῖακ,
1276 4335 1412 4384 numus
1425 4339 1490 4387 πλεῖ-

322 4403 384 4453 θεῖι.
409 4403 513 4452 ceterum
526 4403 556 4464 τί.
568 4403 601 4452 οδ
614 4402 662 4453 λλ.
675 4405 770 4464 interpr.
786 4405 819 4454 οδ
831 4405 878 4454 Ιτα-
911 4416 970 4466 ηνε,
994 4405 1059 4453 δοκεῖ
1075 4405 1111 4453 υιλ
1123 4405 1172 4466 spu
1189 4405 1236 4452 λιι.
1250 4401 1348 4463 law.
1365 4406 1410 4466 ουτ·
1426 4419 1488 4455 υττ-

323 4483 408 4520 meum
424 4471 450 4532 ί,
468 4468 490 4521 7.
911 4471 938 4518 ῖλλ
951 4468 984 4520 εδ
1000 4485 1056 4520 eum
1072 4469 1113 4538 qui
1129 4467 1188 4522 λυίο
1204 4467 1420 4534 οοεςσιεαεαιῖοοὶ
1439 4473 1489 4522 τί-

911 4546 962 4588 tm
977 4537 1155 4606 impertiverat.
1186 4541 1213 4590 ίιι
1227 4539 1278 4590 σεδ
1292 4539 1346 4588 Vm.
1359 4542 1490 4604 scriptun
