3078 5012
246 240 251 249 ¹
348 281 482 335 reuerti
500 283 564 335 ure.
577 283 597 335 r.
613 283 694 336 ron.
708 283 751 334 111.
768 281 962 335 nieuxerr.
1169 271 1230 336 573

78 403 139 462 Ister
155 422 217 464 cuns
237 406 378 483 tetigisset
391 409 496 486 psum,
520 415 621 468 sanctu
635 417 678 466 est
694 425 712 466 u
721 407 811 487 fluuu
826 410 985 486 sanguinis.
1031 407 1072 466 Iit
1087 409 1129 468 ait
1144 407 1232 468 otom-

76 525 151 578 nus,
184 507 253 583 (tues
274 527 317 567 ne
339 511 454 587 tetigit?
496 505 543 570 Ac
567 527 702 571 rursum:
737 511 842 588 Tetigit
861 529 904 569 nse
925 510 1039 588 uliquis.
1085 511 1159 570 Num
1178 529 1231 589 ego

77 592 150 668 noui
166 611 295 670 urtrrtent
317 613 351 670 ote
372 631 415 672 me
434 614 536 678 eurise.

167 705 241 774 XV.
274 716 438 794 Suspicione
458 718 488 774 in
509 715 615 774 coetum
637 714 813 774 benedicebat
833 717 911 793 ἐμὼ.
1245 732 1368 785 treats.

164 808 254 876 XVI.
284 819 403 890 Dicens,
436 818 657 897 Oportetfibitnr
675 818 794 878 bominis
811 819 900 878 multu
911 819 989 896 poti,
1021 827 1051 878 et
1065 819 1170 891 occetti,
1202 827 1343 881 struere

72 925 145 995 post
164 925 223 976 tres
243 920 302 978 dies
323 939 484 998 resurgere.

163 1013 269 1083 XVII.
300 1024 342 1082 Et
355 1041 418 1082 ecce
432 1024 488 1082 duro
504 1025 563 1083 uiri
575 1022 760 1103 loquebantur
776 1043 837 1084 curn
855 1044 903 1097 eo,
928 1019 1010 1084 Elius
1025 1033 1055 1083 et
1068 1025 1182 1102 Moyses
1197 1026 1226 1084 in
1242 1037 1299 1084 itte.
1312 1042 1344 1086 te.

72 1123 184 1200 gtorie.

163 1220 283 1288 XVIII.
313 1227 525 1300 Erubesce,
550 1231 605 1290 lIic
626 1239 668 1289 est
679 1229 767 1308 filiius
788 1247 864 1288 nicus
884 1230 1013 1291 dilectus.
1241 1244 1297 1292 tete.
1310 1245 1343 1291 ee.

161 1323 253 1390 XIX.
287 1331 399 1409 Itognut
417 1333 568 1411 ducentos
592 1341 664 1392 neos.
715 1325 801 1410 Quod
827 1329 857 1392 ia
884 1330 984 1395 catice
1010 1328 1340 1410 suchabebst,1treu.

75 1435 299 1514 praeterquam,
323 1435 389 1494 Non
401 1444 558 1514 penserunt
567 1437 668 1496 eiicm
684 1437 784 1514 ipsura
831 1435 870 1494 Et
883 1438 926 1495 cit
939 1438 978 1496 uei
993 1441 1083 1516 ipsos:
1109 1435 1228 1513 Ogene-

73 1536 153 1592 rctio
173 1536 338 1595 incredule!
359 1539 491 1616 qrrcrndiu
512 1557 559 1596 uos
579 1536 732 1598 sustinebo.

161 1627 250 1696 XX.'
268 1639 360 1698 Fatr'us
382 1641 453 1699 enirn
475 1641 594 1700 bominis
616 1640 767 1702 maius
787 1649 831 1700 est
851 1643 880 1700 in
902 1661 999 1701 munros
1020 1641 1169 1700 bominum.
1238 1653 1339 1700 strate

159 1835 252 1903 XXI.
285 1845 384 1924 Neque
401 1847 454 1906 boc
473 1847 599 1925 legistis,
632 1847 701 1925 quiri
709 1846 820 1927 secm't
833 1848 941 1906 Duretie
970 1849 1120 1925 Ingressus
1137 1856 1182 1906 est
1196 1849 1224 1906 e'n
1239 1861 1357 1918 capas.

71 1945 184 2004 mum
205 1947 260 2006 dei.
1092 1979 1093 1984 κ

158 2041 266 2110 XXII.
298 2053 411 2111 Gruteirs
429 2069 485 2130 ugo
503 2050 557 2111 tibi
571 2053 679 2110 domine
696 2052 776 2111 coeti.
823 2047 953 2128 Deerat,
984 2062 1014 2111 et
1031 2061 1140 2124 terroe,
1171 2049 1221 2112 sed
1234 2065 1374 2123 ceptam.

71 2157 104 2212 et
125 2167 204 2226 vox,
234 2153 332 2225 Peter,
363 2150 476 2215 aberet.
523 2147 584 2216 see
604 2170 643 2215 ex
665 2172 701 2215 ee
721 2151 923 2236 redarguitur,
955 2150 1030 2237 quob
1053 2151 1225 2238 paulopost

70 2248 197 2328 babeat,
221 2256 315 2315 Etutam
333 2265 426 2335 puter.

158 2349 281 2418 XXIII.
314 2353 398 2419 Dixit
419 2355 606 2440 legisperito,
638 2361 672 2419 In
694 2360 756 2437 tege
776 2359 845 2438 quid
859 2360 994 2436 scrr'ptum
1015 2361 1081 2416 estt
1121 2357 1163 2416 Et
1177 2372 1335 2418 re-rstaea

68 2459 220 2538 perdens.
266 2453 339 2522 I'cst
356 2455 516 2543 legisperiti
531 2477 701 2545 responsum
719 2458 811 2538 binii,
835 2462 918 2520 Itecte
931 2461 1040 2520 diruti
1087 2461 1147 2518 Itoc
1154 2458 1220 2539 soe,
1394 2435 1405 2458 '

69 2569 103 2619 et
123 2561 207 2620 uina.

159 2656 283 2724 XXIV.
315 2659 355 2725 Et
366 2661 459 2742 dixit,
485 2667 553 2742 (tuis
566 2673 687 2724 nestrum
704 2663 818 2724 babebit
828 2666 945 2725 amicum
953 2709 962 2737 ,
987 2674 1016 2724 et
1029 2663 1081 2724 obit
1093 2666 1132 2724 od
1144 2665 1223 2722 r'tlunr
1237 2679 1292 2736 cup.
1301 2682 1333 2734 ιι,
1344 2683 1364 2726 e.

69 2767 166 2825 mediis
187 2775 283 2838 nocte,
313 2768 462 2845 postretons
479 2776 536 2828 tres
547 2773 659 2846 pones?
700 2764 747 2829 Aa
766 2765 922 2851 betaaepe,
952 2770 1041 2828 Petite
1056 2775 1085 2828 et
1099 2765 1222 2827 dubitur.

71 2869 145 2946 Ques
166 2871 238 2928 eninr
258 2889 296 2928 err
317 2869 393 2929 uobis
413 2880 458 2930 cst
468 2879 569 2948 puter,
599 2889 689 2950 equo
697 2870 784 2950 filetus
798 2881 879 2950 petot
889 2873 1010 2950 precem,
1041 2880 1071 2929 et
1080 2889 1135 2949 pro
1145 2889 1225 2949 pesce
1237 2884 1293 2930 itte.
1305 2887 1336 2930 ιι.

69 2979 228 3049 serpentem
249 2971 328 3032 dubit
347 2973 414 3032 itti?
442 2981 495 3032 out
506 2975 564 3052 pro
579 2992 630 3033 ouo
646 2975 841 3052 scorprbncrn?
883 2975 920 3034 Si
932 2993 1001 3053 ergo
1018 2993 1066 3033 uos
1083 2991 1146 3032 cum
1162 2973 1225 3032 stae

69 3073 157 3144 urnii,
182 3075 271 3133 nosa's
291 3075 364 3134 dono
385 3073 472 3147 boun,
498 3085 602 3154 quanto
623 3078 714 3154 nugis
731 3081 836 3155 poter?

158 3168 265 3236 XXV.
297 3173 453 3259 Amputate
478 3188 563 3240 erant
586 3197 621 3240 ea
645 3197 719 3260 quae
743 3172 902 3239 eblonem
926 3173 1120 3260 pertiuebant.
1171 3171 1293 3239 Sicttte
1304 3194 1337 3238 so.

69 3274 152 3339 enim
167 3274 307 3338 habetne
333 3280 480 3340 Generotr'o
494 3282 574 3353 brec,
598 3283 710 3358 signum
727 3299 782 3339 non
798 3279 912 3339 debstu
924 3281 960 3338 ei.
1008 3273 1225 3340 Desideratus-

69 3387 122 3440 tur
143 3376 231 3440 etiam
254 3377 319 3456 iIIs,
352 3378 454 3463 quibus
476 3381 512 3444 be
528 3379 641 3445 Ninive
663 3390 693 3442 et
715 3379 817 3463 regina
835 3378 938 3442 Austri
960 3399 994 3442 ac
1013 3373 1172 3442 Salomone
1194 3377 1225 3440 bt

68 3479 195 3542 mentiti.

157 3578 280 3646 XXVI.
311 3579 370 3646 Pru
390 3583 434 3646 Iris
454 3583 570 3664 uerbis,
600 3587 765 3646 Pructm'tss
780 3587 829 3646 boi
842 3585 989 3656 iudicium,
1017 3582 1221 3668 rescripserat,
1236 3603 1336 3651 utcu

69 3688 241 3746 Praeteritis
261 3687 309 3746 dei
327 3691 505 3748 motionem.

156 3781 295 3850 XXVII.
326 3792 382 3850 Vre
395 3789 482 3863 uobis,
507 3792 635 3869 quonism
650 3790 806 3869 aedificetis
820 3789 949 3868 sepulcro
960 3789 1172 3868 prophetorum,
1196 3800 1226 3850 et
1235 3809 1293 3855 rtet·
1304 3813 1336 3859 er.

64 3900 169 3968 potres
192 3894 280 3951 uestri
298 3893 461 3952 occsierunt
481 3894 555 3952 ittos.

157 3986 309 4056 XXVIII.
342 3988 471 4070 Deerat,
502 3997 653 4074 Propterea
671 4003 701 4053 er
715 3996 853 4072 supientia
869 3995 917 4053 dei
932 3995 1023 4066 deicit,
1054 3997 1165 4055 Metron
1184 3997 1223 4056 od
1236 4007 1291 4053 rere.
1304 4011 1335 4056 e.

69 4098 138 4156 ittos
149 4096 316 4176 neptem:
326 4137 329 4153 .
339 4104 370 4158 et
387 4095 421 4158 te
435 4094 577 4178 sanguine
594 4092 756 4159 Zachariae
773 4103 804 4158 et
818 4092 896 4158 Atel
909 4094 1127 4181 prophetarum,
1148 4098 1222 4173 (tuo-

69 4201 148 4258 nions
170 4201 331 4276 requiretur
351 4219 369 4259 o
388 4201 570 4278 generatione
589 4199 653 4258 buc.

159 4293 284 4362 XXIX.
314 4303 385 4362 Dr'co
400 4306 498 4364 unceis
511 4304 589 4374 nee,
612 4303 709 4362 Nolite
723 4303 819 4362 ttinere
832 4321 879 4362 eos
893 4304 944 4380 qui
956 4303 1089 4362 suerunt
1099 4319 1218 4380 corpus:
1234 4317 1358 4378 ceques

70 4401 167 4464 tinere
188 4421 254 4462 uere
278 4423 339 4465 cuns
360 4407 412 4485 qui
426 4415 575 4485 postquam
598 4405 734 4465 occideret
756 4403 840 4464 Iubet
856 4413 1021 4482 potestatem
1043 4403 1173 4465 mittendi
1192 4406 1220 4465 iu

104 4536 148 4592 te.
165 4537 240 4602 tutuo
256 4534 298 4603 ert.
