3080 5002
343 278 478 330 PANlllll
495 279 558 329 ΗΒ.
573 280 594 329 l.
610 278 692 330 ΤΟΜ.
706 279 749 328 lll.
767 277 866 330 fluns.
881 278 962 329 xttt.
1171 266 1232 328 655

63 397 226 460 donam
272 395 388 464 Marcio
405 419 479 464 vero
495 419 549 483 pro
567 403 685 464 Domum
701 394 850 464 Christum
870 394 1031 462 substituit.
1077 393 1137 462 Sed
1156 397 1233 460 idem

65 509 118 560 est
141 498 228 582 plane
250 495 387 566 Christus
407 503 611 580 ac'domious,
637 501 691 565 etsi
708 498 854 564 Marcioni
874 499 960 563 aliter
976 500 1071 564 visum
1087 501 1142 580 sit,
1167 522 1232 564 cum

66 594 189 664 Christi
203 603 359 688 appellatio
374 603 506 668 subiecta
520 605 559 668 sit
572 604 602 669 in
616 605 654 668 iis
668 604 783 668 verbis:
808 608 892 666 Petra
906 615 998 665 eutem
1013 615 1078 665 mut
1089 605 1230 678 Obrutus,

64 714 118 782 ει,
145 707 211 766 Non
226 711 256 768 ria
267 710 412 788 pleresque
426 711 540 771 illorum
555 710 755 788 beneplacitum
771 719 815 768 est
829 711 890 769 deo.
937 703 1012 770 Post
1028 704 1099 769 baec
1114 716 1232 790 aposto·
1298 715 1302 724 “

63 807 117 870 lus
142 806 193 870 ubi
214 819 305 872 totum
329 809 398 874 illud
421 822 624 896 argumentum
643 809 804 896 percurrit,
836 808 968 874 subiicit:
998 813 1076 870 Haec
1093 821 1185 870 eutem
1203 813 1232 869 in

54 913 174 990 figemur
191 915 393 994 coabbgebuat
406 916 481 976 illus:
504 920 611 995 scripta
628 911 805 976 scatentem
824 917 862 974 nd
875 917 1077 994 correptionem
1093 924 1227 973 nostrum.

65 1009 152 1078 Cum
166 1014 254 1098 igitur
269 1035 342 1098 quac
357 1015 414 1080 illis
429 1017 458 1080 io
474 1016 564 1102 ligura
579 1015 798 1102 contingebant,
818 1017 854 1078 ad
871 1015 1085 1100 correptionem
1102 1024 1239 1078 nostram

63 1117 183 1201 scripta
198 1116 268 1195 siut,
294 1117 342 1202 qui
360 1139 412 1196 ea,
438 1141 511 1203 quae
530 1131 588 1183 tom
606 1119 791 1198 acciderunt,
817 1119 852 1182 ad
869 1115 1084 1202 eorreptionem
1101 1127 1230 1181 nostram

64 1219 274 1304 praescripsit,
298 1219 356 1286 illis
370 1221 445 1285 band
464 1222 550 1288 dubie
567 1221 723 1286 consulere
740 1222 861 1300 studuit,
886 1242 959 1305 quos
978 1220 1128 1305 corrigere
1144 1230 1230 1304 atque

66 1322 234 1386 admonere
260 1323 411 1408 cupiebat,
444 1345 480 1388 ne
504 1325 645 1390 malorum
668 1324 909 1410 concupiscentes
930 1343 1074 1388 essemus.
1121 1321 1231 1405 Quam·

65 1425 177 1488 obrem
193 1424 286 1490 bonus
300 1426 395 1507 idem,
419 1449 477 1490 uon
496 1427 588 1492 malus
606 1425 694 1490 luerit
711 1437 836 1511 oportet.
884 1423 997 1509 Quibus
1013 1426 1090 1490 errim
1108 1427 1230 1490 allectus

65 1537 135 1606 est,
170 1527 272 1592 iisdem
296 1540 327 1593 ot
348 1530 472 1615 praediti
494 1551 561 1594 esse
585 1529 707 1594 velimus
730 1530 879 1610 bortatur,
912 1529 1006 1592 bonus
1026 1529 1074 1592 ille
1095 1529 1229 1592 nimirum

65 1631 146 1694 deus
164 1649 199 1692 ac
215 1630 327 1712 iustus,
351 1653 387 1696 ac
402 1643 460 1698 tam
477 1653 578 1696 eorum
594 1654 667 1716 quos
683 1643 752 1696 ante
768 1633 928 1719 scripserat
943 1631 1016 1694 dens
1031 1652 1116 1716 quam
1133 1643 1231 1716 poste-

65 1732 258 1818 riorum,qui
271 1735 398 1822 correpti
412 1747 491 1815 sunt,
507 1733 653 1816 conditor,
672 1735 835 1799 communis
847 1735 972 1819 deniqne
985 1744 1089 1798 auctor
1101 1733 1228 1798 omnium

66 1856 105 1897 ac
122 1834 295 1920 legislator,
328 1837 376 1923 qui
397 1849 427 1903 et
442 1838 595 1924 evangelia
615 1839 738 1924 largitus
756 1848 820 1917 est,
854 1849 883 1902 et
898 1838 1096 1923 apostolorum
1114 1838 1175 1902 dux
1195 1859 1230 1902 ac

66 1939 242 2003 moderator
262 1941 373 2006 extitit.

159 2039 261 2108 Scbol.
278 2041 310 2108 X
328 2056 358 2108 et
374 2041 495 2108 XVlll.
531 2049 605 2123 (lucil
620 2067 690 2126 ergo
709 2049 793 2107 deco?
837 2048 917 2123 Quod
934 2049 964 2106 tir
985 2047 1084 2125 templo
1104 2047 1383 2114 nimmolo-tuoruum.

68 2156 130 2206 tm
147 2148 259 2227 ult’qmil
272 2152 325 2222 sit,
357 2159 410 2209 uut
422 2149 606 2228 idolothytum
622 2151 732 2229 cltpnr'd
745 2151 805 2208 sit?
847 2151 907 2210 Sed
921 2170 992 2228 qnae
1007 2149 1153 2208 riamolnnt
1164 2150 1229 2208 doe-

66 2253 189 2324 moar'is,
215 2260 245 2310 et
263 2273 319 2311 aon
341 2255 402 2313 deo.
449 2247 505 2314 Ubi
529 2247 646 2313 Marcio
667 2255 701 2312 In
722 2255 814 2312 sueres
835 2253 1005 2314 annotatum
1030 2249 1148 2314 adiecit.

155 2349 311 2416 liutuald
331 2349 494 2416 etXVlll.
532 2357 606 2431 Quid
619 2375 689 2434 ergo
704 2357 790 2414 deco?
832 2356 919 2415 Idolis
936 2355 1106 2414 tiarnolntum
1121 2354 1231 2430 alr'par'd
1359 2369 1363 2375 ’

67 2461 138 2516 eat?
182 2457 241 2516 Sed
257 2477 329 2536 quae
343 2459 488 2517 rinmolunt
500 2459 652 2518 damnaris
674 2468 703 2517 et
717 2478 772 2517 aon
789 2459 850 2518 deo.
896 2452 975 2516 Non'
990 2453 1085 2539 prisca
1107 2453 1156 2517 illa
1179 2473 1229 2538 pa-

68 2568 147 2620 trum
165 2566 297 2642 tempora
314 2557 521 2622 condemnavit
537 2558 704 2643 apostolus,
737 2577 812 2643 qnae
829 2557 864 2620 ad
881 2568 1006 2622 aetatem
1025 2576 1116 2641 nsque
1132 2577 1226 2633 suam,

69 2659 204 2744 adeoque
226 2661 379 2744 quamdiu,
411 2671 520 2724 stetere
540 2657 764 2746 Hierosolyma,
797 2661 963 2741 fluxerunt,
996 2681 1060 2722 com
1084 2679 1136 2723 eos
1155 2658 1231 2722 dixit

70 2759 122 2844 qui
138 2761 225 2826 idolis
239 2761 424 2826 immolarent
439 2764 601 2828 daemoniis
618 2763 786 2843 immolare,
811 2783 868 2827 oon
884 2763 950 2826 deo.
995 2759 1066 2826 Non
1082 2762 1159 2839 illos,
1184 2763 1228 2825 iu-

69 2883 176 2947 quam,
201 2865 339 2929 damnare
354 2865 447 2930 voluit
462 2866 510 2950 qni
530 2868 585 2930 deo
600 2867 818 2946 sacrificarent,
843 2889 899 2951 qun
918 2875 1049 2951 tempore
1068 2864 1229 2929 sacrilicari

69 2965 217 3050 oportuit,
241 2968 293 3031 sed
311 2989 363 3032 eos
381 2969 524 3034 duntaxat
541 2980 661 3034 accusat
680 2969 727 3054 qui
745 2968 831 3034 idolis
849 2968 1017 3048 immolant,
1044 2990 1101 3032 non
1119 2968 1156 3031 ob
1172 2968 1227 3030 boc

68 3067 166 3152 ipsum
182 3071 256 3152 qaod
273 3068 438 3149 immolant,
463 3073 514 3135 sed
533 3074 607 3156 qood
623 3073 707 3136 idolis
721 3072 798 3136 istud
815 3073 908 3157 ipsum
926 3093 978 3157 pro
994 3071 1049 3134 deo
1065 3080 1224 3155 praestant.

67 3168 143 3234 Non
165 3171 241 3237 euim
264 3173 328 3238 ideo
351 3174 533 3253 sacrificant,
568 3186 600 3238 ut
616 3174 752 3238 aliruenta
773 3175 911 3238 divinitus
927 3174 961 3235 ad
982 3195 1064 3236 usum
1084 3191 1226 3234 concessa

68 3271 129 3338 sibi
149 3286 335 3360 comparent,
371 3276 421 3339 sed
439 3277 628 3340 daemonibus
652 3299 686 3340 ac
704 3274 870 3339 vanissimis
888 3274 1052 3338 numinibus
1075 3293 1161 3338 sacra
1184 3275 1227 3336 la·

68 3376 164 3439 ciunt.
211 3375 260 3440 Tu
277 3399 367 3456 roro,
394 3375 527 3456 Marcio,
553 3399 654 3442 vocem
674 3378 769 3455 illam,
793 3383 827 3440 In
845 3381 947 3459 templo
963 3379 1149 3450 tinmoletum,
1175 3377 1225 3441 ad·

66 3477 183 3556 iecisti,
207 3499 299 3544 exeo
318 3491 398 3544 ratos
416 3482 491 3565 quod
509 3481 565 3543 duo
583 3480 654 3544 baeu
670 3479 823 3560 uocabula,
849 3481 985 3566 templum
1001 3491 1030 3543 ct
1046 3479 1134 3558 idola,
1160 3499 1225 3564 per-

66 3581 156 3644 mista
175 3581 302 3647 invicem
321 3584 432 3662 iurent,
467 3581 616 3646 ambarum
637 3603 751 3667 quoquc
770 3583 915 3646 rationum
935 3579 1119 3646 habitudines
1137 3603 1225 3667 posse

67 3683 221 3747 conlundi.
268 3683 328 3750 Sed
345 3686 432 3769 longe
450 3685 587 3770 opinione
603 3698 650 3750 tua
670 3685 792 3748 falleris.
831 3683 946 3748 Etenim
963 3685 988 3746 si
1004 3695 1156 3769 postquam
1173 3707 1225 3748 no-

66 3807 138 3850 rum
154 3795 359 3852 testamentum
383 3788 492 3852 illalum
515 3799 577 3866 cst,
609 3789 740 3870 privatim
760 3783 880 3851 Cbristo
899 3785 993 3850 adlrnc
1011 3786 1222 3865 immolaretur,

65 3901 97 3954 et
114 3889 144 3952 in
163 3889 226 3953 eius
243 3891 360 3954 nomine
376 3891 554 3954 offerrentur
568 3889 721 3970 animalia,
745 3889 934 3976 probabiliter
948 3888 1002 3952 abs
1019 3900 1047 3952 te
1063 3890 1224 3954 mendacis-

66 3993 161 4058 simae
184 3991 251 4056 illae
276 3993 436 4056 calumniae
461 4003 595 4078 repertae
615 3993 802 4071 viderentur,
834 4003 865 4055 ut
889 4002 917 4054 et
941 3992 988 4076 qui
1014 3992 1067 4056 boc
1093 4002 1224 4076 tempore

66 4097 125 4159 deo
141 4095 358 4175 sacrificarent,
383 4109 412 4160 et
429 4096 484 4159 boc
500 4093 568 4160 olim
586 4093 854 4181 llierosolymitaoo
870 4095 898 4157 in
917 4095 1023 4180 templo
1041 4095 1181 4158 fecissent
1195 4105 1226 4158 et

66 4197 154 4262 idolis
175 4196 374 4278 immolarent,
398 4197 427 4262 in
447 4219 534 4262 noum
550 4199 747 4263 miscerentur
766 4218 886 4277 omnes,
909 4219 944 4262 ac
963 4196 1141 4276 daemoniis,
1165 4219 1223 4262 non

66 4305 125 4366 deo
148 4321 233 4366 sacra
256 4301 353 4366 lacere
375 4301 554 4366 dicerentur.
601 4297 662 4366 Sed
680 4321 747 4364 com
763 4299 899 4364 animalia
915 4321 1001 4364 nemo
1019 4295 1140 4365 Christo
1158 4309 1225 4384 post

66 4405 132 4468 eius
150 4402 307 4490 adventum
330 4424 364 4468 oc
383 4425 490 4468 novum
509 4412 715 4468 testamentum
735 4402 882 4468 conditum
900 4401 1074 4482 immolarit,
1107 4399 1176 4466 illud
1196 4412 1224 4465 te
