3078 5012
391 348 525 401 ranann
542 349 606 401 orn
618 351 639 401 r.
655 349 736 402 rora.
748 351 793 402 ιιι.
809 349 909 401 nana.
921 348 1003 401 xarr.
1209 335 1269 400 623

122 465 176 550 qai
199 485 235 530 ea
255 466 506 553 looa'porapraat.
551 467 662 534 Veram
681 480 714 532 ot
731 489 784 534 suo
800 468 892 554 ipsias
906 489 961 532 ore
978 469 1184 535 enavioeatnrs
1216 473 1271 532 Fo-

6 587 8 592 ’
123 581 201 631 otum
216 583 274 645 est,
307 569 416 655 inquit,
448 577 477 634 io
497 593 553 636 totu
570 577 677 634 mmor
695 577 809 636 donante
826 575 877 634 illo
898 577 927 634 ia
947 575 1062 652 templo,
1093 576 1273 653 quaesierunt

123 676 242 734 alonim
262 677 291 735 io
313 676 391 736 illum
413 695 526 750 mnam,
559 680 775 750 attinuerunt,
810 684 841 738 nt
857 673 989 758 sequenti
1009 674 1101 759 eapite
1117 671 1202 736 LlV.
1221 673 1271 736 de-

124 773 263 840 olaratar.
310 772 402 860 igitur
419 777 657 861 quemadmodum
676 775 871 840 Hieriolante
892 776 922 838 in
940 775 1076 862 templum
1097 777 1212 840 venerit
1233 798 1272 840 ex

126 877 229 942 eodem
254 876 302 941 illo
325 878 430 944 itinera
452 899 487 942 ao
509 879 574 942 viae
591 879 746 943 intervallo
767 878 964 964 cognoscitur.
1011 875 1070 942 Sed
1092 899 1129 942 eo
1151 899 1200 942 res
1222 879 1271 942 ad-

124 979 211 1044 dueta
235 990 280 1043 est
303 990 333 1043 nt
351 981 498 1067 improbus
521 981 569 1046 ille
588 991 739 1045 veterator
758 1001 831 1066 qnae
853 982 883 1044 in
906 982 955 1046 via
973 992 1056 1066 gesta
1075 990 1158 1060 sunt,
1193 990 1223 1044 et
1241 982 1270 1044 io

123 1081 231 1167 templo
248 1103 264 1145 a
282 1085 429 1148 salvatore
446 1094 514 1148 eote
532 1083 610 1148 lano
622 1101 788 1148 sermonem
806 1095 873 1148 sunt
890 1084 983 1163 diota,
1013 1082 1211 1148 dissimulasse
1229 1084 1271 1146 ri-

126 1184 240 1248 deatur.
285 1182 451 1268 Nimirum,
474 1192 580 1250 Domus
594 1209 654 1249 meo
669 1189 765 1250 domus
780 1192 916 1250 oratr'omlr
935 1188 1079 1250 vorabatur
1094 1199 1167 1261 ato,
1191 1196 1223 1249 at
1240 1185 1269 1248 in

122 1286 274 1372 prophetia
296 1288 442 1373 leguntur.

209 1385 310 1455 Selol.
327 1388 412 1455 LIV.
444 1395 485 1454 Et
499 1398 678 1474 puaesmat
698 1397 813 1456 mileo-o
832 1415 932 1456 raram
951 1397 981 1455 io
1002 1395 1099 1468 illurn,
1123 1405 1153 1455 et
1172 1399 1269 1456 olane·
1283 1409 1376 1467 naam,
1389 1414 1419 1458 rs.

120 1505 202 1554 runt.

207 1593 308 1661 llelnt.
326 1595 411 1663 LlV.
444 1595 530 1680 Quae
549 1597 585 1662 ad
602 1597 678 1662 lone
692 1598 788 1662 lorum
806 1607 955 1684 spectant,
986 1617 1022 1661 eo
1040 1597 1173 1683 proxima
1190 1599 1269 1662 relu-

119 1695 234 1760 tatione
256 1719 320 1763 oum
343 1699 405 1786 ipsa
427 1700 561 1785 loquendi
582 1699 696 1764 ratione
719 1721 802 1784 qnam
826 1701 891 1764 lieri
914 1701 1005 1786 potnit
1024 1700 1196 1766 brevissime
1216 1721 1269 1764 ex·

118 1819 214 1882 pensu
235 1812 304 1864 sant
325 1813 355 1867 et
374 1802 534 1890 explicata.

208 1899 309 1970 Selrol.
325 1903 395 1969 LV.
427 1901 501 1970 itera
522 1903 601 1969 illam
617 1904 735 1970 induxit
752 1905 864 1984 lorum,
894 1927 951 1990 qno
974 1905 1010 1970 de
1027 1904 1087 1969 vite
1105 1905 1154 1969 illa
1171 1905 1267 1990 agitur
1281 1921 1337 1967 rota.
1349 1926 1369 1968 a.

118 2005 260 2091 agricolis
280 2007 387 2072 looota.
432 2007 530 2092 Atqao
546 2007 602 2072 lroo
615 2007 752 2093 insuper:
777 2011 851 2086 nau
864 2013 1018 2089 religitur,
1042 2013 1174 2090 lupolina
1188 2031 1267 2091 quem
1281 2025 1338 2070 rura.
1351 2030 1381 2072 rr.

118 2109 345 2189 reparatemur
362 2113 566 2192 aedificantes?

204 2209 307 2276 Relnt.
328 2211 397 2277 LV.
431 2211 514 2276 Nihil
539 2212 569 2276 id
595 2211 710 2297 quidem
737 2232 845 2276 aooere
871 2211 955 2276 nobis
981 2223 1085 2297 potest.
1136 2211 1268 2278 Tametsi

116 2312 198 2376 anim
214 2315 309 2380 loonm
323 2315 411 2380 istum
427 2315 590 2393 memoris,
614 2335 672 2378 non
690 2313 749 2378 ullo
764 2314 793 2377 id
810 2325 912 2378 nostro
930 2315 1034 2378 damno
1050 2315 1184 2395 sustulit,
1214 2317 1266 2380 sed

117 2413 256 2502 sibiipsi
280 2417 399 2503 suisque
421 2417 515 2482 lraudi
538 2417 633 2503 potius
656 2416 720 2481 luit.
766 2412 971 2502 Compluribus
994 2417 1070 2481 enirn
1093 2417 1268 2483 testimoniis

116 2517 193 2581 satis
213 2539 358 2604 superque
381 2519 535 2584 refellitur.

206 2617 307 2685 Sohol.
327 2619 411 2686 LVI.
444 2619 562 2688 [inlevit
577 2621 664 2685 illude
697 2624 769 2698 Quin
787 2642 852 2681 nero
868 2626 1154 2702 moronti-esurgunt,
1186 2625 1380 2702 Moy-ruram.

116 2743 167 2784 ror
182 2727 304 2785 mest
316 2745 397 2786 ηοω
412 2725 528 2800 ruiana,
552 2729 628 2788 mont
640 2727 712 2786 diost
725 2726 864 2784 dommum
880 2727 960 2786 &aar
976 2725 1118 2799 Abraom,
1142 2728 1225 2787 Iram
1241 2737 1270 2786 et

119 2826 216 2886 Iacob.
262 2830 451 2890 Desmontem
472 2831 674 2901 estoioorom,
697 2848 753 2888 ooo
775 2837 957 2887 mortuorum.

205 2925 308 2992 llolnt.
325 2925 410 2992 tvl.
445 2929 641 2994 Admiraodns
663 2928 746 3012 plane
768 2927 864 2992 insani
888 2928 1011 2992 hominis
1033 2939 1145 3013 stupor.
1191 2926 1267 3011 Quid

118 3029 220 3094 eoin?
261 3027 331 3094 Noa
352 3030 421 3094 illud
444 3031 687 3096 animadvertisse
710 3051 761 3117 par
783 3030 860 3094 istnd
878 3050 944 3094 esse
960 3030 1156 3096 testimonium
1174 3031 1267 3093 altero

116 3130 162 3196 illi
185 3131 221 3196 de
242 3131 375 3196 mendico
393 3130 528 3212 Lazaro,
558 3153 614 3198 neo
636 3155 693 3198 ooo
714 3144 746 3196 ot
767 3153 867 3198 eoram
888 3132 1042 3218 parabolae
1062 3130 1165 3216 qnilrns
1183 3131 1266 3215 regni

118 3231 216 3300 atim
236 3235 455 3300 imerolnditnrl
498 3233 629 3318 Quorum
654 3235 768 3320 quidem
788 3234 989 3318 parabolarum
1008 3234 1146 3317 reliquias
1165 3253 1266 3296 serva-

116 3335 180 3414 vit,
209 3357 264 3400 neo
285 3348 316 3400 ut
335 3337 392 3401 alia
414 3338 551 3422 pleraque
572 3337 700 3402 sustulit.
746 3334 789 3400 lta
812 3357 922 3399 summa
945 3357 999 3400 soa
1021 3356 1086 3398 eum
1107 3333 1266 3418 ignominia

117 3437 212 3503 verba
234 3439 281 3504 illa
304 3440 474 3525 dereliquit:
505 3443 569 3501 lttr'r
592 3444 649 3502 erit
659 3443 750 3523 flatus
771 3450 800 3501 et
819 3442 926 3502 seritur
946 3442 1078 3501 monum.
1126 3433 1264 3500 Ceterum

118 3541 195 3625 qnod
219 3552 249 3606 et
265 3541 370 3627 digitus
393 3552 459 3627 post
475 3541 583 3605 obitum
605 3541 636 3605 in
655 3561 756 3625 aquam
774 3539 971 3625 immergitur,
1002 3553 1033 3604 et
1047 3560 1121 3624 aqua
1139 3539 1263 3623 linguam

116 3635 293 3728 r'elrigerat,
319 3644 359 3710 uti
380 3645 416 3709 de
434 3641 552 3708 Lazaro
572 3643 653 3708 dives
670 3643 818 3708 Abraarno
835 3641 963 3722 dicebat,
988 3643 1119 3726 qnodque
1137 3641 1264 3706 dentium
1401 3687 1404 3696 ψ

117 3745 228 3810 stridor
246 3759 292 3812 est
310 3769 344 3813 ao
362 3749 464 3828 lletns,
496 3755 668 3832 argumento
687 3755 734 3810 est
750 3745 995 3809 resurreetionam
1015 3765 1082 3809 esse
1098 3765 1263 3830 corporum,

117 3849 304 3932 quantumvis
318 3869 353 3914 ea
371 3871 444 3934 qnae
460 3850 496 3913 de
513 3859 693 3914 mortuorum
711 3847 927 3912 resurreetione
942 3867 1013 3912 vere
1029 3857 1098 3912 snat
1113 3869 1132 3910 a
1149 3845 1265 3912 domino

117 3947 231 4034 prolata
254 3971 340 4034 pecus
363 3950 412 4014 illa
433 3952 594 4016 sustulerit.

209 4050 309 4118 Solsol.
328 4049 428 4116 LVll.
461 4049 523 4118 lsta
546 4075 661 4139 quoque
684 4051 894 4139 praetermisit:
929 4057 999 4132 (lam
1028 4076 1092 4117 omo
1114 4062 1268 4132 resurgant

117 4159 226 4215 mortni
241 4167 271 4216 et
285 4157 398 4236 Moyses
415 4160 536 4218 ostendit
552 4161 663 4231 dotans,
696 4160 775 4218 darem
793 4157 936 4231 Atreum,
968 4167 996 4219 et
1013 4160 1092 4219 deam
1110 4160 1206 4230 lsoao,
1238 4165 1266 4214 et

116 4259 199 4318 deum
221 4258 320 4332 Iooob,
344 4259 423 4318 deum
445 4262 578 4320 nr'norum.

202 4356 305 4423 Relnt.
320 4356 420 4424 LVll.
453 4355 598 4442 Quoniam
615 4360 661 4424 bis
679 4359 780 4424 eadem
797 4381 814 4424 a
829 4359 975 4424 salvatore
990 4359 1113 4445 repetita
1128 4358 1264 4444 parabola

116 4471 184 4540 est,
212 4459 278 4525 ideo
296 4461 341 4528 bis
361 4480 425 4526 eam
443 4461 663 4548 proposuimus,
694 4482 733 4526 ne
750 4473 782 4527 nt
797 4463 1043 4528 circumforaneus
1061 4462 1117 4528 iste
1134 4459 1259 4540 Mareia,

150 4593 193 4650 29.
210 4599 290 4662 Supra
307 4596 404 4660 καθιὶς.
