3080 5002
367 317 616 372 amantiores.
634 316 770 370 ronta.
790 317 983 370 annuunt.
1194 301 1253 368 etl

100 451 142 497 ex
158 431 215 498 illis
230 435 302 520 ipsis
317 436 464 520 evangelii
478 437 607 521 reliquiis
621 457 695 522 quae
709 438 783 523 apud
800 447 829 500 te
845 435 971 522 scriptae
985 436 1182 522 reperiuntur,
1205 417 1256 502 ne-

99 557 158 620 que
181 538 282 602 fraude
307 549 355 602 tue
378 559 433 603 vos
455 539 662 605 circumveniri
684 541 819 625 patimur.

186 637 288 704 Sehol.
307 640 350 704 ΙΙΙ
367 653 397 705 et
413 641 549 706 XXVli.
583 645 723 705 Habentes
744 653 836 704 uetere
854 647 968 704 eundem
987 646 1117 723 spritium
1130 645 1209 724 fidei
1227 654 1408 710 notoncurt.

98 759 153 802 nee
167 747 316 818 munem,
336 757 454 825 propter
467 749 543 826 quod
554 757 584 806 ot
597 749 746 828 loquimur.
793 743 850 810 Ubi
865 765 955 808 voces
969 745 1034 809 illae
1049 745 1184 809 sustulit:
1209 751 1256 808 St-

98 856 152 906 αα
170 851 306 927 seraptem
328 859 380 908 est.

186 946 288 1011 llefut.
304 947 347 1011 lll
364 961 394 1014 et
412 950 549 1014 XXVll.
585 951 777 1035 Quocumque
794 950 943 1014 audaciam
964 960 1042 1014 tuam
1059 949 1255 1030 converteris,

96 1049 209 1113 nullum
226 1073 284 1135 quo
300 1061 328 1114 te
344 1053 459 1116 inseras
476 1054 585 1116 aditum
602 1053 747 1118 invenies.
794 1051 865 1118 Siue
883 1054 960 1117 enim
978 1052 1026 1116 illa
1042 1053 1151 1132 verba,
1176 1057 1259 1114 Sreot

95 1159 234 1234 cereptum
256 1166 313 1228 est,
346 1155 464 1233 ticieus,
496 1157 729 1219 antecedentium
748 1157 905 1220 verborum
927 1156 991 1242 ipsa
1010 1157 1104 1220 series
1122 1165 1253 1241 apparet.

97 1252 174 1318 Post
197 1257 268 1320 bueo
290 1257 366 1320 enim
390 1257 498 1336 verbu,
534 1263 650 1321 Credriie'
662 1271 779 1340 propter
798 1263 873 1340 quod
892 1262 1003 1320 notens
1023 1279 1099 1332 sum,
1134 1258 1256 1323 subinde

97 1358 231 1440 aequalia
248 1359 428 1444 subiungens
450 1360 491 1424 eit
510 1361 676 1445 apostolus,
706 1364 846 1424 Habentes
861 1366 975 1424 eunden
991 1365 1120 1442 eprrt'eem
1133 1364 1213 1442 fidet
1229 1373 1258 1422 et

95 1481 151 1522 noe
169 1466 323 1538 cotoneo,
353 1475 470 1544 propter
488 1468 563 1545 qood
579 1467 728 1544 loqoa'rnur.
774 1461 873 1528 Nemo
893 1475 990 1528 autern
1011 1463 1081 1526 illud
1100 1464 1255 1548 ignorate

96 1563 211 1646 psalmo
227 1559 348 1643 CXV.,
380 1566 425 1628 oui
444 1566 613 1652 inscriptum
630 1577 677 1630 est
692 1569 836 1640 Aruina,
869 1567 975 1650 quique
994 1567 1022 1630 in
1043 1563 1165 1629 [lavitis
1180 1566 1256 1629 libro

95 1665 207 1750 legitur
219 1678 251 1731 et
262 1667 341 1731 inter
355 1668 420 1732 eius
434 1667 554 1732 oracula
569 1679 719 1749 censetur,
738 1670 828 1733 verba
842 1668 890 1732 ille
906 1689 974 1732 esse
988 1669 1169 1753 deprompta,
1188 1672 1256 1730 Cre-

94 1772 162 1830 detti
174 1781 228 1831 ote.
275 1767 359 1834 Unde
376 1781 406 1834 et
421 1772 572 1856 apostolos
584 1771 727 1835 eiusmodi
744 1770 920 1836 senoerrtiana
936 1771 1101 1849 transtulit,
1125 1791 1159 1834 ae
1175 1769 1256 1834 sirni-

95 1870 168 1934 liter
184 1874 350 1958 expressit:
374 1879 493 1954 Propter
507 1878 582 1955 quod
594 1879 734 1936 aedanus
748 1886 778 1936 et
788 1897 839 1936 nos
850 1887 879 1936 et
892 1878 1048 1955 leqruinur:
1072 1872 1122 1937 ille
1137 1875 1254 1958 iuquam

96 1969 224 2052 Paulus,
248 1976 296 2059 qui
312 1997 352 2040 ex
368 1977 565 2061 apostolorum
582 1997 703 2040 numero
719 1998 795 2040 unus
809 1977 918 2041 extitit.
965 1973 1079 2040 ideirco
1095 1997 1152 2039 non
1168 1977 1253 2054 dixit,

95 2081 219 2158 Propter
236 2084 312 2160 quod
326 2090 357 2140 et
373 2083 497 2153 credidi,
528 2091 558 2140 et
574 2083 684 2140 loeutus
700 2101 776 2154 soem,
809 2079 877 2157 eetl,
910 2083 971 2142 Nos
987 2084 1126 2142 crudem
1137 2091 1256 2160 propter

94 2184 174 2262 qood
189 2193 217 2242 et
236 2184 392 2262 lcqorinur,
426 2192 457 2245 ut
473 2201 506 2245 se
524 2201 589 2244 mro
608 2181 730 2265 reliquis
745 2181 886 2267 apostolis
904 2181 1108 2267 coniungeret.
1154 2179 1256 2264 Quare

95 2283 140 2346 ita
154 2281 290 2367 scripsit:
315 2286 457 2346 Habentes
471 2288 586 2348 eundern
599 2290 745 2365 spuerem
770 2295 803 2348 ut
818 2285 988 2348 ostenderet
1002 2285 1080 2348 illum
1094 2283 1189 2369 ipsum
1207 2285 1254 2369 qui

96 2403 154 2470 pet·
166 2381 314 2448 Davidem
326 2385 500 2470 loquebatur
514 2407 568 2470 per
583 2387 733 2471 apostolos
750 2407 864 2471 quoque
880 2386 1012 2472 spiritum
1030 2405 1097 2450 esse
1112 2386 1253 2464 locutam,

93 2486 181 2551 ouius
199 2487 247 2550 ille
265 2489 408 2571 quondam
428 2489 552 2574 impulsu
571 2489 735 2553 vaticinans
753 2488 890 2567 eredidit,
924 2500 954 2552 et
969 2490 1004 2552 al
1022 2489 1146 2552 eundern
1164 2487 1255 2573 perti·

95 2599 204 2653 neem
220 2589 269 2653 isti
286 2591 372 2654 modo
389 2591 511 2654 credunt
529 2611 563 2654 ao
579 2591 747 2675 loquantur.
794 2589 940 2656 Versatur
955 2601 1051 2655 autem
1068 2591 1098 2655 in
1116 2591 1171 2655 hoc
1190 2591 1255 2654 loco

94 2691 280 2777 intelligendi
302 2713 337 2755 ae
358 2691 524 2776 disputandi
545 2713 685 2776 peruersa
707 2694 848 2778 quaedam
870 2713 905 2757 ac
928 2694 1039 2757 fraudis
1060 2693 1145 2778 plena
1165 2691 1253 2757 ratio.

94 2792 177 2858 Nam
202 2815 266 2858 eum
290 2796 441 2880 apostolus
464 2815 552 2860 unum
578 2796 760 2881 eundemque
782 2795 914 2881 spiritam
940 2815 1007 2868 esse
1032 2795 1164 2874 deliniat,
1200 2815 1256 2879 qna

95 2898 195 2960 fronte
219 2917 324 2960 vecors
345 2897 395 2960 ille
414 2895 548 2976 Marcio,
581 2899 628 2982 qui
653 2897 731 2962 illam
751 2919 921 2984 germanam
944 2897 1070 2984 apostoli
1091 2898 1253 2962 orationem

94 3018 165 3064 esee
188 3020 245 3064 nun
270 3011 358 3084 neget
378 2999 466 3064 alium
492 3011 560 3064 tunc
583 3001 715 3085 spiritum
734 3001 826 3067 luisse
844 3023 930 3086 quum
951 3001 1000 3086 qui
1017 3001 1157 3088 apostolis
1174 3001 1255 3065 dein·

94 3123 167 3188 ceps
190 3101 308 3166 alluerit
329 3124 418 3167 ausus
441 3113 487 3167 est
509 3103 659 3189 profiteri?

234 3291 282 3342 EX
300 3291 461 3343 EPISTOLA
478 3293 523 3343 AD
541 3291 716 3355 ROMANOS,
738 3292 828 3354 QUAE
847 3293 909 3344 EST
929 3290 1054 3342 ORDINE
1071 3291 1115 3342 lv.

182 3408 249 3472 linc
273 3411 350 3473 eninr
376 3410 480 3474 ordine
502 3431 520 3472 a
544 3407 697 3474 Marcione
724 3409 858 3495 ponitur3
891 3431 928 3474 ne
952 3409 1019 3494 quid
1044 3421 1156 3474 recturn
1180 3411 1253 3496 eputl

93 3513 177 3578 illum
200 3532 234 3575 ao
256 3533 426 3596 germanion
451 3511 626 3598 reperiatur.
761 3493 766 3508 ⁸

182 3611 284 3678 Sobel.
299 3613 313 3676 l
329 3626 360 3678 et
373 3613 524 3680 XXVlll.
561 3618 732 3696 (intentoque
743 3621 805 3678 orire
820 3620 882 3696 lege
892 3627 1091 3697 peecaverunt,
1116 3620 1177 3678 sane
1192 3619 1253 3697 Iege
1266 3639 1332 3684 nan.
1342 3639 1362 3694 a,
1374 3640 1406 3683 ra

93 3727 124 3777 et
133 3719 284 3796 pmlunt,
309 3729 338 3778 et
349 3723 514 3798 quatumque
529 3723 558 3779 r'n
573 3721 635 3798 lege
645 3730 849 3798 peecaverunt,
871 3740 925 3798 per
939 3721 1028 3798 legem
1042 3721 1251 3780 conectuntur.

93 3821 162 3880 Non
179 3824 250 3894 entur
269 3824 412 3882 auditores
428 3823 500 3901 legis
518 3824 589 3882 alosti
602 3824 679 3901 apud
694 3824 790 3895 deum,
821 3824 872 3881 sed
884 3823 1010 3902 sartores
1028 3823 1100 3900 legas
1117 3823 1254 3902 ruetpi'ce·

94 3922 213 3982 buum.

181 4022 285 4086 Relut.
307 4022 318 4085 l
337 4035 366 4087 et
382 4023 534 4088 XXVlll.
572 4023 605 4090 Si
630 4025 803 4110 quicumque
828 4025 892 4090 siue
917 4026 983 4110 lege
1006 4038 1165 4110 peccarunt
1188 4025 1253 4088 sine

95 4127 165 4209 lege
183 4125 303 4210 perituri
320 4137 400 4204 suut,
425 4129 557 4211 prolecto
573 4127 624 4190 lex
638 4127 762 4192 salutem
780 4127 935 4192 observata
953 4128 1105 4206 consiliat,
1131 4147 1186 4190 nec
1200 4147 1252 4190 ens

92 4227 144 4312 qui
161 4238 283 4292 serrant
297 4227 393 4314 perire
408 4228 558 4312 permittit.
598 4227 673 4292 item
690 4230 714 4292 si
732 4230 780 4314 qui
797 4230 825 4293 in
841 4230 906 4314 loge
921 4241 1081 4315 peccarunt
1095 4251 1147 4314 per
1159 4229 1252 4313 legem

92 4329 241 4395 iudicandi
260 4340 347 4411 sunt,
371 4331 461 4396 iudex
476 4331 563 4415 igitur
578 4332 843 4417 transgressionum
860 4333 911 4397 lex
926 4344 987 4413 est,
1011 4351 1086 4417 quae
1102 4353 1159 4396 non
1179 4332 1253 4396 iute-

20 4588 22 4594 ·
127 4551 171 4609 78·
189 4554 263 4617 Vutno
283 4550 326 4610 eni
342 4552 483 4623 sequerer.
725 4551 1002 4623 resumensque.
