3078 5012
316 265 377 326 574
584 309 589 314 -
736 275 856 328 εινοει
872 275 1043 328 mum!

315 397 413 475 βαλείν
428 393 470 467 είς
486 392 614 476 γέενναν.
659 387 723 458 Οόιι
741 387 796 474 είγι
817 393 865 467 δέ,
887 390 961 476 Οόχί
979 393 1063 458 πέντε
1078 395 1224 478 στρουθία
1239 389 1392 476 όσσαρίιν
1410 391 1468 460 δότ

316 499 491 574 πωλοῦνται,
506 495 555 558 καλ
566 498 601 560 ἓν
615 495 644 571 έξ
658 491 756 560 αὐτῶν
768 491 823 560 οῦκ
838 497 916 560 ἔστιν
930 495 1152 577 ἐπιλελησμένον
1166 493 1292 560 ένοέπιον
1303 501 1359 562 τοῦ
1373 503 1469 574 θεοῦς

398 594 429 660 λ’.
460 593 538 660 Ἀντί
555 601 617 676 τοῦ,
638 592 827 682 Ὅμολογήσει
841 595 968 663 ένοόττιον
985 603 1044 664 τῶν
1060 593 1189 682 όγγέλαν
1202 603 1255 664 τοῦ
1271 605 1357 675 θεοῦ,
1379 595 1468 664 Ἐνιέ·

315 724 384 764 πιον
403 705 457 763 τοῦ
477 706 570 779 θεοῦ,
591 699 674 784 λέγει.

295 840 297 849 1
397 799 450 866 λα’.
483 797 547 866 Οῦκ
568 801 623 884 ἔχει
646 800 694 880 τό,
715 797 749 866 ‘O
769 799 843 876 θεός
864 800 1041 884 όριφιέννυσι
1061 799 1114 868 τόν
1133 800 1247 888 χόρτον.

399 901 451 986 λβ.
481 899 578 986 ’Τριῶν
591 903 623 968 δέ
636 898 654 968 ό
666 901 761 989 πατήρ
775 900 855 969 οέδεν
868 901 913 969 ὅτι
926 901 1041 993 χρήζετε
1052 901 1175 984 τοῦτον,
1187 911 1246 970 νῦν
1258 909 1409 988 σαριιιιιόν
1419 903 1468 987 δή

398 1107 448 1194 λγ’.
481 1115 597 1190 Ζητεῖτε
614 1109 646 1174 δὲ
664 1107 716 1192 τήν
733 1112 880 1192 βασιλείαν
897 1117 949 1174 τοῦ
967 1115 1059 1188 θεοῦ,
1087 1110 1139 1174 καλ
1157 1115 1248 1174 ταῦτα
1264 1106 1361 1174 πόντιε
1377 1135 1467 1194 ιρις-

316 1209 470 1294 τεθήσεται
491 1206 569 1294 ὑμῖν.

401 1311 451 1404 λό’.
483 1310 561 1378 ’Λντί
582 1320 650 1394 τοῦ,
671 1311 705 1379 ‘0
726 1311 821 1400 πατήρ
843 1311 943 1396 όμιῦν,
966 1311 1000 1378 ‘0
1021 1311 1118 1400 πατήρ
1139 1310 1220 1398 είγεν.

406 1413 493 1482 ι*λεῖ
525 1413 604 1482 Ἀντί
616 1424 685 1496 τοῦ,
709 1418 840 1504 Δευτέρρι
854 1414 874 1499 ή
887 1419 969 1505 τρίτῃ
985 1422 1115 1506 φυλακῇ,
1136 1413 1211 1500 είγευ
1220 1413 1394 1501 Ἑσπερινήν
1409 1441 1465 1496 φν-

317 1516 419 1602 λακήν.
1116 1589 1123 1594 .

408 1619 497 1697 ῑῦλέ.
521 1620 605 1700 Ἥξει
619 1619 637 1688 ό
651 1619 755 1707 κῦριος
769 1628 824 1688 τοῦ
837 1618 945 1686 δοῦλον
960 1622 1085 1699 έκείνον,
1103 1621 1153 1688 καί
1168 1619 1350 1705 διχοτομήσει
1364 1619 1466 1700 ιιῦτόν,

318 1725 369 1788 καί
390 1721 423 1788 τό
446 1725 534 1810 μέρος
555 1721 647 1790 αὐτοῦ
668 1721 739 1806 μετὰ
760 1729 819 1788 τιῦν
840 1719 972 1788 ἀπίστων
993 1721 1088 1805 θήσει.

407 1823 498 1904 Ηίῖ.
527 1825 586 1909 Μή
599 1851 670 1894 ποτε
681 1823 832 1914 κατασύρῃ
846 1846 877 1890 σε
889 1822 965 1911 πρός
975 1822 1028 1892 τόν
1037 1822 1151 1910 κριτήν,
1164 1826 1215 1892 καί
1227 1821 1246 1891 6
1258 1825 1359 1911 κριτής
1371 1851 1467 1912 καρα-

319 1925 405 1992 δόσει
425 1949 458 1992 σε
478 1934 519 2017 τρῦ
541 1927 692 2014 πράκτορι.

409 2028 500 2113 Πλή.
527 2023 582 2096 Ἠν
597 2031 857 2114 περικεκομμένον
870 2027 929 2096 ἆπό
943 2035 1013 2108 τοῦ,
1030 2021 1145 2096 Ἦλθόν
1158 2053 1233 2106 τινες
1247 2027 1468 2115 ἀναγγέλλοντες

319 2131 399 2224 αὐτῷ
420 2135 489 2218 περλ
510 2140 570 2200 νῦν
591 2137 766 2211 Γαλιλαίαν,
797 2124 839 2198 οῦν
862 2129 894 2197 ιδ
919 2129 993 2214 αίμα
1014 2133 1144 2215 συνέμιξε
1164 2139 1295 2208 Πιλᾶτος
1316 2130 1388 2214 μετιλ
1409 2137 1468 2198 ειῖν

319 2243 434 2302 θυσιῶν
450 2233 558 2314 αῦτοῦν,
581 2237 636 2310 έως
653 2233 730 2300 ὅπου
746 2236 820 2319 λέγει
834 2236 902 2319 περί
916 2239 974 2299 τῶν
988 2237 1020 2300 έν
1035 2241 1075 2322 τῷ
1092 2233 1212 2318 Σιλωδμ
1227 2231 1378 2300 δεκαοκτοί
1392 2231 1467 2300 οἶκο-

319 2336 475 2404 θανόντων
492 2339 523 2405 έν
538 2344 578 2426 τῷ
592 2335 705 2427 πῦργςο.
749 2337 810 2400 Καί
828 2334 890 2416 ὅτι,
910 2333 980 2400 ’Edu
995 2335 1035 2419 μή
1049 2335 1259 2420 μετανοήσητε,
1280 2336 1330 2402 καί
1345 2337 1403 2412 έας
1416 2341 1467 2417 τῆς

320 2444 491 2527 παραβολῆς
504 2447 557 2523 τῆς
568 2447 675 2523 συνῆς,
703 2439 770 2523 περί
785 2430 823 2521 ής
837 2433 918 2504 είπεν
934 2434 952 2504 6
968 2435 1095 2525 γεωργός
1116 2437 1218 2518 ιδήτι,
1247 2436 1394 2517 Σκόπτιι,
1417 2437 1469 2504 τισί

320 2541 416 2624 βόλλω
438 2545 563 2628 κόπρια,
586 2544 636 2607 καί
657 2539 708 2607 έόν
729 2538 769 2623 μή
792 2538 919 2630 ποιήσῃ,
941 2542 1081 2622 ἔκκοψον.

402 2643 458 2709 λθ’.
493 2642 609 2729 Ταύτην
630 2643 662 2709 δὲ
683 2644 833 2728 θυγατέρα
852 2639 984 2728 Ἀβραόμ
1006 2646 1109 2726 έδησεν
1129 2641 1147 2710 6
1167 2649 1314 2719 Σατανᾶς.

403 2744 440 2828 ρι’.
472 2747 633 2832 Παρέκοψε
647 2745 744 2825 πόλιν,
764 2743 835 2810 Τότε
849 2741 965 2826 όψεσθε
977 2741 1110 2830 Ἅβραοίρι
1122 2749 1174 2812 καί
1183 2744 1280 2812 Ἰσαόικ
1292 2747 1343 2812 καί
1356 2741 1468 2826 Ἰαιιόβ

320 2849 370 2914 καί
386 2846 501 2923 πάντας
512 2846 582 2924 τοῦς
596 2845 759 2932 προφήτας,
780 2849 812 2914 έν
827 2853 862 2936 τή
878 2851 1009 2936 βασιλεία
1023 2855 1077 2914 τοῦ
1092 2853 1176 2914 θεοῦ.
1218 2845 1295 2914 Ἀντί
1310 2848 1342 2914 δέ
1359 2845 1466 2914 τοῦτον

320 2951 469 3033 έποίησεν,
489 2948 560 3016 Ὅτε
577 2947 690 3025 πάντας
710 2947 780 3026 τοός
796 2953 930 3026 δικαίους
948 2953 1027 3032 ίδτρτε
1049 2953 1081 3016 έν
1101 2957 1139 3040 τῇ
1154 2954 1286 3038 βασιλείᾳ
1304 2957 1362 3016 τοῦ
1379 2955 1465 3028 θεοῦ,

319 3047 397 3134 ῦμῦς
410 3051 443 3117 δὲ
456 3053 691 3135 ἐκβαλλομένους.
726 3050 903 3136 1’Ἐποίησε
917 3053 960 3131 δέ,
983 3054 1212 3138 Κρατουριένους
1225 3056 1290 3132 ἔξω,
1312 3055 1374 3132 καί,
1391 3049 1469 3118 Ἐκεῖ

320 3156 398 3220 έστιν
419 3151 438 3220 6
458 3153 613 3237 κλαυθμός
633 3157 684 3220 καί
706 3151 723 3220 6
746 3152 876 3240 βρυγμός
895 3161 955 3220 τοῦν
976 3152 1116 3222 ὀδόντων.
1183 3203 1189 3218 .

405 3254 462 3338 μα’.
493 3259 654 3342 Παρέκοψε
675 3254 764 3323 πόλιν
785 3254 834 3335 τό,
854 3255 997 3334 Ἥξονσιν
1016 3255 1076 3323 οίπό
1097 3255 1246 3324 όνατολοῦν
1266 3259 1320 3322 καί
1336 3261 1465 3339 δυσμιῦν,

321 3361 370 3426 καί
387 3358 635 3442 όνακλιθήσονται
650 3361 681 3424 έν
697 3366 732 3448 τῇ
749 3363 891 3448 βασιλείᾳ·
921 3361 972 3426 καί
988 3357 1037 3436 τό,
1071 3362 1110 3424 Οί
1123 3362 1237 3443 ἔσχατοι
1254 3361 1371 3426 έσοντωι
1386 3363 1464 3442 κρό·

320 3488 378 3528 τοι·
400 3463 449 3528 καί
466 3459 516 3540 τό,
540 3467 717 3546 Προςήλθον
734 3465 765 3526 οἱ
780 3467 938 3547 Φαρισαῖοι
953 3463 1096 3546 λέγοντες,
1118 3460 1241 3540 Ἔξελθε
1256 3464 1307 3526 καί
1326 3459 1465 3546 πορεόου,

320 3562 367 3630 ότι
381 3560 514 3648 Ἡρώδης
531 3585 563 3630 σε
580 3565 660 3629 θέλει
677 3559 860 3630 ἀποκτεῖναι·
891 3565 942 3630 καί
958 3561 1007 3642 τό,
1030 3560 1123 3642 Είκε,
1149 3564 1355 3648 Πορευθέντες
1371 3567 1465 3628 εἴπατε

199 3695 250 3741 μς.
264 3681 308 3728 ειο.
322 3672 359 3754 ιγ’
375 3662 501 3732 όλόπεκι
519 3665 626 3756 ταύτῃ,
657 3667 712 3741 έως
729 3664 801 3730 όιοιι
820 3663 917 3744 εἶπεν,
948 3662 1010 3729 Οόκ
1028 3667 1172 3748 ἐνδέχεται
1186 3663 1349 3750 προφήτην
1364 3662 1464 3732 6²0&-

320 3776 393 3832 σθαι
411 3764 676 3854 έξωἾεροιισαλήμ·
706 3769 801 3832 έθκαί
818 3766 868 3846 τό,
896 3765 1097 3851 Ἰερουσαλήμ,
1124 3765 1331 3852 Ἰερουσαλήμ,
1360 3763 1464 3850 ήᾶπο·

320 3874 472 3937 κτείνουσα
489 3869 559 3946 τοῦς
575 3868 744 3954 προφήτας,
773 3871 823 3934 καὶ
838 3873 1035 3952 λιθοβολοῦσα
1051 3868 1122 3945 τοός
1137 3867 1386 3952 ἀπεσταλμένους·
1416 3869 1465 3934 καί

321 3969 371 4052 τό,
403 3969 551 4048 Πολλάκις
571 3971 703 4056 ήθέλησα
725 3970 896 4050 έπισννόξαι
920 3969 962 4048 ιός
981 3969 1063 4056 ὅρνις
1084 3971 1121 4036 τό
1143 3973 1228 4037 τέκνα
1252 3991 1319 4038 σον·
1349 3972 1402 4036 καί
1424 3968 1464 4050 τό,

319 4073 449 4158 Ἀφίεται
474 4071 545 4158 όμῖν
565 4071 583 4140 6
605 4072 687 4152 οίκος
708 4073 803 4158 όμοῦν·
833 4075 884 4140 καί
903 4071 954 4153 τό,
987 4071 1089 4158 Οόμή
1106 4075 1186 4157 ἴδητέ
1202 4098 1254 4158 με,
1284 4075 1340 4150 ἕως
1358 4078 1465 4156 εἴπητε,

322 4174 537 4264 Εῦλογημένος.

356 4362 395 4419 14.
411 4371 562 4420 Βιτίδετολιιτ
575 4381 684 4420 numerus
698 4369 724 4418 ιἰι
738 4369 792 4418 edi&
800 4371 875 4431 γτίιιο.
945 4365 984 4418 ίῦ.
1002 4359 1038 4430 λζ
1054 4369 1104 4418 cod.
1120 4369 1193 4418 vatic.

321 4437 393 4486 Andr.
409 4437 515 4487 δολοίιαι
531 4451 573 4487 suo
588 4437 691 4497 ιτιιιιρλο
708 4437 832 4498 adscripsit
848 4438 877 4485 ἀι
945 4432 983 4484 16.
1000 4433 1039 4501 λη’
1056 4437 1107 4486 τοῦ.
1124 4437 1196 4484 Varie.

321 4503 373 4553 οοιί.
387 4504 514 4555 Vaticano:
530 4502 674 4568 „Invenitur
687 4519 801 4554 numeru·
815 4501 876 4555 36³⁸
945 4499 982 4552 17.
1001 4499 1040 4556 λλί
1056 4505 1107 4554 τινί.
1123 4504 1196 4554 Vatia.
