3080 5002
326 279 388 342 ωε
546 296 554 306 -
745 235 867 346 niffen
884 293 1052 348 τιατιωι

410 408 440 490 β’
450 409 501 472 καί
514 405 553 486 λζ’
570 407 656 492 Σχόλ
699 409 756 477 Διό
770 411 859 497 λέγει,
872 407 987 498 Ἔγειρε
1006 407 1025 476 ό
1043 413 1218 494 καθιιίδαν,
1242 413 1337 479 ο’ταί
1361 410 1477 478 άνιίστι

328 511 362 576 έκ
382 517 442 575 τῶν
462 519 589 596 νεκρῶν,
610 515 663 578 καί
684 513 841 596 ἐπιφαύσει
862 535 909 581 σοι
930 511 949 580 ό
966 516 1102 600 Χριστός.

410 610 438 695 γέ
453 615 504 678 καί
519 611 558 692 λζ’
570 613 680 701 Ἐλεγχ.
725 615 832 683 Πόθεν
853 625 894 706 τῷ
915 615 1067 707 άποστόλφ
1084 615 1117 684 τό
1138 615 1193 683 Διό
1216 619 1266 682 καί
1289 619 1383 705 λέγει,
1406 617 1477 684 όλλό

327 712 386 781 άπό
403 722 455 798 τῆς
469 722 597 792 παλαιῶς
614 721 703 801 δῆλον
718 717 883 802 διαθήκηςς
904 727 992 786 τοῦτο
1007 721 1039 785 δέ
1056 723 1213 806 ἐμφέρεται
1227 719 1309 806 παρά
1325 728 1368 810 τῷ
1384 718 1475 810 Ἠλίᾳ.

210 805 216 820 ’
327 816 424 884 πόθεν
438 819 471 884 δέ
489 815 599 903 όρμᾶτο
618 817 763 901 όἨλίας;
786 819 856 887 άλλά
872 819 915 899 είς
932 815 971 906 ἦν
985 829 1045 888 τῶν
1060 829 1239 910 προφητῶν,
1261 831 1321 890 τῶν
1336 823 1416 890 κατά
1428 825 1476 890 νά·

328 947 384 1006 μον
407 923 673 1004 πεπολιτευμένων,
700 921 760 990 άπδ
785 923 879 1007 νόμον
901 927 952 992 καί
974 932 1139 1012 προφητῶν
1157 923 1338 1011 όρμῶμενος.
1384 929 1428 990 El
1444 928 1477 991 δὲ

296 1033 300 1036 ’
329 1027 361 1090 έν
378 1030 495 1114 Χριστῷ
514 1024 714 1109 προεφήτευσε
728 1025 778 1106 τό,
792 1025 908 1114 Ἔγειρε
927 1025 945 1093 ό
961 1027 1134 1110 καθεύδων,
1156 1031 1206 1096 καί
1225 1025 1339 1094 άνάστα
1360 1031 1396 1094 έτ
1417 1037 1476 1094 τῶν

329 1129 455 1212 νεκρῶν,
480 1129 532 1193 καί
555 1127 711 1210 ἐπιφαύσει
735 1149 783 1196 σοι
807 1127 826 1196 ό
846 1129 989 1218 Χριστός,
1017 1124 1076 1218 άρά
1096 1157 1129 1219 γε
1152 1131 1186 1198 τό
1206 1133 1407 1217 πρωτότοκον
1427 1130 1476 1196 διά

329 1228 469 1316 Λαζάρου
482 1231 533 1294 καί
552 1237 611 1296 τῶν
626 1229 720 1297 άλλων
736 1232 938 1320 έπεπλήρωτο·
960 1236 1028 1320 περὶ
1050 1227 1092 1300 ῶν
1114 1237 1146 1300 οί
1167 1231 1303 1301 οθιιύτοῶ
1327 1233 1475 1318 άμφέχίιλ-

329 1340 395 1413 λον,
418 1331 538 1418 Μάρθα
562 1334 612 1398 καί
632 1339 754 1421 Μαρία,
775 1338 925 1422 λέγουσαι,
943 1335 1023 1420 Ἤδη
1043 1335 1117 1417 όζει,
1138 1336 1307 1424 τιταρταίός
1330 1339 1407 1403 ἐστι·
1428 1339 1478 1402 καὶ

330 1442 389 1502 τῶν
410 1442 465 1501 τοῶ
486 1433 725 1523 ἀρχισυναγώγου
746 1436 904 1524 λεγόντοιν,
928 1441 1046 1523 Μηκέτι
1064 1439 1195 1505 σκύλλετε
1216 1439 1267 1506 τόν
1289 1439 1477 1518 διδάσκαλον,

330 1541 380 1605 καί
396 1536 488 1605 αύτοῶ
502 1541 653 1626 λέγοντος,
676 1540 733 1624 Μὴ
752 1546 906 1624 φοβεῖσθε,
929 1540 965 1608 οά
981 1540 1037 1627 γάρ
1055 1540 1217 1622 άπέθανεν,
1239 1540 1309 1608 άλλά
1327 1545 1477 1608 καθεύδει

331 1648 446 1722 Σαφῶς
470 1639 525 1728 γάρ
551 1645 647 1708 ἔκτοτε
669 1641 703 1708 τό
727 1642 864 1731 κήρυγμα
886 1643 981 1710 έκάλει
1004 1642 1165 1711 ἀνάστασιν
1191 1643 1243 1710 διά
1264 1651 1399 1730 Χριστοῦ
1420 1649 1478 1710 ἔτε-

332 1756 417 1812 σθαι·
439 1747 491 1810 καί
509 1743 541 1812 τό
560 1743 777 1822 έξουσιαστικόν
797 1753 850 1830 τῆς
872 1745 1015 1832 εὐχερείας
1036 1745 1240 1827 ὑπεδείκνυεν,
1261 1751 1312 1814 ἵνα
1333 1746 1368 1814 τό
1391 1752 1479 1814 δανα·

331 1846 384 1916 τόν
398 1855 452 1913 τοῦ
468 1855 599 1933 Χριστοῦ
613 1845 767 1939 ύποδείξη,
790 1848 836 1916 ὅτι
851 1847 893 1926 ῶς
910 1857 952 1940 τῷ
966 1848 1119 1941 άνθράπηι
1138 1848 1264 1937 εύχερές,
1284 1849 1322 1916 ού
1337 1850 1392 1916 τόν
1406 1849 1479 1918 άπα-

331 1950 478 2031 θανόντα,
509 1948 579 2016 άλλά
602 1949 655 2017 τόν
678 1950 866 2018 καθεύδοντα
895 1951 946 2018 διά
969 1960 1071 2037 φωνῆς
1097 1955 1220 2040 ἐγεῖραι,
1250 1952 1348 2030 οῶτοις
1366 1957 1420 2020 καί
1440 1961 1481 2043 τῇ

337 2062 453 2144 Χριστῷ
469 2047 508 2138 ἦν
522 2051 693 2136 έτοιμύτατα
708 2053 741 2120 τό
758 2058 864 2135 εἰπεῖν,
886 2054 1004 2142 Λάζαρε
1019 2060 1109 2142 δεῦρο
1131 2057 1204 2135 ἔξω,
1225 2058 1276 2121 ιιαί
1291 2055 1344 2136 τό,
1367 2060 1481 2139 Κουμλ,

334 2161 424 2242 κουμί
445 2155 568 2237 ταλιθά,
590 2159 738 2223 τουτέστιν
760 2154 919 2242 Ἀνάστηθι
942 2155 963 2242 ἡ
988 2167 1072 2236 παῖς·
1105 2160 1200 2225 ”ml
1220 2156 1258 2226 δι’
1281 2151 1324 2226 σόν
1347 2162 1483 2246 ἐναργῶν

334 2260 509 2338 άποδείξεων
532 2259 674 2344 έσήμανεν
697 2259 714 2326 ό
736 2259 823 2346 λόγος
845 2260 899 2345 τὴν
921 2257 1005 2344 ἡμῶν
1028 2269 1144 2345 κτῆσιν,
1169 2259 1228 2328 άντδ
1251 2269 1367 2348 νεκρῶν
1386 2265 1483 2346 έργιν

335 2367 386 2431 καί
402 2363 499 2431 όπνου
514 2366 629 2450 βαρέως
645 2360 729 2446 ἡμῶν
744 2370 804 2429 τῶν
820 2389 890 2432 ποτε
905 2362 1116 2430 καθευδόντων
1132 2362 1318 2450 άνεγεέροντα
1337 2363 1391 2432 τόν
1409 2372 1484 2450 Χρι·

334 2465 404 2533 στδν
420 2469 471 2533 καί
489 2464 538 2531 διά
557 2473 610 2549 τῆς
625 2465 754 2550 κλήσεως
768 2473 931 2547 φωτίζοντα
948 2464 1042 2550 ἡμᾶς·
1063 2465 1129 2550 ἥτις
1147 2468 1248 2554 γέγονε
1267 2469 1391 2553 διεπέρα
1406 2468 1485 2550 αι’ίττγ

335 2573 437 2654 σχέσις.
485 2569 525 2635 Τδ
549 2569 581 2634 δέ
599 2570 707 2634 τέλειον
722 2571 772 2634 καί
788 2569 953 2636 καθολικόν
976 2566 1235 2656 προςδοκῶμενον,
1259 2567 1368 2636 ότανό
1392 2568 1486 2647 αύτός

336 2670 354 2740 ό
375 2675 480 2758 λέγων,
499 2670 574 2757 Ἐγῶ
594 2674 652 2755 εέμι
671 2669 692 2754 ἡ
712 2669 884 2752 άνάστασις,
911 2671 1025 2749 πάντας
1046 2673 1153 2762 καλέσῃ
1174 2675 1225 2738 καί
1247 2675 1347 2762 έγείρη
1370 2671 1484 2756 σάματι

336 2777 387 2842 καί
403 2781 502 2864 ψυχῇ,
524 2776 575 2840 καί
589 2779 704 2866 φατίση
720 2777 753 2841 έν
769 2802 805 2866 τγ
822 2772 913 2842 αύτοῦ
931 2773 1073 2866 μελλούσῃ
1088 2779 1244 2863 παρουσία.

421 3083 446 3170 γ’
465 3086 516 3150 καί
532 3087 576 3166 λη’
592 3081 678 3168 Σχόλ
719 3080 798 3149 ’Λντί
816 3081 968 3150 ο’τούτου
985 3088 1153 3166 καταλείψει
1173 3081 1340 3170 άνθρονπος
1355 3081 1409 3148 τόν
1429 3109 1484 3147 πα-

338 3189 407 3273 τέρα
424 3184 516 3254 αύτοῶ
538 3188 589 3253 καί
606 3183 660 3270 τὴν
679 3189 803 3273 μητέρα,
825 3188 877 3252 καί
893 3187 1101 3270 κολληθήσεται
1122 3213 1158 3278 εγ
1175 3187 1308 3272 γυναικί,
1330 3188 1383 3252 ταί
1403 3188 1482 3252 ἔσον-

338 3317 386 3358 ται
407 3294 439 3358 οέ
458 3288 512 3355 δύο
535 3291 577 3366 είς
597 3288 692 3376 σάρκα
713 3295 797 3374 μίαν,
818 3290 900 3374 παρά
921 3287 970 3369 τό,
997 3296 1040 3380 δῇ
1060 3293 1184 3374 γυναικί

423 3393 447 3479 γ’
466 3395 518 3459 καί
533 3392 577 3476 λη’
590 3391 700 3478 Ἕλεγχ.
743 3390 960 3458 ’Λποδέδεικται
979 3388 1117 3468 πολλάκις
1134 3390 1175 3475 μὴ
1196 3389 1332 3476 άίλότρια
1353 3387 1428 3458 clm
1447 3389 1483 3454 τά

214 3519 322 3580 γαμέτα
340 3501 372 3565 έν
394 3503 435 3586 τῷ
455 3495 538 3588 νόμην
558 3506 622 3573 τοῖς
643 3493 702 3562 άπό
727 3503 781 3562 τοῦ
804 3492 969 3562 άποστύλσυ
990 3496 1226 3578 διδασκομένοις,
1253 3491 1309 3560 ιιόιν
1332 3520 1362 3560 τι
1383 3493 1436 3574 σέ,
1458 3485 1482 3558 τί

341 3605 498 3687 Μαρκίων,
520 3598 703 3689 παρακόψης
717 3597 750 3664 τό
769 3602 899 3664 Ιυναικί.
941 3595 1012 3665 ’Ano'
1029 3603 1083 3664 τοῦ
1097 3597 1163 3684 γάρ,
1175 3596 1317 3664 Ἔσονται
1332 3599 1376 3674 είς
1389 3596 1483 3684 εάραα

341 3702 699 3789 μίανάδὴληζσουέσται
719 3699 741 3784 ἦ
761 3708 841 3769 πᾶσα
863 3705 1045 3790 δριδιουργία.

342 3930 419 3987 ΤΗΣ
436 3927 536 3983 ΠῬΟΣ
555 3932 583 3964 ⁹⁸
594 3927 829 3982 ΚΟΔΟΣΣΑΕΙΣ
847 3925 992 3980 ΟΓΔΟΠΣ
1010 3925 1103 3980 nm
1121 3923 1187 3980 Tol
1204 3923 1381 3980 mmm
1407 3925 1484 3980 ffl-

389 4014 537 4078 ΜΕΝΗΣ,
555 4013 648 4068 ΠΔΡΔ
667 4015 711 4068 ΔΕ
728 4012 794 4066 Tm
812 4010 1028 4070 ΑΠΟΣΤΟΔΩΙ
1044 4011 1219 4068 mom
1236 4009 1446 4070 mmm

428 4131 454 4198 α’
470 4133 521 4199 καί
535 4129 582 4198 λθ’
599 4128 684 4215 Σχόλ.
728 4128 786 4214 Μὴ
800 4121 855 4196 ούν
869 4155 913 4207 τις
927 4127 1007 4212 ύμῶς
1019 4130 1141 4215 κρινέτω
1158 4130 1190 4194 έν
1204 4126 1323 4216 βράσει,
1345 4125 1417 4210 ἢδν
1433 4127 1486 4194 τό·

377 4358 418 4412 89,
436 4363 510 4411 Verba
528 4357 573 4413 καὶ
586 4351 682 4412 άιέστα
698 4355 728 4410 έκ
740 4355 790 4411 τῶν
803 4355 897 4422 νεκρῶν
962 4353 1004 4408 91.
1021 4354 1075 4419 καὶ,
1089 4357 1232 4406 «homnibus
1243 4357 1309 4406 Ιιδνέτ
1319 4358 1431 4416 τιταίνει,
1444 4370 1486 4406 αα-

346 4431 506 4479 desiderantur
521 4443 600 4490 ιιιγτσ.
929 4428 987 4476 τίοίι
1000 4427 1089 4477 ποίσυίλ
1102 4427 1219 4474 Ριέσνίαν.
1252 4425 1304 4474 Non
1323 4425 1437 4474 ίνσιίίεαέι
1453 4427 1487 4474 αι’-

372 4496 426 4615 ’⁹⁰ss
439 4499 534 4548 Restitui
551 4491 634 4549 αὐτοῦ.
670 4496 742 4559 Vulgo
755 4497 816 4546 ιιιλσι
835 4499 899 4546 ταλαί
930 4496 1011 4547 deum
1030 4495 1189 4552 emelim
1206 4493 1314 4544 UWW
1327 4481 1405 4546 &⁹⁶5
1417 4489 1487 4560 θῦε·

348 4577 407 4616 αντα
