3078 5012
360 239 495 292 rnunnu
511 239 574 292 nro.
585 239 604 294 t.
621 239 701 293 rou.
715 239 758 294 nr.
774 241 872 294 nane.
887 243 967 294 xant.
1177 233 1239 297 ete

68 379 155 424 rore
174 369 316 428 versetur
331 357 516 440 Abraamus,
538 361 596 446 legi
613 357 729 447 Moysis
745 383 779 426 ao
796 362 943 448 prophetis
961 365 1157 432 testimoninm
1174 390 1238 454 por-

71 463 179 542 hibet,
207 484 262 526 nec
277 463 321 527 sio
336 474 472 548 tanquam
487 485 520 528 eu
537 483 610 548 quoe
629 465 725 528 tntnra
742 474 843 550 postea
859 477 927 530 sont
939 467 1069 551 ignoret,
1092 472 1143 533 sed
1160 482 1239 556 post·

73 587 216 650 eaqnarn
233 567 393 630 cuiusmodi
416 566 498 651 quies
518 569 566 632 illa
586 570 662 632 toret
679 568 860 654 experientia
881 568 991 632 didicit.
1037 568 1110 635 Post
1129 573 1238 637 obitum

75 669 165 732 enim
185 668 360 734 salvatorio
379 671 514 754 parabola
530 681 654 736 testatur
669 670 749 734 illam
769 671 912 758 perlegis
933 671 1083 756 dogmata,
1115 677 1238 760 prople-

75 783 194 856 tasque
214 772 334 836 salutem
352 785 642 854 esseconsecutum,
676 775 791 838 tametsi
810 785 876 838 ante
895 774 989 857 legem
1013 775 1062 840 illa
1082 777 1166 842 lactis
1184 799 1237 842 ex·

77 875 260 960 pressisset.
307 871 449 940 Similiter
470 896 522 940 eos
543 876 591 961 qui
613 877 706 959 legen
725 887 826 962 postea
844 889 1015 942 servassent
1036 899 1071 943 ac
1090 879 1238 966 prophetis

77 977 342 1094 obtemperassent
356 979 385 1042 io
404 979 469 1043 sinu
488 979 551 1044 eius
567 979 754 1064 acquiescere
770 989 801 1044 et
815 981 851 1044 ad
865 979 953 1044 vitam
971 1003 1035 1045 aum
1052 982 1116 1068 ipso
1134 1003 1238 1067 perre-

79 1081 165 1144 nire.
213 1076 345 1163 Quorum
370 1079 686 1146 enumeroLazarus
709 1082 780 1162 fnit,
811 1083 955 1168 quilegie
978 1084 1239 1202 prophetarumque

79 1183 261 1247 beneficio'
251 1205 282 1248 m
300 1185 417 1250 vitalem
433 1184 618 1250 beatitudinis
632 1185 725 1265 illius,
750 1206 806 1270 qna
823 1187 987 1250 Abraamus
1003 1187 1119 1267 fruitur,
1144 1187 1238 1251 sinum

82 1297 229 1372 receptos
252 1296 308 1350 est.

176 1385 278 1454 Sahal
298 1387 427 1454 XLVll.
461 1389 646 1455 llaecverba
661 1390 871 1475 praetermisit.
895 1395 1002 1468 Distu,
1028 1397 1296 1456 Seruariaata'lesane
1296 1414 1344 1468 .1r‚
1357 1415 1388 1460 ro.

83 1515 205 1556 sumac.-
228 1495 304 1575 quod
323 1495 465 1556 debuemus
477 1497 594 1578 stoma,
610 1496 743 1578 jamneus.

175 1593 279 1659 llelnt.
297 1593 426 1660 XLVII
459 1595 556 1661 Etiam
571 1597 661 1677 illam,
684 1611 769 1681 quam
786 1596 915 1660 doctriua
930 1596 1038 1662 domiui
1053 1597 1235 1683 praescribit,

86 1699 257 1762 cantionem
280 1699 422 1784 repudiat.
467 1695 583 1763 Etenim
603 1696 738 1764 Christus
760 1710 863 1763 cautos
885 1721 919 1763 ao
940 1701 1097 1786 prudentes
1116 1702 1238 1764 reddere

87 1795 248 1885 discipulos
265 1802 401 1880 studens,
437 1821 473 1866 ne
492 1803 529 1865 ob
546 1802 710 1888 superbiam
728 1801 826 1888 operis
845 1803 905 1866 suis
924 1803 1057 1866 mercede
1073 1803 1236 1888 prirentur,

88 1905 126 1968 ad
152 1903 342 1968 humilitatem
366 1905 528 1969 erudiebat.
573 1901 660 1988 Quod
683 1903 738 1968 iste
763 1905 965 1969 documentum
992 1905 1105 1986 reiicit,
1139 1916 1239 1990 utpote

89 2009 188 2072 elatus
212 2007 397 2092 arrogantia,
422 2029 479 2071 oon
501 2008 623 2071 veritate
643 2007 798 2071 subnixus.

179 2107 280 2175 Schol.
297 2107 441 2173 XLVlll.
475 2108 598 2194 Quando
619 2121 809 2174 occurrerunt
830 2109 931 2174 decem
951 2109 1069 2196 leprosi.
1118 2109 1216 2195 Quo
1208 2133 1237 2175 rn

92 2214 159 2277 loco
176 2213 265 2276 multa
283 2222 416 2291 resecat,
440 2212 537 2297 itaque
554 2212 670 2277 scribit·
694 2217 1009 2286 Etma'sueosdetrens,
1035 2217 1304 2276 ttrteada'teoornrc.
1320 2237 1350 2279 m.

91 2316 300 2378 sacerdotebus:
325 2335 358 2378 ac
375 2335 428 2400 pro
445 2315 510 2378 aliis
527 2313 582 2378 alra
597 2314 765 2400 supposuit
789 2315 830 2378 ita
846 2315 1029 2400 concipiens:
1054 2320 1144 2378 Multa·
1157 2329 1239 2379 auat
1252 2285 1288 2328 cs
1297 2287 1357 2341 Μ

92 2422 228 2500 leprosi
214 2441 242 2480 aa
258 2419 355 2480 uatus
370 2421 480 2480 Elt'saea
492 2421 660 2500 propdetue,
684 2429 714 2479 ot
727 2436 804 2480 nemo
819 2429 935 2479 mutus
952 2429 1009 2491 cst,
1033 2423 1087 2480 aria
1085 2421 1238 2480 'Naaman

93 2527 197 2602 Syrus.

179 2619 280 2687 Relrrt.
299 2621 443 2688 XLVlll.
476 2621 542 2686 Hoc
557 2622 587 2685 in
605 2622 670 2686 loco
687 2621 852 2708 prophetam
867 2621 1000 2684 dominus
1016 2619 1165 2686 Eliaaeum
1186 2644 1238 2687 no·

94 2725 200 2803 minat,
230 2745 320 2810 seque
344 2724 417 2788 adeo
439 2726 620 2789 demonstrat
640 2743 673 2788 ea
696 2743 769 2808 quae
791 2723 827 2786 ab
849 2723 899 2787 illo
917 2724 1009 2808 signis
1029 2733 1060 2786 et
1077 2725 1237 2790 involucris

94 2825 255 2912 aequaliter
277 2825 444 2891 adumbrato
469 2829 599 2906 luerunt,
631 2827 728 2911 reipsa
751 2825 929 2910 complesse,
961 2847 1019 2911 quo
1040 2823 1235 2906 Marcionem,

95 2953 129 2994 ac
152 2941 266 2993 eeteros
288 2949 390 2994 omnes
412 2929 614 3016 prophetarum
638 2939 853 3014 contemptores
875 2929 1035 2994 refelleret.

182 3028 281 3096 Seirai.
300 3031 420 3096 XLIX.
455 3037 571 3095 Veur'eat
589 3037 664 3107 dtas,
697 3037 807 3113 quanda
827 3035 1019 3096 desiderabitis
1040 3036 1133 3094 uuidere
1154 3053 1237 3094 uncam
1252 3053 1390 3110 captata

96 3159 132 3196 ea
153 3136 248 3196 datas
259 3136 327 3214 stlit'
345 3139 474 3198 damuati.

179 3231 280 3299 Retut.
301 3235 417 3302 XLlX.
451 3233 526 3300 Cum
545 3247 574 3300 et
592 3236 653 3299 dies
674 3247 821 3314 numeret,
855 3247 883 3300 et
904 3246 1013 3300 certam
1032 3233 1238 3320 tempusiudi·

96 3347 158 3414 cet,
189 3347 219 3400 et
237 3337 325 3402 ilium
342 3359 374 3402 ee
393 3338 516 3402 hominis
536 3337 675 3423 appellat,
703 3357 775 3400 sane
793 3357 958 3402 mensuram
975 3338 1117 3422 quandam
1134 3334 1239 3400 aetatis

97 3439 238 3524 significat
260 3461 295 3503 ao
321 3439 545 3526 praedicationis
568 3461 638 3504 snae
661 3437 808 3502 delinitum
835 3438 909 3502 diem
932 3439 1092 3502 constituit.
1136 3435 1239 3522 Quare

97 3563 155 3606 non
180 3563 287 3627 expers
311 3544 408 3626 carnis
432 3554 477 3607 est
496 3542 635 3622 verbum,
666 3542 716 3606 aed
734 3541 763 3605 in
780 3561 903 3627 corpore
919 3541 1091 3605 benevolum
1108 3540 1177 3604 illud
1194 3551 1240 3608 est

99 3645 143 3710 dei
165 3644 317 3709 consilinm
340 3647 512 3732 perlectum.
581 3717 584 3722 ,

180 3743 279 3811 Sahal.
299 3749 335 3812 L.
369 3753 452 3811 Dt'cit
472 3753 501 3810 er'
516 3751 642 3830 paritura,
673 3751 812 3826 Magister
831 3749 916 3821 done,
947 3747 1390 3827 purilsuar'earur'tamoap,1n‚1a.

98 3863 234 3912 aeteruum
245 3854 414 3932 possidebo?
455 3855 499 3912 Aa
514 3854 572 3925 ttte,
597 3851 693 3910 Nolite
706 3869 748 3910 tae
762 3852 854 3911 dicere
867 3851 984 3912 donum:
1008 3871 1080 3910 aaut
1096 3859 1138 3910 ert
1153 3851 1239 3911 doras

99 3957 172 4015 deas.
218 3951 335 4016 Adiecit
354 3952 419 4030 ille,
442 3955 536 4016 Pater.
582 3949 641 4018 Sed
660 3961 689 4014 et
706 3971 758 4037 pro
778 3971 813 4014 eo
831 3953 905 4035 quod
928 3960 991 4031 eat,
1014 3955 1151 4014 Mandata
1165 3955 1242 4014 aosn'

99 4055 212 4142 scripsit
232 4054 299 4135 ille,
323 4059 459 4117 Mandata
481 4061 554 4117 acui.

177 4155 278 4222 Relut.
299 4157 336 4222 L.
367 4154 416 4220 Ne
434 4158 568 4221 mandata
584 4168 670 4221 antea
686 4155 846 4242 perscripta
865 4155 955 4221 luisse
972 4165 1159 4235 monstrarat,
1183 4155 1237 4219 ista

132 4343 168 4397 17.
185 4349 252 4397 ttert
266 4343 327 4400 ideis
340 4350 395 4396 uate
409 4345 484 4414 μίαν,
501 4349 562 4411 quod
576 4360 648 4410 supra
716 4343 757 4397 19.
774 4363 787 4401 ο
781 4340 864 4405 iada
879 4359 951 4408 supra
968 4345 1121 4395 mutuatur.

101 4416 187 4478 puidam
204 4417 292 4478 tepttur.
715 4412 756 4465 20.
775 4415 854 4478 Supra
869 4411 1018 4478 Hpocddnae
1031 4406 1089 4466 rd‘'
1075 4429 1128 4474 ora,
1145 4408 1237 4466 Orca-

134 4480 170 4534 tu.
186 4477 199 4534 d
217 4480 246 4536 tt
261 4495 334 4546 mara
348 4484 499 4536 Mdduour.
683 4477 740 4550 ττῙρ
