3072 4986
249 303 288 364 64
669 308 789 362 Smer!
808 309 977 362 EPIPHANII

248 435 309 494 νῦν
325 423 566 508 κατοικησάντων
584 421 617 488 τό
645 426 717 508 πρίν
742 423 947 510 Ηέγκοίθετον
969 423 1133 511 διαγωγῆν,
1163 431 1229 502 ποῦς
1250 423 1400 509 ῆδόναντο

249 529 411 612 είποστῆναι
425 526 481 610 τῆν
495 533 555 592 ταῖν
569 529 687 610 θηρίων
701 523 839 612 σίρπαγῆν
855 553 886 592 τε
902 529 953 591 καλ
967 531 1043 608 βίαν.
1087 523 1120 590 Ὀ
1145 528 1177 592 δέ
1193 525 1328 610 βασιλεῦς
1349 552 1402 610 με·

249 628 467 713 ταστειλοίμενος
490 626 560 703 τοῦς
585 629 802 712 πρεσβυτέρους
825 629 912 712 ῆρετο
940 627 994 711 τῆν
1018 625 1119 704 αὐτοῖς
1139 631 1299 714 γενομένην
1321 627 1400 714 ἆγο-

249 732 305 820 γῆν
319 739 373 814 τῆς
388 733 420 796 ἐν
434 738 471 819 τῆ
486 726 614 816 Ἰουδαίᾳ
631 731 792 808 καθέξεως,
814 737 878 806 πῶς
891 753 921 794 τε
939 728 1133 795 διελάνθανον
1150 729 1202 796 τόν
1216 735 1403 816 τιῦνθηρίινν

218 837 221 846 ’
249 831 393 920 όρπαγῆν,
409 829 552 911 τοσαύτης
566 834 761 914 θηριοβολίας
775 834 826 896 καί
840 830 935 914 λύμης
948 830 1024 896 κατοί
1038 829 1091 916 τῆν
1106 839 1162 916 γῆν
1177 835 1291 914 ἐκείνην
1304 829 1401 914 ῦπαρ-

249 936 365 1020 χοόσης.
413 937 452 998 Of
466 933 498 998 δέ
517 930 571 1015 τῆν
593 939 647 997 τοῦ
664 940 740 998 θεοῦ
763 938 943 1016 νομοθεσίαν
965 931 1045 1023 αὐτῷ
1066 937 1230 1012 ἐδείκνυον,
1259 935 1310 1000 καί
1326 931 1401 1016 μετοί

251 1039 395 1112 συνέσεως
416 1033 496 1123 αὐτῷ
516 1032 796 1116 όπειιόλυπτοντῆς
813 1033 935 1120 εὐλόγου
952 1034 1072 1121 γνοίμης
1092 1033 1128 1099 τό
1145 1039 1277 1118 καθεξῆς
1297 1033 1403 1117 ηφῆ-

248 1163 356 1215 σαντες.
400 1134 459 1219 Μῆ
476 1133 624 1200 δύνασθαι
647 1133 703 1221 γαρ
721 1139 812 1202 ἐκεῖσε
829 1139 920 1212 ἐθνος
937 1139 1132 1218 καθέζεσθαι,
1155 1140 1182 1200 εί
1194 1139 1238 1220 μῆ
1252 1163 1281 1202 τι
1295 1134 1333 1202 οίν
1346 1134 1404 1202 τόν

248 1241 341 1326 νόμον
357 1245 412 1306 τοῦ
432 1244 508 1303 θεοῦ
524 1244 577 1302 τοῦ
592 1236 722 1322 οὐρανοῦ
738 1236 791 1304 τόν
809 1237 858 1304 διδ
872 1239 1030 1314 Μωῦσέας
1050 1241 1177 1304 δοθέντα
1200 1239 1402 1304 έπιτελέσαιεν.

248 1341 337 1408 Εἶναι
355 1339 412 1428 γόρ
429 1338 481 1405 τόν
495 1336 568 1404 θεόν
588 1337 639 1406 τόν
661 1336 890 1425 όπερασπίζοντα
906 1347 958 1422 τῆς
972 1347 1040 1425 γῆς,
1063 1339 1103 1423 μῆ
1119 1339 1280 1423 βούλεσθαι
1296 1342 1328 1406 δέ
1341 1367 1402 1406 πα-

249 1443 387 1530 ραβάσεις
409 1444 441 1508 έν
458 1439 534 1529 αότῆ
554 1437 624 1526 παρ’
640 1443 737 1506 ἐθνῶν
752 1439 924 1522 όλλοφόίοιν
945 1447 1079 1526 γίνεσθαι
1094 1445 1327 1526 είδωλολατρείας
1347 1445 1404 1508 καὶ

248 1554 308 1614 τῶν
328 1544 430 1610 όλλοον.
473 1541 507 1607 Ὁ
530 1542 561 1607 δέ
585 1542 791 1626 ἐπιμελόμενος
811 1545 862 1608 καλ
882 1542 1061 1626 πειθόμενος
1075 1552 1111 1634 τῆ
1130 1551 1189 1609 τῶν
1206 1541 1401 1622 υίναδιδαξόν-

252 1675 312 1716 ταν
329 1644 511 1734 α’ληθεστότη
529 1647 668 1733 ἐρμηνείμ
686 1642 866 1730 όντίγραφον
882 1653 936 1711 τοῦ
954 1645 1049 1728 νόμον
1064 1645 1175 1734 ῆτησεν.
1201 1649 1242 1712 Οί
1255 1647 1286 1711 δέ
1298 1644 1402 1726 α’φθό-

130 1791 182 1837 μς.
195 1777 228 1822 a
254 1777 314 1825 νας
338 1746 498 1822 δεδωκότες
520 1745 590 1828 μετοί
612 1748 663 1811 καλ
680 1753 735 1811 τοῦ
752 1746 846 1828 νόμον
863 1743 994 1830 Ἕσδραν
1016 1745 1080 1812 τινοί
1097 1749 1175 1832 ἱερέα
1194 1747 1404 1816 ἀποστέλλουσι

250 1847 410 1932 παιδευτὴν
418 1856 472 1914 τοῦ
480 1847 576 1930 νόμου
586 1846 645 1914 οίπό
656 1853 843 1932 Βαβυλῶνος,
856 1848 931 1932 πρός
945 1847 978 1915 τό
990 1854 1147 1914 παιδεῦσαι
1159 1849 1230 1925 τοῦς
1245 1853 1277 1916 ἐν
1292 1857 1327 1940 τῇ
1339 1857 1405 1916 Σα-

251 1957 357 2040 μαρείᾳ
374 1953 577 2026 καθεσθέντος
590 1947 770 2034 Ἀσσυρίους,
795 1949 865 2026 τοῦς
879 1953 1159 2035 προδεδηλωμένους
1179 1957 1405 2028 13ἐέουθαίους

249 2059 301 2122 καὶ
321 2053 441 2132 ἅλλους,
464 2052 514 2119 τόν
529 2055 621 2134 νόμον
635 2051 686 2119 τόν
701 2054 866 2128 Μωῦσέας.
910 2059 1028 2118 Γίνεται
1050 2054 1081 2118 δὲ
1103 2060 1189 2119 τοῦτο
1210 2055 1241 2120 ἐν
1264 2061 1304 2142 τῷ
1319 2079 1402 2140 τρια·
1460 2046 1464 2052 ’

251 2165 348 2246 κοστῷ
367 2159 423 2221 ἐτει
439 2159 528 2220 πλείοι
548 2154 569 2237 ῆ
591 2153 700 2220 ἐλαίσσα
718 2162 770 2235 τῆς
784 2163 837 2221 τοῦ
852 2152 970 2240 Ἰσραῆλ
986 2157 1035 2220 καί
1049 2152 1240 2239 Ἰερουσαλῆμ
1257 2159 1404 2238 αἰχμαλω-

158 2341 161 2346 .
249 2265 323 2336 σίας.
365 2255 519 2324 Ἐπαίδευε
538 2262 639 2324 τοίνυν
652 2255 783 2342 Ἔσδρας
804 2259 855 2322 καί
875 2261 906 2322 οί
921 2254 980 2340 μετ’
997 2253 1091 2322 αότοῦ
1109 2254 1143 2322 τό
1160 2260 1244 2343 γένος
1260 2257 1293 2324 τό
1308 2259 1340 2323 έν
1358 2271 1401 2348 τῇ

249 2365 420 2448 Σαμαρείᾳ,
441 2361 492 2424 καί
506 2358 673 2443 ἐκλήθησαν
688 2365 886 2442 Σαμαρεῖται.
917 2362 949 2424 οί
963 2358 1015 2425 τόν
1031 2358 1124 2440 νόμον
1145 2357 1195 2424 διδ
1215 2366 1269 2424 τοῦ
1286 2357 1404 2446 Ἐσδρα

249 2472 303 2530 τοῦ
326 2459 385 2528 όπό
412 2468 590 2548 Βαβυλῶνος
613 2459 737 2544 ἣκοντας
762 2459 972 2542 διαδεξόμενοι.
1017 2469 1129 2543 Διῆλθε
1148 2462 1180 2526 δέ
1199 2460 1304 2546 χρόνος
1325 2463 1405 2527 ἐτιῦν

248 2564 464 2649 τεσσαράκοντα
479 2562 587 2642 ἄλλων,
615 2565 667 2628 καί
681 2560 701 2647 ἡ
716 2565 893 2646 αι’χμαλινσία
915 2558 1038 2646 όνείθη,
1068 2567 1120 2628 καλ
1139 2561 1269 2648 ἀνῆλθεν
1281 2561 1404 2648 ’Ῑσραῆλ

250 2664 309 2734 dud
330 2673 383 2748 τῆς
404 2668 591 2745 Βαβυλῶνος.
1284 2751 1286 2756 Ι

115 2789 182 2855 Κεφ.
197 2782 232 2852 η’.
332 2765 454 2848 Ἐπέστη
482 2767 515 2852 δέ
538 2766 716 2850 θαυμάζειν,
748 2773 813 2843 ποῦς
835 2769 1001 2850 συμβέβηκε
1027 2765 1064 2832 τό
1091 2768 1214 2852 τέσσαρα
1243 2769 1317 2850 έθνη
1346 2770 1404 2833 καί

249 2871 390 2952 τέσσαρας
410 2869 535 2952 αίρέσεις
558 2870 591 2934 ἐν
613 2865 691 2957 αὐτῷ
713 2875 754 2956 τῷ
774 2871 855 2934 έθνει
872 2871 1026 2954 γενέσθαι,
1049 2871 1126 2952 φημί
1141 2870 1174 2934 δέ
1191 2876 1310 2955 πρῶτον
1334 2865 1402 2934 Ἐσ-

250 2977 362 3054 οηνῶν,
393 2969 528 3056 δεότερον
561 2977 764 3056 ιΓορθηνοῖν,
793 2975 891 3054 τρίτον
920 2975 1108 3053 Σεβουαίαν,
1145 2973 1282 3058 τέταρτον
1310 2979 1404 3036 Δοσι-

248 3075 339 3140 θέαν.
382 3069 538 3138 Ἐντεῦθεν
561 3069 637 3158 είρχῆ
662 3098 713 3153 μοι
738 3076 844 3156 γίνεται
867 3080 921 3154 τῆς
947 3079 1001 3138 τοῦ
1024 3075 1237 3158 ἐπαγγέλματος
1256 3070 1330 3138 κατοί
1353 3075 1404 3138 αἱ·

251 3177 358 3260 ρέσεοιν
371 3183 581 3259 πραγματείας,
599 3173 651 3238 καλ
667 3171 700 3240 τό
717 3177 827 3253 αἴτιον,
849 3173 931 3250 όποις
950 3174 1148 3257 2διασαφῆσα
1168 3177 1200 3240 ἐν
1214 3179 1318 3261 βραχεῖ
1330 3177 1403 3260 ἐροῖ.

254 3283 291 3344 Τί
313 3279 346 3342 δέ
364 3279 443 3343 ἐστιν
467 3275 535 3343 ἄλλο
556 3275 578 3361 ῆ
601 3275 646 3342 ότι
667 3273 727 3342 α’πδ
743 3284 796 3358 τῆς
812 3284 871 3341 τῶν
890 3283 1029 3361 γλωσσῶν
1046 3274 1220 3362 πολυφόρου
1237 3275 1404 3358 σίλλοιοφοο-

249 3384 315 3456 νίας
330 3381 421 3460 φυίαέ
438 3378 588 3465 γεγόνασι,
609 3376 686 3443 κατοί
702 3379 735 3444 δὲ
751 3377 875 3460 ἑκάστην
888 3377 986 3461 φολῆν
1002 3404 1032 3444 τε
1049 3380 1100 3444 καλ
1114 3383 1305 3464 πατριαρχίαν
1320 3381 1403 3463 ἔθνη

250 3480 381 3569 διιίφορα
400 3484 544 3568 προέστης
579 3488 649 3546 Πᾶν
668 3481 701 3547 δέ
720 3483 811 3556 ἐθνος
826 3482 920 3569 ἐαυτῷ
945 3479 1142 3566 προεστῆσατο
1158 3483 1277 3564 βασιλέα
1293 3484 1337 3557 τίς
1350 3507 1402 3547 κε-

251 3582 356 3664 φαλήν.
399 3586 576 3668 Συμβέβηκε
600 3585 631 3650 δέ
655 3581 715 3648 όπό
738 3581 847 3648 τοῦτον
875 3582 1002 3666 πόλεμον
1027 3581 1101 3649 εέναι
1122 3585 1172 3649 καί
1192 3585 1326 3648 ἔνστασιν
1344 3586 1402 3649 καί

252 3685 463 3768 συμπληγόδας
486 3689 586 3752 ἐθνῶν
611 3689 643 3752 ἐν
669 3689 770 3751 ἐθνεσι
793 3687 1052 3770 συββηγνυμένυν,
1080 3683 1204 3752 ἐκόστου
1224 3687 1402 3768 βιαζομένου

251 3781 284 3849 τό
304 3787 382 3850 ίδιον
393 3789 508 3871 θέλημα
523 3795 743 3874 προτιμᾶσθαι,
764 3790 806 3862 είς
822 3786 928 3852 ἔαυτόν
944 3787 975 3852 δέ
998 3785 1034 3852 τοί
1056 3794 1117 3852 τῶν
1140 3789 1230 3863 πέλας
1252 3785 1400 3872 ιίποφέρε·

250 3895 338 3965 σθαι,
360 3884 410 3952 διαί
425 3886 479 3971 τῆν
496 3891 582 3979 ἐντῷ
598 3895 654 3980 βίρι
669 3892 701 3956 ἐν
718 3886 787 3973 ἡμῖν
802 3897 893 3954 πᾶσιν
915 3887 1073 3976 όιιόρεστον
1087 3892 1264 3968 πλεονεξίαν.
1310 3888 1401 3956 offro

249 3989 301 4056 καί
316 3990 349 4054 ἐν
362 3987 457 4077 τοότιμ
475 3997 515 4076 τῷ
533 4000 626 4080 καιρῷ
646 4000 688 4081 τῷ
704 3993 964 4080 προδεδηλωμένρι,
986 3992 1203 4076 μεταπεσούσης
1212 3999 1267 4057 τοῦ
1279 3991 1401 4076 Ἰσραὴλ

249 4100 304 4176 τῆς
322 4099 392 4175 μιᾶς
415 4095 575 4175 θρησκείας
597 4096 647 4158 καί
672 4103 726 4178 τῆς
746 4091 823 4160 κατὰ
842 4092 894 4159 τόν
908 4093 1003 4175 νόμον
1019 4101 1136 4180 γραφῆς
1158 4097 1201 4172 είς
1217 4097 1300 4180 ἕτερα
1315 4096 1400 4180 γένη,

286 4317 323 4368 ίί.
348 4347 406 4378 ,,-
426 4314 576 4368 admirantes
598 4315 631 4366 de
660 4333 744 4368 eorum
765 4317 806 4386 qui
874 4318 913 4370 12.
938 4313 1068 4385 φῆοαντες
1094 4323 1203 4382 tampsi
1224 4335 1253 4370 τε
1281 4321 1402 4374 Μαί.

249 4384 317 4452 prim
331 4385 531 4436 inhabitaverant
544 4383 612 4435 firma
626 4383 685 4434 ιεδε
701 4401 731 4435 ευ
745 4385 805 4448 vita,
839 4389 936 4438 Ρείονίί.
963 4389 1029 4437 Libri
1044 4389 1116 4450 υαίςο
1131 4389 1214 4438 hom
1226 4381 1375 4454 φείσασθαι.

248 4451 520 4574 ρὲρίριοὲίορπςέιρὶριίοι
532 4453 672 4506 ιαιιίοετε“
686 4459 737 4506 νκίί.
751 4469 805 4507 νοπ-
874 4453 914 4506 ίθ.
931 4453 1060 4514 Καθαίους
1075 4457 1130 4508 nu
1145 4457 1225 4507 θείαν.
