3112 4984
416 345 552 400 ransart
569 345 632 397 uta.
648 347 668 398 ι.
683 346 765 398 rou.
778 346 810 399 tt.
828 347 925 400 usna.
940 349 1048 400 xxvu.
1243 339 1305 403 ιιι

158 488 222 531 rum
239 485 348 530 nomen
364 465 426 528 sois
441 465 576 530 omnibus
591 465 715 545 alliuxit,
732 465 917 552 indidemque
933 463 1067 532 Gnostici
1081 467 1135 547 illi,
1154 471 1309 556 dequibus

156 569 294 656 proxime
319 567 547 653 disputavimus,
572 563 775 652 Cataguostici
797 567 911 652 potius,
941 568 996 632 boc
1019 581 1067 634 est
1087 576 1238 636 Βαπυιιιιοι
1259 597 1309 661 ap·

157 669 297 757 pellandi.

171 812 174 818 ι
244 768 305 836 Sed
323 782 357 836 ιιι
370 771 405 835 ad
419 767 628 856 Carpocratem
644 771 774 851 redeam,
794 771 819 835 is
834 792 1000 857 supremum
1018 772 1131 857 quidem
1149 776 1308 864 principum
1327 785 1387 856 Cap.
1403 789 1436 842 11.

158 896 247 938 unum
272 874 397 952 asserit,
427 874 608 956 eundemque
632 883 782 958 parentem
805 873 951 954 omnium,
980 883 1010 937 et
1033 875 1229 960 incognitum,
1254 903 1308 946 uec

158 977 218 1041 ullo
241 975 360 1039 nomine
380 963 586 1058 significatum¹
594 975 712 1060 perinde
734 985 766 1038 ut
782 974 891 1038 caeteri
914 976 1011 1040 studet
1027 997 1175 1044 asserere.
1219 977 1310 1046 blon-

157 1079 225 1142 dnm
242 1098 315 1140 vero
334 1087 365 1140 et
384 1097 458 1161 qnae
476 1077 582 1140 mondo
599 1077 787 1141 continentur
803 1075 839 1139 ab
857 1076 970 1159 angelis
992 1099 1060 1142 esse
1080 1081 1173 1158 tacta,
1196 1082 1245 1165 qui
1263 1084 1310 1146 in·

158 1180 279 1265 cognito
295 1179 346 1242 illo
361 1189 482 1263 parente
500 1178 587 1262 longe
604 1179 773 1242 interiorem
790 1177 937 1262 dignitatis
951 1179 1083 1244 ordinem
1104 1191 1215 1246 tenent.
1245 1181 1309 1250 Eos

157 1302 231 1347 vero
249 1280 354 1346 statuit
369 1280 405 1344 ab
420 1299 558 1364 suprema
574 1279 683 1342 virtute
698 1279 866 1343 deficientes
882 1282 1017 1346 mondum
1031 1281 1118 1345 istum
1135 1283 1308 1350 fabricasse.

158 1380 258 1448 lesum
277 1403 365 1466 porro
389 1380 536 1445 dominum
553 1392 683 1444 nostrum
702 1403 719 1445 a
735 1377 860 1466 losepbo
876 1383 1022 1465 genitura,
1047 1383 1089 1446 nti
1106 1387 1215 1449 caeteri
1233 1407 1311 1450 mor·

159 1485 236 1549 tales
251 1506 293 1548 ex
307 1483 364 1547 viri
378 1482 567 1566 mulierisque
583 1481 695 1546 semiue
710 1494 912 1567 procreantur.
942 1483 1029 1548 llouc
1042 1485 1091 1568 qui
1105 1486 1175 1552 nibil
1190 1487 1310 1552 omnino

159 1585 284 1670 reliquis
303 1585 338 1650 ab
354 1583 518 1649 bominibus
539 1584 682 1662 differret,
706 1585 783 1648 vitae
799 1585 893 1648 solum
908 1605 1030 1668 genere,
1054 1608 1089 1650 ac
1106 1589 1309 1673 temperantia,

160 1700 192 1752 et
213 1689 341 1766 virtute,
364 1707 398 1750 ac
420 1687 530 1751 iustitia
552 1687 746 1771 praestitisse.
791 1683 851 1751 Sed
875 1707 940 1750 cum
964 1688 1085 1752 firmiori
1106 1691 1310 1776 vegetiorique

161 1811 249 1876 qnam
267 1788 316 1852 alii
333 1787 466 1852 bomiues
485 1798 565 1852 esset
581 1789 677 1853 anima
694 1787 859 1873 praeditos,
882 1808 1039 1873 eorumque
1058 1811 1131 1875 quae
1147 1812 1263 1856 sursum
1280 1794 1312 1858 iu
1342 1783 1347 1796 ’

160 1890 305 1974 incogniti
324 1889 452 1974 parentis
475 1889 614 1953 comitatu
629 1890 744 1954 viderat
763 1890 959 1969 meminisset,
984 1891 1129 1956 immissas
1150 1893 1186 1957 ab
1208 1895 1311 1959 codem

160 2003 285 2080 prante
302 1992 332 2054 in
349 1993 413 2055 eins
430 1991 555 2056 animam
570 1991 695 2056 virtutes
714 2013 781 2055 esse
795 1992 905 2068 dicunt,
928 2002 961 2055 nt
977 2013 1078 2056 eornm
1096 2015 1169 2077 quae
1185 2017 1313 2082 aspexe-

160 2105 210 2159 rat
227 2094 382 2158 recordata
399 2093 646 2176 corroborataque
666 2093 832 2157 conditores
849 2093 927 2158 orbis
942 2095 1062 2178 angelos
1078 2096 1233 2180 effugeret,
1257 2099 1313 2162 boe

160 2197 228 2282 ipso
249 2195 325 2280 quod
342 2215 396 2280 per
411 2195 510 2258 omnia
528 2215 626 2258 rernm
644 2195 764 2277 quaein
781 2195 887 2258 mundo
906 2206 989 2273 sont,
1013 2195 1218 2283 acdooomque
1237 2219 1313 2283 quaa

161 2295 382 2362 abdominibus
401 2295 616 2382 suscipiuntur,
640 2317 751 2380 genera
768 2297 925 2376 transiret,
948 2298 1079 2381 adeoque
1096 2299 1222 2364 scelesta
1241 2320 1313 2365 exe-

161 2399 328 2483 crandaque
350 2397 512 2462 clanculum
530 2400 661 2462 facinora
679 2409 878 2483 perpetraret,
903 2409 933 2462 ut
954 2399 995 2462 ita
1012 2400 1125 2463 deorum
1148 2401 1313 2466 actionibus

163 2501 300 2566 omnibus
317 2501 486 2584 perlnncta,
511 2499 659 2583 liberaque
681 2500 783 2564 eadem
803 2498 871 2563 lesu
888 2499 986 2574 anima
1005 2501 1185 2585 incognitum
1203 2503 1238 2568 ad
1261 2525 1314 2589 pa·

162 2613 279 2668 rentem
298 2601 447 2681 evolaret,
466 2623 489 2664 a
508 2623 564 2686 quo
584 2601 652 2665 illae
672 2611 754 2664 crant
775 2601 899 2666 virtutes
915 2601 1065 2666 immissae
1085 2623 1206 2688 quarum
1223 2604 1314 2670 benc·

163 2705 232 2770 ficio
255 2725 308 2789 per
329 2703 427 2766 omnia
450 2703 492 2766 uti
514 2702 640 2767 diximus
661 2703 808 2766 actionum
830 2723 940 2788 genera
965 2705 1097 2768 traducta
1120 2707 1314 2793 exsolutoque

163 2827 283 2872 sursum
306 2806 341 2869 ad
366 2825 433 2870 eum
455 2815 634 2890 penetraret.
678 2803 729 2870 Sic
752 2825 825 2890 quae
850 2805 913 2868 eius
934 2805 1044 2870 similes
1066 2817 1167 2872 esseut
1187 2808 1313 2890 animae,

164 2909 270 2973 iisdem
287 2906 418 2972 addictas
432 2906 548 2986 stu'diis,
572 2907 733 2992 eodemque
748 2907 833 2970 modo
847 2907 998 2986 liberatas,
1023 2909 1057 2972 ad
1072 2908 1250 2994 incognitum
1264 2932 1316 2997 pa·

165 3019 282 3074 rentem
298 3009 417 3072 evolare
434 3029 563 3088 sursum,
587 3009 654 3072 dum
671 3008 866 3072 lunationibus
882 3009 1016 3074 omnibns
1032 3010 1131 3089 obitis,
1155 3023 1185 3076 et
1199 3011 1236 3096 ab
1251 3012 1317 3076 uoi-

163 3111 265 3175 rersis
285 3110 394 3195 pariter
416 3110 569 3196 expeditae
586 3110 724 3196 deinceps
745 3110 773 3174 in
792 3110 956 3175 libertatem
974 3123 1157 3178 asseruntur.
1202 3111 1316 3178 Verum

165 3211 245 3298 quod
263 3212 360 3275 anima
378 3209 445 3275 lesu
465 3213 493 3274 io
512 3208 683 3274 ludaeorum
700 3211 803 3275 ritibus
820 3214 947 3276 contrita
963 3213 1084 3296 angelos
1101 3213 1167 3276 illos
1187 3223 1316 3276 coutent-

166 3315 295 3400 psisset,
321 3314 357 3376 ob
374 3313 403 3375 id
418 3313 543 3376 virtutes
559 3311 726 3397 accepisse,
751 3313 855 3398 quibus
876 3335 941 3377 euru
962 3313 1127 3376 constitutis
1150 3313 1185 3378 nd
1207 3333 1317 3398 poenas

168 3415 319 3480 bominum
337 3413 576 3500 perpessiouibus
600 3415 718 3498 defungi
743 3415 903 3500 potuisset,
934 3415 1030 3478 mundi
1052 3413 1117 3478 illos
1139 3413 1317 3480 architectos

168 3516 398 3582 transcenderit.
432 3513 539 3599 Neque
554 3515 668 3580 veroid
686 3538 772 3581 uuam
790 3514 858 3581 lesu
875 3515 1001 3580 animam
1017 3515 1157 3600 perficere
1173 3514 1317 3601 potuisse,

168 3618 224 3684 sed
240 3629 270 3682 et
284 3617 371 3681 aliam
389 3618 562 3702 quamlibet,
586 3638 660 3701 qnae
676 3639 729 3703 per
746 3619 878 3682 actiones
896 3615 1036 3682 eiusmodi
1052 3617 1258 3702 progressione
1276 3620 1319 3683 la-

170 3731 221 3784 cta
242 3740 334 3804 snper
352 3719 518 3783 conditores
535 3719 614 3783 orbis
631 3720 751 3804 angelos
767 3721 865 3784 efferri
883 3718 1025 3804 potuerit3
1050 3718 1122 3781 baec
1139 3718 1215 3783 enim
1232 3721 1258 3784 si
1273 3721 1319 3786 vi·

167 3843 220 3886 res
235 3822 383 3906 acceperit
398 3823 478 3906 paria
495 3843 559 3885 com
578 3820 644 3886 lesu
663 3822 820 3906 eademque
837 3819 1013 3906 praestabit,
1037 3830 1069 3882 ut
1084 3821 1169 3904 paulo
1185 3833 1252 3886 ante
1274 3825 1318 3888 di-

169 3923 283 3988 ximus.
322 3919 371 3986 Ex
388 3944 445 4006 quo
463 3921 561 3988 miseri
579 3924 627 3988 isti
644 3923 811 4009 impostoris
827 3923 904 3987 illius
919 3921 1020 3986 fraude
1036 3922 1149 4008 decepti
1166 3934 1224 3987 tam
1241 3924 1319 3988 into-

169 4024 284 4089 lerabili
303 4025 471 4109 arrogantia
489 4037 570 4103 sont,
596 4036 627 4088 ut
643 4047 676 4088 se
695 4026 740 4090 vel
758 4023 874 4110 ipsimet
892 4021 961 4088 lesu
979 4027 1198 4111 anteponendos
1214 4027 1319 4090 existi-

171 4137 263 4192 ment.
309 4123 423 4190 Horum
440 4127 488 4190 alii
512 4149 570 4192 noo
593 4126 708 4210 quidem
727 4124 813 4205 lesu,
836 4129 887 4190 ssd
904 4125 1012 4208 Petro,
1034 4128 1190 4206 Andreae,
1211 4124 1317 4208 Paulo,

171 4227 282 4292 ceteris
299 4228 440 4313 apostolis
454 4239 603 4313 praestare
618 4248 685 4292 sese
700 4228 799 4293 dicunt
814 4251 879 4292 com
896 4229 1071 4294 abundantia
1087 4229 1210 4314 quadam
1223 4226 1320 4292 soien-

171 4330 242 4407 tiae,
266 4339 328 4392 nrm
344 4331 420 4412 quod
436 4330 659 4415 progressiones
674 4331 821 4394 variasse
837 4332 977 4396 decursos
993 4331 1078 4414 longe
1094 4332 1130 4394 iis
1145 4329 1319 4396 cumulatius

172 4430 312 4495 obierint.
357 4429 499 4495 Nonnulli
521 4451 592 4495 vero
606 4442 674 4496 sont
692 4432 741 4516 qui
760 4433 838 4496 iuter
859 4455 892 4497 se
909 4454 943 4496 ac
961 4433 1107 4496 dominum
1123 4440 1255 4494 nostrum
1271 4428 1319 4496 le·

172 4554 238 4598 sum
258 4529 408 4596 Cbcistum
430 4533 502 4597 nibil
521 4533 666 4598 interesse
686 4547 838 4600 censeant.
884 4532 998 4621 Quippe
1023 4533 1135 4596 animae
1157 4553 1197 4598 ex
1219 4533 1320 4598 eadem
