3100 4984
362 329 499 381 rinnon
516 329 579 382 uro.
595 331 613 381 1.
630 329 711 382 rou.
726 329 758 380 n.
777 327 875 380 utun.
888 327 1011 382 xxxnr.
1204 317 1266 382 409

110 462 175 531 est,
209 471 369 536 quaecum
392 451 421 514 in
443 451 550 515 ceteris
573 451 608 514 ad
629 450 776 535 antiquam
795 449 930 514 haeresin
951 449 1125 531 ascribitur,
1157 462 1216 516 tum
1236 451 1265 514 io

111 555 148 618 iis
170 575 244 639 quac
268 554 339 618 deus
362 553 443 620 bisce
463 553 562 618 verbis
585 553 704 617 statuit:
738 555 795 631 Qut
813 555 992 615 maledr'orerr't
1008 559 1091 634 patra·
1106 558 1152 616 vet
1165 560 1260 628 nant,
1278 569 1404 624 neema.

110 669 200 720 morte
216 662 364 720 morantur.
411 656 459 720 Ad
481 656 550 720 illud
577 677 649 720 vero
674 675 767 740 genus
788 655 862 738 quod
883 656 1009 740 typicum
1028 657 1092 720 sive
1111 637 1418 722 adunrbra-M⁸²‘¹''¹⁵’⁴'

111 771 172 823 tum
191 760 313 838 dicitur,
346 760 374 822 id
393 779 479 824 omne
497 759 640 844 pertinet,
672 759 747 842 quod
765 757 935 841 spiritalium
954 767 1041 842 atque
1059 759 1265 824 excellentium

109 883 210 926 rerum
228 862 334 948 bguras
350 863 498 942 continetq
522 861 684 925 cuiusmodi
699 869 767 924 suut
782 880 932 924 sacrorum
950 861 1166 924 offerendorum
1184 883 1267 926 cere-

110 967 240 1044 moniae,
264 965 461 1042 circumcisio,
485 963 653 1042 sabbatum,
677 961 832 1040 ieiunium,
857 962 980 1047 pascha,
1005 983 1127 1048 azyma,
1151 964 1265 1048 aliaque

110 1068 216 1131 similia
233 1067 297 1152 lege
314 1068 504 1152 praescripta.
551 1062 637 1148 Quae
651 1065 748 1129 omnia
763 1087 828 1129 com
845 1065 915 1128 nibil
932 1065 1008 1129 aliud
1024 1077 1141 1150 praeter
1158 1067 1266 1150 figuras

110 1180 200 1254 atque
220 1170 364 1253 imagines
385 1171 500 1246 forent,
533 1171 674 1254 patefacta
696 1167 821 1231 veritate
842 1167 981 1231 translata
1002 1179 1087 1247 sunt,
1118 1169 1267 1232 imovero

109 1273 187 1358 quod
210 1273 244 1338 ad
269 1283 423 1340 externam
448 1272 576 1358 speciem
599 1271 720 1350 attinet,
752 1291 893 1355 usumque
918 1291 1108 1356 corporeum,
1139 1271 1264 1348 sublata,

73 1447 82 1464 ‚
109 1375 234 1460 spiritali
251 1377 373 1460 quadam
391 1375 504 1438 ratione
520 1383 632 1437 retenta
648 1385 727 1438 surrt.
771 1371 877 1436 lisdem
894 1373 1000 1460 quippe
1016 1373 1200 1438 manentibus
1216 1375 1266 1436 ad·

109 1477 350 1542 bacnominibus
370 1497 467 1541 rerum
485 1487 531 1540 est
551 1477 626 1540 tacte
648 1475 780 1540 mutatio.
825 1473 903 1540 Nam
923 1477 1029 1541 ollerre
1049 1477 1164 1562 quidem
1182 1497 1266 1541 sacra

109 1579 246 1644 dominus
261 1579 402 1644 instituit:
427 1589 528 1642 utnon
547 1588 689 1642 mutarum
707 1573 865 1664 pecudum,
890 1591 940 1644 aut
954 1581 981 1644 id
998 1601 1091 1664 gerres
1108 1581 1265 1658 suffituum,

110 1683 164 1748 sed
184 1682 324 1766 spiritalis
344 1682 440 1767 potius
458 1682 550 1744 laudis
568 1702 602 1746 ac
621 1680 846 1766 praedicationis
867 1693 897 1746 et
915 1683 1126 1763 eucharistiae,
1158 1693 1217 1746 tum
1237 1683 1265 1745 iu

109 1786 259 1850 bominum
275 1806 369 1868 genus
387 1783 569 1848 liberalitatis
584 1805 618 1846 ac
634 1783 855 1848 beneticentiae.
900 1783 979 1849 ldcm
997 1785 1165 1849 «circumcidi
1182 1806 1266 1872 prae·

108 1899 192 1952 terea
210 1909 269 1952 uon
284 1889 434 1973 corporis,
458 1888 509 1951 sed
525 1871 622 1950 cordis
637 1886 783 1971 animique
799 1888 978 1973 praeputium
995 1887 1087 1952 iubet.
1134 1885 1264 1972 itemque

108 1990 224 2056 seruari
243 1990 412 2068 sabbatum,
446 2001 475 2054 ut
494 2011 511 2054 a
531 1991 628 2076 pravis
646 1991 789 2054 duntaxat
806 1991 970 2054 actionibus
990 1991 1140 2055 feriemur.
1188 1987 1264 2054 leiu-

108 2113 182 2156 uare
199 2113 288 2177 porro
305 2113 369 2156 com
384 2091 517 2178 imperat,
543 2114 601 2156 non
616 2092 693 2155 illam
710 2093 842 2177 corporis
857 2093 995 2171 inediam,
1019 2094 1070 2157 sed
1088 2092 1177 2157 animi
1194 2103 1265 2157 tem·

109 2194 273 2282 parentiam
290 2196 440 2274 decernit,
464 2207 495 2259 ut
512 2217 528 2258 a
544 2194 662 2278 flagitiis
676 2194 809 2259 omnibus
825 2194 1034 2260 abstineamus.
1080 2193 1263 2280 Quamquam

108 2319 126 2360 a
143 2296 255 2361 nostris
271 2297 422 2360 exercitiis
439 2298 508 2361 illud
525 2319 640 2382 quoque
656 2297 794 2360 ieiunium
811 2298 973 2376 adhibetur,
994 2309 1137 2383 quatenus
1152 2299 1186 2362 ad
1204 2298 1266 2361 ani·

109 2421 225 2464 morum
242 2399 394 2463 utilitatem
410 2401 523 2463 confert
541 2399 666 2483 aliquid,
690 2399 715 2464 si
732 2422 796 2464 com
817 2401 929 2465 ratione
946 2402 1100 2486 suscipias,
1126 2422 1185 2465 noo
1200 2401 1265 2463 imi-

109 2503 189 2568 tandi
208 2502 377 2587 cuiusquam
394 2503 508 2581 studio,
534 2524 592 2565 uon
608 2503 831 2582 cousuetudine,
857 2525 913 2568 uon
931 2515 1075 2568 certarum
1091 2503 1203 2566 dierum
1218 2523 1266 2567 re·

107 2606 232 2692 ligioue,
258 2605 305 2670 vel
321 2606 440 2670 delinito
454 2606 551 2690 aliquo
566 2617 715 2691 tempore3
739 2607 911 2690 praesertim
929 2627 992 2671 cum
1010 2605 1073 2670 veri
1090 2606 1191 2670 ieiunii
1207 2625 1266 2668 me-

108 2708 233 2772 moriam
252 2707 389 2785 refricet,
414 2720 446 2771 ut
463 2708 511 2792 qui
531 2709 656 2772 nondum
675 2707 745 2772 illud
763 2709 889 2774 assecuti
912 2709 1037 2786 tuerint,
1062 2709 1098 2772 ab
1115 2708 1265 2774 exteriore

108 2809 336 2874 commonefacti
351 2809 472 2874 alterius
489 2811 692 2874 recordentur.
738 2807 881 2876 Similiter
896 2821 926 2876 et
939 2811 1045 2898 pascha
1062 2811 1215 2896 azimaqoe
1232 2812 1263 2874 ti·

106 2933 198 2997 guras
215 2913 350 2976 extitisse
361 2913 501 2996 quasdam
516 2911 621 2976 l‘aulus
635 2911 697 2998 ipse
713 2913 859 2978 declarati
877 2919 995 2989 Praeda,
1015 2914 1118 3000 inquit,
1137 2927 1263 2977 noenum
1279 2929 1296 2974 1.
1306 2929 1359 2975 oar.
1368 2931 1389 2986 s,
1399 2931 1420 2974 a·

108 3019 271 3078 immolatus
284 3027 327 3076 eet
341 3019 487 3077 Cdrcbtuer
512 3025 558 3094 et,
586 3019 713 3089 ilduini,
738 3015 795 3094 ait,
820 3023 984 3098 czpmr'aon
996 3020 1128 3080 babentes
1135 3021 1267 3100 sermen-

109 3131 168 3180 tum
191 3119 380 3202 (termentum
403 3139 475 3182 vero
498 3117 636 3202 malitiam
658 3119 816 3204 appellat),
844 3124 896 3181 sed
914 3125 978 3182 er'ttr
999 3142 1070 3182 novo
1091 3125 1261 3200 conspersio.

196 3321 249 3388 Sic
266 3323 356 3407 igitur
375 3322 425 3386 lex
443 3323 525 3408 ipsa,
549 3344 635 3408 quam
656 3345 673 3386 a
694 3325 749 3388 deo
768 3345 902 3388 manasse
924 3325 1051 3389 latentur
1068 3345 1188 3404 omnes,
1213 3324 1264 3388 tri·
1284 3325 1343 3394 ΟΨ·
1360 3327 1402 3378 vt.

110 3427 214 3491 leriam
232 3425 382 3489 dividitur.
417 3423 447 3488 ln
464 3447 526 3488 eam
544 3438 655 3512 partem
671 3447 755 3511 quarn
770 3426 901 3491 salvator
916 3427 1057 3514 implevit.
1092 3427 1173 3490 llaec
1189 3427 1266 3491 enim

109 3529 226 3606 omnia,
257 3533 323 3592 Non
337 3532 462 3601 occides,
489 3531 554 3590 Non
570 3532 773 3602 moechaberis,
798 3532 863 3591 Non
875 3533 1031 3610 pietates,
1057 3530 1085 3592 in
1103 3529 1175 3594 iiscc
1194 3551 1263 3594 coa·
1278 3544 1347 3590 arca
1361 3547 1395 3602 aa,

110 3631 253 3710 tinentnr,
278 3635 343 3694 Noa
357 3635 501 3704 eborensi,
525 3633 590 3694 Non
604 3636 792 3712 concupisces.
841 3629 874 3695 ln
892 3652 957 3694 eam
972 3653 1046 3718 quae
1061 3632 1176 3719 penitus
1194 3633 1263 3698 sub·
1276 3598 1394 3712 pm,

109 3735 166 3799 lata
182 3747 241 3798 est.
288 3733 342 3797 llis
359 3734 434 3797 eninr
450 3733 630 3818 praeceptis,
656 3737 772 3796 Oculum
783 3757 839 3816 pro
856 3737 953 3810 oculo,
978 3741 1085 3799 dentem
1097 3759 1153 3818 pro
1168 3741 1259 3812 dente,
1270 3751 1416 3810 bertrando.

109 3857 273 3922 quaecum
298 3834 439 3900 iniustitia
461 3835 601 3921 permista
622 3850 709 3915 sont,
736 3837 858 3923 eiusque
879 3859 980 3921 secum
1004 3839 1110 3924 aliquid
1134 3840 1263 3920 trabunt,

110 3938 266 4004 contrariis
294 3938 405 4022 legibus
429 3938 598 4024 derogatur.
651 3937 809 4004 Contraria
835 3961 922 4027 porro
945 3961 1012 4004 sese
1037 3943 1162 4005 invicem
1188 3941 1264 4026 peri-

109 4053 201 4107 munt.
248 4045 312 4121 Ego
328 4046 399 4103 enain
421 4045 484 4104 dico
501 4045 578 4104 vodis
596 4047 706 4105 omnino
727 4066 783 4104 non
800 4048 932 4106 restitere
949 4048 1032 4108 anolo.
1079 4049 1139 4108 Sed
1154 4050 1183 4106 sd
1196 4048 1413 4124 perstruendae.

143 4178 183 4232 rc.
196 4178 277 4246 λέγων
285 4183 379 4241 reposui
389 4193 419 4229 ee
428 4181 496 4230 codd.
508 4181 580 4229 Vetto.
596 4181 669 4229 venet.
703 4193 755 4230 com
772 4183 834 4230 atita.

111 4251 183 4312 rupe
200 4253 265 4298 atat
282 4245 389 4312 liparae.
736 4247 761 4298 2.
779 4245 936 4315 ἐπιθυμῆσαι
948 4251 1016 4300 codd.
1027 4253 1098 4302 Vctic.
1111 4253 1185 4301 Venel.
1209 4246 1262 4302 dnt-

143 4317 182 4370 17.
201 4317 259 4366 God.
276 4317 351 4366 tenet.
368 4315 417 4381 τῆς
435 4310 525 4380 ζύμης·
704 4313 830 4383 benicet<
848 4319 898 4368 cod.
913 4319 1010 4380 libratio.
1027 4323 1048 4367 et
1063 4321 1118 4368 editt
1133 4320 1194 4367 ΗΜ.

142 4385 182 4438 ld.
198 4381 229 4436 di
245 4387 330 4446 scripu¹
344 4397 388 4446 pro
403 4397 447 4448 τι,
470 4384 533 4446 quod
549 4385 601 4434 libri
616 4385 671 4434 reti·
737 4384 761 4434 3.
779 4383 846 4450 μηδὲ
864 4379 959 4448 ὀμόσαι
975 4387 1052 4436 aanor
1065 4399 1094 4435 ee
1106 4387 1175 4436 codd.
1191 4388 1262 4438 t'ottc.

107 4460 168 4505 ml.
706 4455 782 4503 Venti.
815 4457 841 4504 ln
857 4457 925 4504 edicte
939 4455 1017 4514 libris,
1042 4457 1067 4502 ttt
1083 4456 1154 4505 eliam
1168 4457 1195 4510 itt
1210 4456 1261 4508 dod·

143 4519 183 4574 19.
202 4523 260 4572 cod.
278 4522 355 4571 Venet.
372 4517 460 4588 tepeo.
705 4522 818 4585 ancta,
835 4535 864 4572 eo
880 4525 951 4572 uerbo
967 4523 1136 4572 derideamur.

142 4589 202 4641 Car.
213 4589 256 4640 vt.
270 4615 305 4628 -·
321 4588 342 4640 l.
358 4582 449 4650 Οὕτως
460 4592 552 4642 ttotebot
562 4591 672 4652 umato,
739 4585 764 4640 l.
782 4591 839 4642 dod.
856 4591 931 4642 l'enct.
947 4586 1024 4643 dorla.
