3080 5002
363 336 498 389 rnnnnn
515 335 771 392 murreum.
788 337 996 390 suanm.
1199 329 1261 392 695

97 479 138 524 ao
162 458 276 540 bouus,
300 457 390 530 elium
416 457 555 544 produxit
579 457 676 524 deum.
720 457 771 524 Ab
798 458 853 522 boc
878 457 1016 524 universa
1041 459 1157 524 condita
1181 473 1260 542 sunt,

98 563 219 626 coebum
237 561 376 628 videlicet
393 583 428 626 ac
448 572 543 640 terra,
568 573 726 646 ceteraque
746 581 824 645 quae
840 560 876 623 in*
893 561 947 625 boc
970 562 1077 626 mundo
1099 563 1259 628 ceruimus.

99 663 167 730 Sed
186 664 233 728 bic
253 665 371 733 minime
386 664 480 728 bouus
499 664 611 744 erasit,
636 667 757 750 eiusque
775 681 864 748 opere
887 663 983 730 omnia
1000 683 1059 728 uon
1076 664 1151 730 bene
1172 667 1260 747 tecta,

101 789 139 831 ac
163 787 216 854 pro
239 768 313 832 mata
337 768 413 832 illins
437 779 535 832 mente
558 768 684 832 suntab
708 769 757 832 illo
781 766 932 830 fabricata.

191 867 302 934 Verum
321 870 386 954 quis
405 870 453 934 illa
477 871 612 954 dogmata
631 871 777 956 patienter
798 870 915 949 audiat,
940 889 995 934 nec
1017 868 1160 934 insaniam
1184 870 1387 949 idumeop.11.
1460 852 1471 869 ’

102 975 203 1060 potius
220 983 249 1036 et
265 973 421 1038 amentiam
440 973 582 1042 irrideat?
625 970 748 1038 Duobus
767 972 873 1058 quippe
896 973 989 1036 modis
1013 973 1066 1036 bac
1092 973 1207 1056 quidem
1230 975 1260 1038 iu

101 1076 243 1162 opinione
259 1075 377 1142 minime
393 1085 591 1140 consentanea
606 1076 723 1141 videtur
736 1097 883 1140 asserere.
917 1073 1017 1160 {taque
1034 1075 1078 1138 sic
1091 1075 1171 1140 idum
1188 1086 1259 1140 tam-

101 1201 190 1264 quam
207 1188 391 1264 praesentem
407 1178 551 1264 alloquar.
598 1176 654 1244 Dio
671 1179 753 1259 mibi,
777 1180 864 1244 sodes
883 1179 1019 1262 Apelles:
1045 1178 1100 1242 boc
1116 1178 1193 1242 euim
1212 1181 1261 1242 do-

101 1283 165 1362 bir,
195 1282 316 1366 opinor,
345 1291 397 1344 aut
418 1281 498 1346 ilium
523 1301 689 1366 supremum
714 1283 800 1348 deum
826 1284 924 1346 sutura
951 1279 1153 1361 nescientem,
1184 1281 1260 1348 buno

100 1405 190 1470 quern
205 1384 278 1448 diois
300 1404 388 1470 opera
407 1405 459 1448 sue
479 1385 555 1448 male
572 1384 751 1463 fabricasse,
775 1385 925 1450 effinxisse
940 1385 1044 1462 deum,
1069 1395 1120 1448 aut
1135 1405 1200 1448 cnm
1218 1396 1260 1450 ta-

100 1490 159 1552 tem
187 1487 249 1550 iore
276 1498 488 1570 cognosceret,
519 1487 585 1552 ideo
611 1488 805 1572 produxisse,
837 1499 868 1552 ut
895 1509 996 1552 eorum
1024 1497 1104 1552 essct
1129 1488 1259 1572 ipsorum

101 1611 226 1668 caussa,
250 1610 325 1675 qnae
343 1589 417 1654 mate
437 1601 538 1674 postea
556 1589 696 1655 condidit.
742 1588 790 1655 Eu
808 1613 865 1676 quo
884 1611 1069 1676 consequens
1090 1601 1136 1654 est
1156 1612 1259 1676 supre-

99 1716 179 1760 mum
196 1693 276 1759 illum
296 1693 379 1756 deum
405 1693 489 1778 piane
507 1703 670 1758 creatorem
691 1713 776 1774 osse,
801 1694 848 1779 qui
872 1715 960 1758 uuum
978 1693 1058 1759 illurn
1082 1695 1257 1780 procrearit,

101 1821 118 1864 a
137 1796 329 1881 quocondita
346 1807 414 1860 suot
431 1796 539 1860 omnia.
573 1793 673 1879 Quare
694 1817 798 1862 caussa
815 1796 873 1860 erit
892 1796 981 1862 etiam
996 1797 1045 1860 ilie
1062 1819 1121 1860 non
1143 1797 1191 1882 qui
1209 1817 1258 1862 rcs

100 1910 217 1964 creatas
235 1899 342 1979 edidit,
367 1899 417 1964 sed
437 1919 567 1964 summus
584 1899 646 1985 ipse
665 1900 808 1964 creatoris
828 1909 947 1978 auctor,
971 1899 1019 1985 qui
1043 1899 1082 1964 sit
1104 1899 1258 1966 universo·

99 2025 165 2066 rum
188 2001 299 2088 opifera.

185 2103 252 2172 Hoc
268 2125 339 2170 vero
356 2105 477 2190 insuper
494 2106 640 2170 affirmes:
665 2105 822 2192 postremis
839 2105 1017 2191 temporibus
1035 2106 1154 2170 affuisse
1173 2101 1258 2170 Chri-

99 2220 195 2286 stum,
225 2208 352 2292 supremi
377 2208 511 2272 nimirum
536 2229 571 2272 ao
590 2206 668 2272 Boni
693 2209 738 2274 dei
760 2209 866 2286 fitium,
891 2210 1012 2294 eiusque
1035 2209 1166 2295 spiritura
1190 2229 1258 2274 son·

100 2324 191 2389 ctum,
217 2311 252 2374 ad
269 2331 370 2376 eorum
388 2311 522 2376 similiter
540 2312 665 2376 satutem
681 2311 729 2396 qui
745 2312 780 2374 ad
800 2311 891 2395 ipsius
906 2311 1036 2378 notitiam
1054 2313 1254 2397 pervenirent.

99 2414 237 2480 Eundem
255 2434 344 2498 porro
364 2435 421 2478 uon
439 2413 537 2498 specie
560 2415 731 2500 apparuisse
748 2415 829 2494 sola,
854 2415 904 2478 sed
923 2435 1028 2480 revere
1044 2435 1162 2478 earnem
1179 2436 1257 2479 snm-

100 2519 214 2605 psissc,
239 2537 297 2580 non
316 2518 351 2580 de
369 2513 466 2580 Maria
485 2527 582 2580 tamen
602 2517 717 2604 virgine
741 2519 818 2582 illum
839 2517 1042 2603 expressisse,
1065 2519 1117 2580 sed
1141 2519 1256 2584 tametsi

101 2642 174 2686 vera
191 2641 282 2686 earne
302 2639 337 2684 ao
354 2640 477 2704 corpore
498 2631 578 2684 essct
594 2622 758 2705 praeditus,
783 2641 876 2705 neque
896 2642 935 2685 cu
952 2620 1028 2685 virili
1049 2619 1181 2698 semiue,
1205 2643 1257 2688 ne-

100 2746 158 2809 que
176 2743 215 2788 ex
233 2723 355 2788 muliere
377 2723 493 2806 virgine
515 2721 571 2787 sibi
594 2725 662 2788 illud
682 2723 844 2804 ascidisse,
868 2725 919 2788 sed
937 2744 1035 2790 reram
1054 2724 1170 2788 aliunde
1193 2745 1257 2788 oar·

99 2849 167 2892 uem
186 2827 240 2890 sibi
255 2847 453 2912 comparasse.
486 2823 573 2909 Quod
590 2827 704 2910 quidem
719 2827 796 2892 buuc
810 2828 840 2892 iu
858 2829 973 2892 modum
992 2828 1131 2912 explicat.
1165 2823 1255 2908 Cum,
1297 2817 1300 2822 Δ

97 2930 205 3014 inquit,
230 2949 247 2992 e
264 2929 346 2992 coelo
363 2929 500 3014 delapsus
514 2940 595 2996 esset
612 2931 640 2995 in
657 2941 778 3009 terram,
803 2951 908 3016 corpus
924 2931 980 2996 sibi
997 2941 1122 3014 quatuor
1138 2951 1178 2994 ex
1195 2932 1256 2996 ele·
1328 2993 1332 3002 ,

97 3034 207 3098 meotis
225 3031 347 3094 effinxit.
394 3029 504 3098 Verum
523 3053 619 3098 uonue
637 3032 717 3098 adid
735 3033 823 3098 etiam
842 3034 981 3098 festinare
999 3035 1115 3098 videtur
1130 3034 1199 3112 iste,
1224 3046 1256 3100 ut

96 3133 189 3219 impia
210 3135 273 3198 eins
295 3134 498 3218 scelerataque
518 3137 664 3201 sententia
686 3137 721 3200 ad
740 3147 872 3202 veterum
896 3145 1047 3222 potiturum
1071 3134 1253 3200 Graecorum

68 3307 72 3318 ,
96 3236 264 3302 somniuae
280 3258 373 3322 nugas
389 3237 579 3304 adscribenda
595 3240 748 3307 videatur?
776 3237 887 3304 Eadem
906 3240 982 3302 enim
1000 3239 1086 3321 plane
1102 3259 1166 3301 cum
1183 3237 1252 3317 illis,

96 3339 248 3425 armagis
271 3341 358 3404 etiam
383 3341 522 3422 ridicula,
547 3343 698 3428 proponit,
724 3338 874 3406 Christum
899 3340 1072 3426 sibimetipsi
1096 3341 1254 3406 fabricasse

97 3465 219 3530 corpus.
266 3441 310 3508 Ιιιι
328 3464 344 3508 e
362 3443 442 3507 sicco
461 3444 569 3508 siceum
596 3445 761 3530 expressit,
786 3465 803 3507 e
825 3445 923 3508 calore
942 3445 1082 3521 calidum,
1108 3443 1253 3508 humidum

97 3568 140 3611 ex
161 3547 302 3627 humore,
336 3567 351 3608 e
378 3547 489 3630 frigore
519 3545 664 3630 trigidum.
712 3545 737 3609 E
764 3547 868 3632 quibus
894 3547 1027 3611 omnibus
1051 3548 1177 3610 surmate
1199 3547 1254 3610 sibi

96 3670 241 3735 corpore,
266 3670 337 3714 rere
355 3650 383 3712 iu
402 3659 480 3712 terra
497 3649 578 3712 visus
601 3660 662 3727 cst,
686 3671 720 3712 ao
741 3650 911 3714 coelestium
934 3670 1031 3718 rerum
1050 3650 1135 3714 uobis
1157 3650 1253 3714 soien-

96 3753 169 3816 tiam
190 3752 374 3837 importavit,
400 3763 477 3815 utet
496 3752 676 3815 conditorem
700 3763 994 3838 aspernaremur,=et
1012 3753 1075 3816 eius
1093 3753 1254 3839 abnegare-

97 3877 163 3920 mus
191 3875 298 3940 opera,
321 3855 361 3920 ita
382 3865 413 3918 ut
433 3853 517 3918 nobis
542 3853 611 3918 iilud
634 3854 793 3933 indicaret,
823 3877 966 3940 quaenam
992 3855 1022 3918 in
1045 3857 1137 3922 sacris
1159 3856 1252 3919 literis

94 3959 147 4024 rel
159 3979 179 4022 a
193 3977 226 4024 se
243 3959 306 4042 ipso
323 3957 508 4043 pronuntiata
524 3958 630 4036 forent,
652 3958 729 4022 vela
747 3954 909 4024 Conditore
923 3959 1046 4043 prolata.
1094 3956 1145 4022 Sic
1160 3961 1249 4039 enim,

95 4062 155 4140 ait,
186 4059 216 4122 in
245 4061 400 4144 evangelio
426 4060 519 4124 dixitr
554 4063 653 4124 Estote
675 4063 763 4143 probi
781 4067 952 4142 argentorat.
1004 4059 1116 4140 Utere,
1145 4063 1249 4147 inquit,

95 4162 251 4242 omnibus,
282 4183 323 4227 ex
348 4161 494 4248 scriptura
520 4164 623 4246 quavis
648 4163 731 4228 utilia
751 4164 892 4250 seligens.
938 4163 1070 4244 Deinde,
1102 4161 1249 4244 Christus,
1302 4225 1306 4236 ,

95 4267 157 4345 ait,
181 4266 370 4352 semetipsum
386 4266 416 4329 in
432 4285 556 4350 corpore
572 4267 608 4330 ad
625 4267 791 4352 potiendum
808 4268 979 4354 supplicium
1003 4267 1123 4346 obtulit,
1147 4290 1182 4333 ao
1204 4289 1250 4332 re-

128 4403 155 4456 3.
174 4399 390 4468 προςγιιῶσκοιτα
406 4405 474 4454 nocer
487 4405 538 4454 cod.
554 4405 627 4454 ιάιιι.
693 4407 758 4468 tego,
782 4407 817 4454 uti
840 4407 913 4456 edidit
928 4408 1055 4468 Prtoor'us,
1080 4407 1120 4456 sed
1140 4400 1250 4475 αἰιοβησ,

130 4469 154 4522 4.
175 4475 202 4524 bn
215 4476 316 4536 coempti
330 4475 458 4524 Sobotta'om'
476 4475 599 4534 murptne,
624 4477 659 4522 bt·
692 4476 754 4527 ande
777 4477 867 4526 restitut
891 4469 1063 4544 ἀποβήσεται,
1094 4477 1156 4538 quod
1179 4480 1250 4528 ettam

95 4545 217 4626 bttcpepoe
247 4545 343 4592 cuttettr'r
366 4543 491 4604 punctatum
516 4541 659 4604 detrnmoto,
693 4546 805 4594 sententio
820 4545 930 4604 postutot.

94 4625 144 4660 aon
165 4608 252 4678 απέβη
275 4623 304 4659 ce
325 4609 375 4661 rod
393 4612 505 4661 Vatieuao
521 4614 658 4662 annotatum
726 4612 750 4664 b.
767 4611 1012 4680 διδημιουργημέιον
1029 4615 1083 4666 edit.
1098 4615 1174 4678 princ.
