3112 4984
376 366 510 420 Pannntt
529 367 591 418 ΗΒ.
608 369 626 418 Ι.
642 366 723 420 ΤΟΜ.
734 369 765 421 ii.
784 369 880 420 naun.
894 369 991 422 xxvt.
1201 361 1260 424 179

108 495 167 548 toto
191 503 318 570 corpore
340 486 408 549 antii
428 497 667 571 comprecantur,
701 498 731 552 ut
750 509 786 552 ea
804 509 837 551 ro
852 489 992 554 maionem
1009 489 1064 552 sibi
1082 491 1157 576 apud
1173 493 1258 556 beura

106 585 239 658 biaciam
264 586 429 670 anquirunt.
480 585 637 654 Caeterum
665 590 694 653 in
717 591 845 654 curando
867 611 992 676 corpore
1014 591 1076 656 ates
1099 603 1259 678 noctesque

105 689 217 773 pariter
235 689 424 753 mutieroniao
441 701 472 754 ct
491 690 701 756 homunciones
723 703 916 777 occupantur,
947 713 982 756 ac
1003 713 1038 756 re
1060 703 1091 757 et
1109 708 1259 780 unguento

105 791 301 874 perfundunt,
334 803 365 855 ιι
389 792 505 871 Ιιιιιι,
536 803 566 855 ιι
588 793 725 857 convivia
746 795 912 874 celebrant,
945 805 975 858 et
992 793 1127 862 ebrietati
1145 818 1179 860 ac
1197 795 1258 863 Ve-

105 892 170 955 neri
188 891 357 978 indulgent,
381 913 491 978 eosque
508 895 556 979 qui
574 895 705 959 ieiunant
723 907 910 960 execrantur.
955 894 1075 981 Negant
1094 899 1171 962 enim
1191 921 1257 964 erse

105 994 312 1073 Musonium,
344 995 419 1079 qnod
442 998 477 1060 od
500 997 584 1062 buius
606 997 716 1062 saeculi
738 998 917 1062 conditorem
940 998 1097 1083 principem
1118 999 1257 1066 ieiunium

104 1096 263 1182 pertineat.
308 1093 372 1162 iuro
392 1097 530 1162 alimento
547 1097 643 1184 potius
660 1120 733 1185 opus
751 1121 818 1164 esse
837 1099 986 1178 dictitant,
1017 1123 1075 1185 qno
1092 1101 1258 1168 robustiora

104 1199 167 1262 siut
182 1219 325 1282 corpora,
350 1209 382 1263 nt
402 1200 509 1264 idoneo
528 1211 659 1287 tempore
682 1202 796 1286 possint
817 1202 922 1266 fructui
944 1203 1091 1268 reddendo
1110 1205 1255 1267 sufficere.

189 1297 286 1364 Pon-o
305 1313 362 1365 tam
378 1304 474 1366 reteri
491 1323 576 1385 quam
593 1323 671 1367 novo
690 1313 809 1367 utuntur
824 1313 1017 1384 testamen103
1041 1304 1111 1370 iicet
1125 1325 1190 1370 enm
1208 1307 1256 1390 qui
1276 1319 1335 1388 cap.
1349 1306 1389 1376 vr,

104 1402 134 1464 in
156 1409 261 1465 vetere
281 1403 395 1469 locutus
422 1415 469 1468 est
491 1403 638 1468 abdicent.
681 1403 723 1470 m
741 1407 854 1490 quibem
874 1408 991 1490 quoties
1009 1427 1113 1470 rocem
1133 1408 1255 1490 aliquam

103 1503 260 1588 reperiunt
280 1527 355 1588 qnae
378 1506 506 1590 dogmati
529 1527 582 1570 suo
608 1506 783 1574 contrariam
805 1507 913 1570 babere
935 1510 1110 1572 senteutiam
1128 1510 1255 1586 vitietur,

104 1607 142 1668 ab
163 1607 250 1670 buius
271 1608 369 1672 mnudi
387 1609 518 1693 principe
537 1609 696 1694 proiectam
718 1608 796 1672 iiiam
819 1629 886 1674 case
905 1609 1084 1694 praedicant.
1130 1607 1184 1675 Sia
1204 1612 1257 1674 abi·

103 1709 170 1792 quis
190 1709 227 1774 ati
247 1709 360 1773 iliorum
380 1709 527 1772 libidinem
546 1711 759 1775 accommodari
779 1711 879 1789 locus,
910 1722 939 1774 et
958 1721 1111 1796 utcumque
1128 1713 1256 1797 conigu-

102 1811 164 1874 rari
184 1811 279 1896 possit
298 1832 356 1875 nou
375 1811 438 1896 ipsa
458 1811 572 1896 mutiero
591 1822 735 1898 potestate
754 1813 928 1891 verborum,
960 1815 1012 1876 seri
1036 1835 1089 1899 pro
1108 1813 1256 1898 depravati

101 1914 220 1978 iliorum
237 1912 346 1997 ingenii
362 1923 460 1998 captu,
484 1933 522 1977 eu
534 1933 608 1977 vero
624 1914 659 1977 ari
675 1914 702 1976 it
721 1913 797 1997 quod
813 1915 932 1999 cupiunt
947 1916 1079 1980 traducto
1095 1915 1131 1978 ob
1148 1916 1254 1979 cerita-

102 2016 142 2079 tis
161 2015 267 2099 spiritu
285 2015 506 2100 pronunciatum
525 2035 593 2080 esee
610 2015 753 2082 uterium.
798 2016 897 2101 Atque
912 2016 989 2080 istud
1006 2015 1099 2104 ipsum
1117 2029 1179 2095 est,
1210 2019 1254 2080 in-

102 2117 225 2202 quiunt,
256 2117 331 2201 quoti
349 2117 384 2181 tie
399 2114 510 2182 loanno
524 2118 658 2181 dominus
673 2119 840 2204 usurpavita
873 2122 947 2198 (inid
958 2123 1058 2180 earini
1073 2123 1103 2180 in
1116 2124 1254 2180 dormtum
1267 2145 1350 2194 m,

101 2223 220 2282 eriere!
260 2223 437 2282 Arundinem
459 2231 539 2282 ιιιιι
556 2225 714 2300 agitatore?
755 2217 860 2304 Quod,
891 2230 922 2283 nt
942 2230 1095 2298 asserunt,
1126 2221 1253 2286 nondum
1276 2199 1340 2254 ¹¹³·

102 2332 184 2384 esset
205 2322 353 2405 periectos
371 2318 510 2386 loannes.
554 2319 632 2386 Nam
650 2340 668 2385 a
687 2319 816 2406 pluribus
834 2323 932 2386 ventis
950 2321 1142 2407 perflabaturr
1167 2341 1254 2384 arun·

101 2422 181 2488 onis
197 2443 293 2502 more,
317 2444 392 2508 quae
408 2424 444 2486 ati
460 2443 691 2507 unumquemque
707 2433 824 2486 ventu·
842 2423 980 2508 agitetur.
1025 2421 1127 2508 itaque
1143 2445 1207 2486 eum
1222 2424 1251 2486 iu

102 2545 171 2589 eunr
184 2522 332 2610 Principis
344 2525 464 2610 spiritua
477 2525 670 2604 immiteret,
688 2522 835 2590 ludoicum
848 2525 955 2590 uultum
968 2524 1168 2610 praedicabat,
1188 2545 1252 2588 cum

101 2648 177 2692 reno
197 2625 326 2712 Spiritus
347 2637 467 2690 sauctus
488 2627 658 2705 adveniret,
687 2627 725 2690 rie
744 2622 866 2692 Cbristo
882 2647 1056 2692 oeruronenr¹
1069 2626 1250 2693 instituebat.

101 2725 172 2811 Quo
193 2728 309 2813 quidem
331 2728 403 2792 baec
422 2727 514 2793 verba
534 2728 681 2814 pertinere
704 2738 815 2812 putant.
862 2732 919 2807 Oai
938 2733 1029 2792 ramur
1050 2739 1093 2789 est
1112 2733 1142 2790 a'n
1163 2749 1251 2808 regno
1270 2741 1353 2790 Manu.

100 2833 244 2892 aeternus
264 2835 355 2893 mmor·
371 2841 416 2892 ast
430 2833 490 2892 illo.
538 2828 653 2916 Quippe
673 2831 708 2894 ad
730 2851 783 2895 uns
803 2829 859 2894 ista
876 2831 1060 2908 referuntur,
1090 2828 1190 2908 aiunt,
1220 2839 1252 2894 ut
1278 2795 1310 2851 η’
1325 2797 1355 2842 st

101 2933 149 3016 qai
172 2931 253 2996 inter
274 2953 328 2996 uos
350 2932 446 2996 minor
466 2943 529 3010 est,
552 2930 579 2996 is
601 2930 712 2998 boeuue
734 2931 773 2996 sit
793 2932 1000 3018 praestantior.

188 3031 302 3098 Verum
323 3054 358 3096 os
376 3032 434 3096 iiiia
455 3033 578 3098 subinde
599 3033 761 3098 averitate
781 3034 844 3120 ipae
862 3033 1070 3119 praecluditur.
1113 3033 1192 3098 Nam
1211 3055 1252 3097 ex
1270 3034 1330 3102 cip
1338 3037 1393 3089 ΥΠ·

99 3133 136 3199 i‘m
162 3153 242 3218 quae
263 3155 329 3198 cuns
353 3153 525 3219 unaquaque
550 3135 677 3200 diutione
698 3156 832 3200 ιιιιιιιι
853 3146 937 3214 sunt,
969 3135 1120 3220 perspioue
1140 3135 1249 3200 verim

99 3236 272 3322 apparebit,
301 3257 337 3301 ac
355 3237 422 3320 quid
439 3237 575 3322 loquendi
594 3239 699 3302 rationi
715 3249 942 3304 cousentaneum
959 3238 999 3302 ait
1014 3237 1177 3300 certismmu
1194 3237 1249 3298 nte

97 3337 320 3402 monstrabitur.
366 3335 483 3402 Etenim
501 3340 527 3403 si
542 3336 668 3404 loannes
685 3339 865 3405 mollioribus
881 3337 1014 3404 verubus
1028 3347 1177 3412 uteretur,
1206 3347 1249 3398 at·

98 3461 154 3525 apae
174 3440 206 3503 in
224 3439 384 3527 principum
401 3440 516 3526 palatiis
534 3442 670 3526 degeret,
699 3452 783 3505 recta
798 3440 893 3528 ipsum
910 3461 971 3506 roa
990 3439 1039 3504 itta
1058 3447 1186 3523 peterat,
1217 3449 1249 3501 ct

95 3542 126 3606 ia
149 3543 216 3606 einr
238 3543 495 3626 reprehensionem
519 3553 598 3607 esset
619 3543 683 3607 siue
704 3543 762 3606 niln
785 3541 906 3626 ambage
924 3541 1039 3604 coliata.
1084 3535 1159 3602 Cum
1176 3559 1248 3602 veru

96 3645 137 3707 ita
152 3645 274 3709 locutus
291 3645 396 3708 iberita
420 3647 495 3723 Ouid
509 3649 609 3708 carim
621 3649 737 3706 mum?
777 3647 920 3710 Hominem
936 3643 1065 3706 notetur
1080 3645 1248 3704 murrata

96 3753 253 3809 udam?
280 3747 357 3810 ὶιιιιιι
375 3767 462 3832 porro
478 3747 514 3810 ab
530 3743 642 3812 Ioanne
659 3746 760 3832 prount
776 3744 918 3821 obruerit,
942 3742 1014 3808 nibil
1030 3752 1076 3806 ιιι
1093 3763 1147 3807 ιιι
1162 3743 1246 3808 buius

95 3848 152 3911 inei
180 3847 415 3912 criminationem
438 3848 544 3912 referri
571 3849 608 3912 ari
631 3845 770 3912 ioannem
796 3845 986 3923 arbitremur,
1020 3845 1068 3929 qui
1092 3843 1246 3910 delicatum

95 3949 176 4014 itu
194 3947 305 4012 mltum
322 3947 440 4014 minime
459 3948 586 4016 omnium
604 3949 752 4028 ubbibuit,
776 3947 828 4012 aad
845 3947 881 4010 nd
896 3966 950 4009 eos
966 3945 1078 4031 potius,
1103 3949 1151 4032 qni
1169 3947 1247 4012 eius-

97 4051 175 4114 nodi
194 4069 228 4114 ae
244 4046 384 4115 loannem
399 4062 568 4137 reperturos
583 4051 740 4136 putabant,
763 4049 924 4134 quibusque
939 4047 1057 4131 saepius
1071 4050 1183 4113 adulari
1197 4069 1246 4114 ao·

96 4149 158 4216 hut
179 4151 202 4214 ii
224 4152 273 4237 qui
296 4153 456 4238 principum
480 4153 563 4216 auius
581 4173 616 4216 ae
633 4150 740 4238 putabo
758 4153 954 4236 frequentant.
997 4148 1152 4215 Ειιιιιιι
1168 4151 1244 4214 enirn

97 4252 138 4316 itti
154 4253 364 4318 collaudandos
380 4275 413 4318 se
430 4253 465 4318 ab
483 4251 611 4333 loonuc,
643 4266 673 4318 et
689 4253 725 4317 ob
742 4273 777 4318 ea
792 4271 866 4338 quae
882 4251 912 4316 in
931 4250 993 4316 dica
1010 4251 1166 4335 patrabant
1180 4269 1246 4313 sce-

96 4353 156 4418 ha
173 4356 277 4420 tetiam
291 4355 503 4442 praedicandos
516 4356 736 4422 existimabant.
782 4351 849 4437 Qua
863 4373 915 4440 spe
929 4373 994 4420 curu
1010 4364 1110 4418 essent
1125 4354 1246 4414 trustra-

96 4455 137 4534 ti,
158 4457 196 4520 ati
213 4477 266 4520 eos
279 4457 458 4522 retettentos
472 4458 513 4522 ita
530 4459 660 4524 salrator
674 4458 787 4521 locutus
803 4467 865 4520 est:
891 4459 965 4536 (terii
978 4477 1026 4518 cor
1040 4465 1173 4516 tracturos
1186 4475 1248 4515 erre

93 4561 273 4622 mdebutri?
315 4557 512 4626 Hominemne
533 4561 581 4644 qui
599 4581 633 4626 se
650 4559 747 4646 pravis
762 4559 849 4624 animi
869 4559 959 4624 vestri
978 4554 1180 4622 affectionibus
1196 4575 1246 4622 ae·

977 4661 1015 4722 12
1027 4657 1045 4696 *
