3100 4984
329 330 466 387 ιιιιιιιιι
484 333 546 386 uro.
559 335 578 384 ι.
595 333 676 387 ron.
690 333 734 386 ιιι.
749 333 849 386 anan.
863 331 986 386 xxxiv.
1172 321 1234 385 435

82 479 163 518 mum
178 468 344 537 αρεειιιιιι,
370 467 404 517 ιιι
418 466 447 516 ει
462 468 493 516 ιιι
507 460 645 543 adipsum
661 460 701 516 ais
718 459 794 536 quod
810 477 862 536 ego
877 477 954 530 sum,
979 467 1010 516 et
1025 475 1077 536 ego
1092 459 1145 517 sr'rn
1163 459 1238 537 quod

83 571 114 620 tu
135 581 175 620 ee.
221 566 288 639 Age
306 563 500 621 troesenen
520 563 549 620 eir
568 561 689 620 tlalamo
708 561 889 620 tuocollcco.
936 562 1043 638 Accipe
1060 581 1078 620 o
1094 581 1137 620 me
1152 580 1236 639 spon·

82 683 159 734 sum,
184 683 299 743 errorque
312 685 382 744 cepe
395 672 424 722 et
436 663 472 724 cd
486 683 518 722 cc
534 682 643 742 cupere.
689 665 764 722 Eece
778 665 923 723 deseendit
934 665 963 722 ιἰι
980 673 1006 721 te
1019 665 1133 740 ςιιιιίιιι
1157 667 1240 742 operi

83 787 115 826 cs
132 776 225 839 tuum,
249 777 280 825 et
294 767 459 828 vaticinare.
506 763 553 826 Ad
573 763 644 826 haec
662 763 857 848 respondente
875 763 997 841 lemine,
1020 767 1171 844 Nunquam
1187 785 1236 826 vo·

84 871 201 930 tierirnto
215 889 292 941 sarm,
317 889 406 948 neque
421 871 660 940 muerirurr'scrim
686 867 733 929 ille
750 877 847 930 certas
864 865 1065 928 invocationes
1083 867 1236 951 prot'erens

82 991 198 1033 rursum
217 979 249 1034 ut
262 969 386 1034 stolidae
401 969 442 1032 illi
460 979 609 1054 stuporem
626 968 753 1045 inliciat,
776 973 885 1049 Aperi,
911 968 1020 1052 inquit,
1045 991 1076 1030 os
1092 981 1185 1044 tuum,
1210 981 1239 1031 et

81 1077 218 1154 quicquid
231 1076 354 1134 uolueris
369 1076 493 1154 loquere,
517 1085 549 1134 et
559 1073 767 1134 comemorans.
811 1069 864 1134 llla
880 1070 1042 1136 istiusmodi
1059 1071 1156 1136 lullata
1172 1091 1239 1135 ver·

81 1175 128 1238 lris
146 1175 278 1258 elataque
294 1195 328 1237 oc
346 1174 506 1258 prophetici
524 1174 601 1238 illius
616 1174 728 1238 afflatus
744 1173 950 1258 expectatione
966 1174 1155 1252 inflammato,
1180 1174 1239 1258 pal·

81 1277 194 1362 pitente
209 1278 272 1362 plus
288 1276 376 1340 solito
391 1288 522 1362 pectore,
541 1297 634 1359 nugas
648 1277 786 1360 quasdem
801 1275 918 1340 effutire
930 1297 964 1340 ae
978 1275 1111 1360 quicquid
1128 1276 1156 1339 in
1170 1276 1240 1340 lruo-

80 1401 149 1443 oanr
171 1380 287 1444 venerit
306 1380 457 1442 effundere
479 1401 537 1444 non
558 1379 684 1458 dubitet,
717 1379 891 1443 nonninus
913 1399 990 1442 vene
1010 1399 1095 1462 quam
1114 1389 1238 1457 temere,

80 1491 185 1566 utpote
206 1482 285 1544 inani
302 1481 406 1566 spiritu
425 1481 579 1544 calelaeta.
624 1479 721 1560 Nam,
753 1483 915 1565 etquidem
939 1480 1024 1544 nobis
1047 1481 1136 1544 multo
1156 1501 1240 1566 prae·

79 1583 210 1648 stantior
227 1585 261 1647 de
278 1583 442 1648 hominihus
460 1583 601 1646 eiusmodi
618 1584 710 1661 dixit,
735 1584 832 1647 audax
850 1593 880 1646 et
895 1584 1047 1668 impudens
1065 1583 1240 1648 celerrimus

79 1685 165 1750 inani
189 1693 258 1750 edre
282 1686 453 1750 calefactus.
497 1683 549 1748 Ex
569 1685 620 1748 illo
644 1685 780 1771 deinceps
803 1697 934 1770 tempore
959 1695 1054 1750 vatem
1078 1707 1112 1750 sc
1136 1687 1242 1750 mulier
1347 1693 1353 1710 ‘

79 1787 253 1866 existimat,
278 1799 309 1854 et
321 1785 444 1867 Marco,
470 1788 517 1871 qui
535 1789 570 1851 de
585 1808 636 1852 sua
652 1787 682 1850 in
699 1788 789 1872 ipsam
806 1789 913 1851 virtute
932 1789 1104 1866 transfudit,
1130 1790 1242 1872 grades

77 1892 164 1975 agit,
194 1892 291 1974 itaque
308 1893 422 1954 reterre
440 1891 555 1968 studet,
587 1901 617 1954 ut
636 1911 693 1954 non
713 1893 844 1954 fortunas
863 1891 948 1953 modo
968 1911 1038 1954 suas
1056 1889 1083 1953 ei
1101 1891 1242 1975 largiatur

77 1995 176 2078 (unde
194 1993 381 2078 pecuniarum
400 1991 547 2078 ingentem
564 1993 612 2056 ille
632 1996 690 2056 vim
708 1992 857 2077 collegit),
881 2013 982 2056 verum
1002 1995 1089 2056 etiam
1108 1992 1241 2078 corporis

76 2097 129 2162 sui
146 2106 321 2181 potestatem
337 2095 435 2174 iaciat,
460 2117 525 2158 eum
542 2117 634 2180 eoque
650 2096 764 2181 penitus
780 2094 911 2180 copulari
926 2095 1035 2181 cupiat,
1061 2107 1092 2160 ut
1106 2096 1135 2159 in
1153 2117 1241 2160 uuum

77 2221 150 2264 cum
166 2197 229 2282 ipso
245 2199 414 2262 coalescere
430 2199 534 2283 possit.
573 2195 633 2262 Sed
651 2197 757 2261 accidit
772 2198 928 2276 interdum,
953 2198 1110 2262 nonnullae
1128 2209 1158 2262 ut
1172 2197 1241 2262 lide·

76 2303 176 2369 liores
192 2300 318 2364 lemicae
334 2322 368 2364 ac
384 2300 490 2364 timore
506 2300 551 2362 dei
569 2299 728 2383 praeditae,
753 2321 807 2364 nec
824 2300 860 2362 ab
877 2301 927 2362 illo
943 2301 1099 2384 deceptae,
1125 2299 1241 2362 tametsi

76 2403 209 2488 periude
228 2424 279 2466 eos
301 2414 332 2466 ut
354 2403 481 2486 reliquas
505 2402 534 2465 io
560 2403 689 2466 lraodom
712 2411 839 2466 tentaret
859 2401 1010 2486 impellere
1033 2425 1068 2466 ac
1088 2400 1242 2466 vaticinari

76 2507 242 2584 iussisset,
275 2505 351 2568 lonc
370 2505 465 2590 ipsum
481 2504 666 2568 nihilominus
684 2514 858 2588 respuerent
874 2525 909 2568 ao
927 2506 1162 2582 detestarentur,
1194 2523 1242 2570 se-

76 2629 142 2694 que
158 2609 196 2672 ab
211 2608 261 2672 illo
278 2616 363 2670 coetu
378 2618 584 2692 segregarent,
608 2606 682 2670 haud
698 2607 818 2688 ignarae
834 2606 901 2692 quin
918 2606 1107 2690 prophetandi
1124 2607 1168 2671 vis
1184 2627 1242 2671 non

77 2733 97 2774 a
113 2708 224 2774 Marco
242 2709 391 2773 derivaret
404 2711 433 2774 in
453 2711 602 2788 lrornines,
633 2711 684 2772 sed
703 2709 737 2770 iis
757 2709 871 2792 potius,
904 2709 1007 2792 quibus
1024 2709 1163 2774 diviuitas
1181 2729 1243 2774 mu·

79 2833 144 2876 nus
161 2811 231 2874 illud
248 2821 330 2874 esset
346 2811 490 2888 oblatum,
515 2811 655 2895 singulari
672 2812 795 2895 quodam
812 2811 952 2874 beneficio
968 2812 1171 2896 contingeret,
1195 2811 1242 2895 qui

78 2937 147 2978 non
163 2912 339 2996 simulatque
353 2910 474 2978 Marcus
489 2915 673 2999 imperasset,
697 2915 748 2977 sed
764 2913 937 2997 ubicumque
953 2935 987 2978 ac
1004 2916 1243 2998 quandocumque

77 3019 161 3082 deus
179 3015 285 3092 vellet,
310 3015 510 3098 loquerentur.
555 3013 632 3080 Nam
651 3017 726 3100 quod
747 3018 830 3080 alteri
849 3017 929 3080 iubet
949 3018 1072 3101 aliquid,
1097 3018 1124 3080 id
1143 3039 1178 3080 eo
1197 3015 1245 3080 eoi

77 3122 209 3184 iulretur
222 3118 315 3180 maius
334 3129 380 3180 est
395 3139 431 3180 ao
446 3120 659 3204 praestantius,
683 3120 818 3200 quoniam
835 3119 903 3183 illud
922 3119 1104 3202 priorarium,
1129 3119 1183 3182 hoc
1200 3118 1244 3182 iu·

76 3223 179 3288 terius
197 3230 243 3284 est
257 3230 287 3282 et
302 3219 476 3284 subiectum.
522 3217 615 3304 lgitur
630 3221 656 3284 si
670 3219 792 3284 Marcus
808 3223 947 3305 imperat,
970 3221 1083 3284 aliusve
1101 3221 1177 3304 quis,
1203 3220 1243 3282 uti

75 3345 152 3388 mos
177 3333 225 3386 est
247 3322 275 3384 ia
294 3322 438 3386 conuiuiis
460 3323 564 3387 sortito
587 3345 621 3386 ac
645 3345 697 3408 per
715 3324 811 3386 ludum
833 3323 929 3386 lacere
949 3343 1039 3406 seque
1059 3323 1184 3386 invicem
1207 3322 1241 3384 ad

76 3424 278 3490 divinandum
295 3445 328 3488 ac
345 3425 399 3488 sibi
415 3425 468 3509 ipsi
484 3424 712 3500 vaticinaudam,
737 3436 924 3508 utquomque
940 3423 1029 3488 libido
1047 3426 1119 3502 lert,
1143 3421 1243 3508 impel-

75 3531 169 3606 lere,
195 3525 253 3588 erit
267 3526 292 3589 ie
311 3526 358 3610 qui
373 3526 454 3590 iubet
471 3525 556 3590 horno
574 3527 742 3612 prophetico
760 3525 864 3609 spiritu
882 3526 976 3609 potior
991 3537 1021 3588 et
1036 3525 1241 3605 excellentior,

75 3631 164 3716 quod
182 3629 245 3692 lieri
264 3630 382 3692 omnlino
400 3649 458 3692 non
473 3641 580 3714 potest.
628 3625 824 3710 Quamobrem
843 3627 962 3711 spiritus
978 3628 1038 3705 isti,
1064 3627 1110 3711 qui
1127 3628 1241 3692 illorum

73 3737 171 3798 iussu
189 3729 326 3794 concitati
347 3731 461 3814 quoties
480 3733 581 3796 iisdem
603 3732 673 3816 ipsis
693 3730 808 3794 libuerit
825 3729 998 3812 loquuntur,
1032 3730 1112 3794 nihili
1131 3741 1199 3794 sunt
1215 3741 1245 3792 et

73 3833 269 3908 imbecilles,
301 3832 370 3896 licet
388 3834 534 3898 temerarii
550 3835 788 3918 impudentesque
808 3832 868 3896 sint
885 3841 970 3916 apque
988 3853 1005 3896 a
1021 3843 1121 3896 satana
1140 3834 1175 3896 ad
1192 3853 1244 3898 eos

72 3933 365 4004 circumveniendos
382 3935 602 4019 perdendosque
620 3935 713 4013 missi,
738 3935 786 4018 qui
803 3956 860 3998 non
877 3945 1048 3998 constanter
1064 3936 1148 4000 fidem
1165 3935 1243 3998 illam

69 4035 267 4106 retinuerint
289 4057 373 4119 qoam
396 4035 480 4100 initio
502 4049 705 4122 susceperuut.

115 4173 164 4228 ¹3.
181 4177 218 4225 tta
232 4175 382 4224 muneetttrrt.
416 4175 463 4224 Sed
480 4175 526 4224 tet.
541 4176 653 4235 interpres
686 4175 742 4224 tudo
766 4179 863 4224 ortuum
885 4177 930 4224 isto
955 4176 1011 4224 cttm
1033 4176 1163 4224 emaum
1185 4175 1243 4224 rut.

67 4249 154 4301 patret
165 4240 288 4309 quaedam
300 4259 330 4290 ex
339 4239 486 4291 fidelissimis
497 4240 653 4301 mulieribue;
688 4244 770 4294 Onom.
784 4241 861 4303 tx,t.
885 4244 1112 4304 Epictetliissertl,
1126 4242 1165 4291 ts.
1189 4243 1244 4291 Τιιε.

66 4315 147 4370 uncte
165 4325 214 4361 non
229 4309 352 4372 desumunt
366 4313 406 4374 qui
421 4307 573 4374 πιστοτέρων
587 4323 654 4372 repo·
686 4312 771 4360 Annol.
787 4311 806 4372 l,
827 4309 861 4360 13.
897 4312 932 4372 Cf.
947 4313 1017 4361 etiem
1030 4315 1138 4372 iaterprr.
1152 4309 1184 4358 cd
1198 4311 1245 4358 ιιι-

65 4382 191 4438 nmium
208 4391 258 4428 erre
274 4383 405 4428 delatrent.
685 4393 779 4428 aarum.
815 4379 888 4426 Vade
904 4373 940 4437 ὠς
957 4375 1077 4430 clairaco
1088 4405 1115 4414 -
1131 4405 1161 4414 -
1173 4373 1246 4442 ἐγκι-

112 4447 163 4500 tl.
182 4447 227 4498 τοῦ
244 4444 345 4510 ulalpou.
363 4447 467 4508 intelleqe
482 4443 600 4512 παίγνιον,
616 4448 654 4496 cet
687 4441 806 4497 ledec‘tau
824 4460 866 4507 per
880 4448 1026 4508 porenttusin
1047 4459 1094 4496 esse
1115 4446 1177 4494 dicto
1196 4448 1245 4507 prr·-

66 4521 163 4576 sr'mite
182 4515 250 4578 quid.
284 4513 321 4581 τῷ
339 4509 426 4580 κλήρῳ
444 4517 533 4564 uolebat
552 4515 653 4564 Galate·
685 4527 750 4563 mum
767 4514 897 4563 Galaticus
911 4515 977 4563 cidit.
1003 4516 1063 4562 ltine
1077 4515 1176 4564 Latinae
1189 4528 1245 4576 qao·

65 4605 117 4644 m
147 4583 217 4636 Ado.
232 4581 330 4632 Ηιιειιι.
345 4583 424 4632 eoum
439 4585 585 4644 meddam.
618 4581 652 4630 De
685 4594 730 4643 que
745 4583 833 4632 irenaei
850 4581 963 4644 lnterprer
978 4582 1135 4643 corrigendae.

970 4664 1042 4732 28*
