3106 4990
360 293 497 346 ethett
514 295 577 348 ute.
590 297 610 349 l.
627 295 709 349 nott.
722 296 765 347 lll.
786 295 884 348 lihssll.
898 295 1033 348 xnvtt.
1213 285 1274 348 505

116 413 272 480 eontinere
289 413 373 478 laeile
390 414 627 500 deprehenditur.
672 413 750 480 Nam
770 416 795 479 si
813 412 972 480 Prunieum
988 435 1054 480 esse
1070 415 1195 501 aliquam
1212 416 1277 480 exi-

117 518 256 596 stimant,
280 517 345 601 quis
363 537 401 581 ex
420 517 484 602 ipso
500 517 597 582 statim
616 517 759 584 vocabulo
777 540 835 582 nun
852 516 1066 582 animaduertat
1081 541 1167 603 quam
1186 520 1277 584 irnhe·

117 621 216 684 eilluur
233 641 268 683 ao
282 619 347 684 leve
363 619 402 684 sit
415 621 490 703 quod
506 621 553 684 isti
568 621 752 706 profitentur,
773 631 804 684 ut
819 621 876 683 iam
892 621 1084 685 ostendimus.
1130 619 1278 706 Quicquid

118 723 198 787 enirn
218 719 376 785 Prunieum
399 721 463 784 lieri
485 722 606 802 dieitur,
637 723 667 787 id
688 723 789 788 inutile
812 733 876 802 est,
906 724 1038 806 adeoque
1060 723 1178 788 minime
1199 724 1278 788 inter

119 823 230 890 eximia
256 825 478 888 numerandum.
532 825 590 909 Qui
622 825 699 890 enim
725 825 835 888 laudari
862 835 958 909 potest
987 825 1062 908 quod
1090 825 1191 890 inutile
1219 827 1274 888 sit!

119 925 219 1011 Quane
242 937 288 991 est
310 939 463 1012 praeterea
484 927 619 991 stolidum
644 949 660 990 a
685 925 815 992 Prunieo
837 928 1011 992 exhaustum
1037 949 1104 992 esse
1126 925 1277 992 laldahao-

120 1030 217 1108 them,
250 1031 287 1094 ab
302 1051 396 1114 eoque
411 1029 566 1094 scintillam
584 1031 618 1094 ad
636 1029 733 1094 iolima
751 1031 798 1094 illa
816 1050 971 1094 exuussanr
990 1030 1143 1098 arbitrarii
1188 1028 1277 1094 lteru-

120 1153 196 1217 que,
230 1133 277 1216 qui
301 1131 331 1194 in
354 1131 469 1196 sublimi
494 1132 654 1196 oolloeatus
679 1143 761 1196 esset
786 1153 852 1195 euru
875 1135 1034 1217 agnovisse
1058 1134 1106 1218 qui
1131 1132 1277 1198 exhausto

121 1245 205 1296 esset
217 1235 267 1296 illo
286 1235 432 1319 superior.
478 1231 565 1298 Enim
582 1255 654 1300 vero
671 1236 757 1318 quale
770 1234 839 1300 illud
858 1236 1027 1300 miraculum
1044 1247 1105 1314 est,
1130 1247 1161 1298 ut
1178 1235 1276 1314 homo,

121 1337 170 1400 eui
194 1335 365 1400 tenuissima
386 1337 527 1422 quaedam
548 1337 587 1400 sit
608 1357 729 1422 aspersa
751 1337 895 1416 scintilla,
927 1337 1066 1402 maiorem
1088 1337 1146 1402 illis
1168 1339 1240 1423 ipsis
1261 1361 1278 1401 a
1408 1395 1411 1406 .

120 1437 226 1523 quihus
243 1440 400 1524 produntus
417 1449 462 1502 est
478 1439 589 1525 augelis
605 1440 800 1524 cognitionem
820 1440 941 1526 adeptus
961 1441 1068 1504 luerit?
1112 1437 1145 1504 si
1162 1441 1277 1524 quidem

120 1549 259 1604 austures
282 1542 330 1605 isti
353 1541 479 1606 hominis
503 1561 537 1606 ao
557 1541 749 1608 lohrioatores
766 1542 881 1626 angeli,
914 1544 979 1607 sive
996 1540 1190 1607 laldahoothis
1214 1543 1277 1620 lilii,

121 1663 199 1728 quae
223 1641 409 1710 laldahaothe
433 1644 586 1729 superiora
611 1656 696 1708 erant
721 1645 903 1730 ignorarunt.
955 1644 1013 1728 Qui
1040 1658 1136 1709 autem
1161 1645 1198 1708 ah
1220 1645 1278 1708 illis

122 1748 266 1810 formatus
284 1757 347 1825 est,
374 1746 517 1810 scintillae
535 1747 676 1811 herosheio
694 1747 843 1832 eognovit.
891 1747 1088 1831 Quamobrem
1108 1749 1170 1814 suis
1188 1748 1228 1812 illi
1246 1769 1280 1812 so

121 1847 306 1933 dogmatibus
325 1850 447 1914 induunt
465 1859 494 1913 et
513 1861 667 1929 evertunt,
692 1871 757 1914 eum
776 1851 879 1936 partim
898 1861 1064 1936 serpentem
1082 1850 1219 1916 venerari
1236 1852 1280 1914 in·

120 1951 262 2030 stimant,
293 1951 397 2036 partim
416 1950 509 2016 Evam
524 1952 601 2017 illius
620 1953 812 2017 fraudulentia
830 1955 979 2038 deceptam
997 1954 1183 2028 existiment,
1214 1974 1279 2039 par·

120 2054 175 2116 tim
195 2049 344 2118 Christum
363 2056 486 2120 eundem
509 2075 576 2118 esse
596 2055 703 2134 veiint,
736 2056 840 2141 partim
856 2055 1018 2142 superioris
1034 2057 1112 2120 illius
1130 2053 1278 2120 laldahao·

122 2156 183 2220 this
200 2155 307 2236 lilium,
331 2158 379 2242 qui
396 2157 555 2222 interclusa
572 2158 742 2222 coelestium
761 2159 1006 2244 euntemplstioue
1022 2180 1163 2224 summam
1179 2157 1280 2222 liberis

120 2259 187 2324 suis
202 2258 337 2323 iniuriam
354 2259 503 2344 imposuit,
528 2270 650 2324 matrem
668 2260 832 2346 repudiavit
845 2281 879 2323 ao
893 2261 1085 2345 contempsit,
1109 2281 1167 2324 non
1185 2261 1280 2324 minus

121 2383 210 2446 quant
225 2382 393 2448 supremum
409 2361 582 2444 Parentem‚
616 2384 700 2448 quem
719 2363 756 2426 ab
772 2363 809 2427 iis
827 2383 899 2448 quos
914 2374 1057 2448 genuerat
1072 2364 1127 2427 ooli
1148 2385 1182 2426 ao
1196 2383 1281 2447 prae·-

121 2465 217 2530 dinari
240 2466 359 2530 minime
382 2466 419 2530 sit
442 2487 557 2552 passus.
604 2463 664 2550 Qui
687 2487 758 2529 vero
778 2475 943 2552 serpentem
967 2465 1106 2530 usuvenit
1122 2465 1280 2530 coelestem

123 2587 194 2632 esse
217 2589 335 2652 regem,
369 2589 435 2633 oum
453 2565 769 2632 adversusParentem
787 2569 1015 2648 insurrexeritl
1046 2568 1279 2653 Autquomodo,

123 2671 152 2734 si
169 2671 366 2754 cognitionem
382 2672 540 2757 impertiat,
565 2669 648 2734 Evae
663 2670 838 2757 imposuisse
853 2671 978 2736 dieiturl
1019 2669 1098 2736 Nam
1112 2675 1160 2756 qui
1180 2674 1282 2736 lraudo

123 2771 223 2857 aliqua
242 2775 393 2838 seientiam
413 2775 516 2852 allent,
548 2795 606 2836 non
628 2773 654 2838 is
673 2774 844 2853 seientiam,
874 2776 925 2838 sed
949 2795 1000 2860 pro
1017 2794 1053 2838 ee
1068 2775 1281 2859 ignorationem

123 2875 333 2939 communiunt.
371 2873 457 2960 Quod
471 2876 530 2940 illis
546 2877 680 2940 renidere
696 2878 860 2942 pertissima
876 2877 988 2941 ratione
1003 2877 1167 2941 eonhoitur.
1205 2874 1280 2944 Cum

123 2977 206 3042 enim
228 2998 341 3042 summa
362 2979 392 3042 in
416 2977 529 3042 inseitia
549 2990 722 3058 versentur,
757 3000 821 3044 eam
839 2980 1025 3044 nihilominus
1042 2981 1194 3044 seientiam
1214 3001 1281 3046 esse

123 3091 241 3167 putant.
288 3077 354 3163 Qua
369 3081 398 3146 iu
416 3102 448 3144 re
463 3083 654 3146 vehementer
669 3082 899 3163 hallucinantur,
924 3083 990 3147 dum
1006 3103 1136 3146 errorem
1153 3103 1236 3147 suurn
1252 3094 1283 3146 et

122 3185 323 3269 ignorantiam
345 3185 487 3249 scientiae
509 3185 704 3270 appellatione
727 3185 921 3250 dissimulant.

212 3285 272 3351 Sed
287 3287 343 3352 alia
358 3287 500 3372 quaedam
517 3289 636 3374 insuper
650 3289 816 3353 testimonia
831 3289 994 3374 proferunt.
1035 3285 1133 3351 Veluti
1150 3283 1279 3371 Moysen
1298 3299 1422 3368 capt'tt.

123 3409 251 3456 aeneum
274 3403 440 3476 serpentem
462 3391 493 3454 in
516 3391 632 3455 deserto
654 3390 825 3468 sustulisse,
851 3391 1003 3476 palamque
1021 3389 1226 3474 proposuisse,
1252 3401 1283 3452 ut
1297 3381 1434 3439 “mm

123 3495 186 3559 illis
203 3493 331 3557 'remedio
347 3505 428 3558 osset
443 3515 516 3578 quos
532 3513 654 3578 serpens
670 3494 879 3556 momorderat.
916 3491 980 3556 lion
994 3490 1071 3556 euim
1088 3493 1180 3576 ipsum
1198 3512 1283 3578 prae·

124 3609 242 3662 sentem
257 3595 315 3660 rins
334 3607 436 3660 eorrtra
451 3607 612 3660 venenatos
629 3615 745 3658 morsus
761 3595 869 3660 hahere
883 3595 1028 3659 iactitant.
1075 3591 1136 3658 Sed
1151 3595 1198 3657 rel
1213 3595 1281 3659 illud

124 3711 232 3766 eontra
255 3719 288 3762 se
314 3699 465 3763 manifeste
490 3697 689 3782 pronuntiant.
736 3694 769 3762 Si
797 3699 873 3762 enim
898 3717 1014 3762 morsus
1036 3697 1077 3760 illi
1101 3697 1281 3782 serpentium

124 3813 232 3881 erant,
257 3803 399 3888 iidemque
415 3801 589 3887 perniciosi,
614 3802 802 3886 consequitur
817 3801 935 3864 minime
953 3800 1059 3863 honum
1078 3819 1145 3864 ease
1162 3821 1282 3886 serpen·

126 3919 199 3972 tem.
246 3903 332 3989 Quod
349 3925 423 3970 vero
439 3915 497 3968 tum
516 3901 656 3989 aMopse
672 3914 717 3967 est
734 3916 875 3983 ereetum,
899 3904 961 3967 sols
977 3902 1023 3967 sui
1037 3903 1282 3989 eontemplationo

125 4007 316 4088 metebatur,
352 4029 410 4070 non
433 4006 532 4092 utique
554 4008 629 4091 quod
653 4005 693 4071 ita
712 4005 857 4092 serpentis
877 4015 979 4070 natura
999 4007 1106 4086 terret,
1139 4007 1190 4071 sed
1208 4007 1282 4090 quod
1346 4031 1348 4036 ·

125 4114 167 4177 ita
185 4113 242 4174 deo
260 4112 354 4175 visum
371 4121 468 4189 esset,
492 4109 540 4194 qui
559 4129 631 4194 quus
647 4120 800 4194 serpentes
816 4120 1012 4194 pupugerant,
1037 4110 1074 4172 iis
1092 4129 1145 4195 per
1162 4129 1283 4194 serpeu-

126 4227 186 4280 tem
213 4213 278 4277 mali
303 4213 461 4278 remedium
488 4222 653 4298 paraverat.
703 4211 810 4297 Neque
833 4232 907 4278 voro
930 4211 1033 4276 mirum
1059 4232 1127 4275 esse
1149 4211 1281 4296 euiquam

126 4327 261 4404 oportet,
292 4317 317 4380 si
337 4317 412 4380 unde
429 4315 571 4402 quispiam
588 4317 685 4380 laesus
704 4317 816 4395 luerat,
847 4315 915 4380 inde
933 4315 1104 4378 medisinam
1124 4315 1280 4399 aoeeporit.

126 4475 189 4538 qnod
204 4475 259 4522 tibet
273 4475 347 4523 tenent
360 4486 445 4523 omnes.
474 4473 541 4535 Quod
555 4473 618 4522 idem
633 4474 689 4523 cor-
723 4479 832 4522 errantes
844 4475 961 4523 conuertit.
985 4463 1217 4523 tarentinensem
1228 4471 1284 4523 8ιί-

126 4545 211 4594 nen'ns
227 4543 388 4604 meinradum
405 4547 500 4605 putasse
519 4542 624 4605 uidetur,
649 4543 690 4604 qrn‘
723 4543 768 4594 dus
784 4535 936 4612 ἁμαρτάνειν
953 4542 1124 4602 inopinam
