3080 5002
376 409 622 463 rosconmon.
639 407 898 463 scurranum.
914 406 995 464 xcv.
1199 398 1260 466 70¹1

103 529 185 596 Nau
208 530 304 596 albam
327 549 399 595 sanc
423 529 512 595 sitem
532 530 678 618 serpentis
695 529 913 594 similitudinem
930 531 1115 617 exprimere,
1149 533 1261 618 nigram

104 633 254 714 draconis,
274 631 376 698 acinos
391 653 479 718 porro
494 643 637 718 tamqnam
653 633 760 696 veneni
773 643 870 717 guttas
885 653 920 697 ac
935 633 1027 698 stillas
1043 653 1121 714 csse,
1144 647 1263 722 propter

104 736 332 814 rotunditatem,
367 755 402 799 ao
418 735 598 818 singulorum
616 735 801 814 discrimina,
835 737 909 799 adeo
928 747 958 798 ut
975 737 1097 800 orbiculi
1115 737 1170 821 ipsi
1191 759 1208 802 a
1226 759 1259 804 se

103 839 230 903 invicem
253 836 348 904 avulsi
369 838 553 923 separatique
576 847 746 902 cernantur.
793 836 982 922 indidemque
1001 849 1031 902 et
1048 838 1148 904 vinum
1167 839 1260 904 bomi-

103 962 174 1005 num
191 940 363 1026 perturbare
376 951 489 1005 mentes
507 960 542 1004 ac
558 941 660 1025 partim
678 940 797 1006 veneris
812 939 951 1005 illecebra
965 942 1132 1021 concitare,
1156 943 1259 1026 partim

103 1043 213 1108 luroris
238 1043 349 1128 agitare
374 1041 515 1123 stimulis,
550 1043 654 1128 partim
676 1043 802 1128 denique
823 1043 859 1106 al
879 1043 1057 1108 iracundiam
1080 1061 1259 1128 provocare3

104 1147 183 1231 qrrotl
201 1167 238 1210 ea
254 1145 314 1208 vini
333 1146 380 1223 ri,
405 1145 459 1209 boc
478 1154 523 1208 est
542 1145 677 1210 draconis
696 1145 773 1209 illius
791 1165 925 1226 veneno,
957 1145 1023 1210 leve
1040 1146 1091 1209 liat
1107 1146 1261 1210 efferatur·

105 1269 163 1334 qna
178 1268 295 1333 corpus.
342 1243 437 1332 Quam
454 1247 491 1312 ob
506 1269 638 1314 caussam
655 1248 705 1333 qui
723 1248 797 1312 banc
814 1259 923 1313 sectam
941 1248 1114 1334 profitentur
1128 1247 1164 1310 ab
1182 1246 1260 1311 omni

103 1372 158 1416 usu
184 1350 246 1414 vini
268 1347 383 1436 penitus
407 1349 565 1414 abstinent.

189 1451 345 1520 Mulierem
364 1463 519 1538 praeterea
536 1451 664 1518 Satanae
685 1473 758 1539 opus
775 1473 843 1518 esse
861 1453 977 1532 dicunt,
1007 1452 1036 1516 id
1056 1452 1132 1536 quotl
1155 1462 1184 1516 et
1201 1451 1260 1516 Ar·
1280 1463 1338 1531 cap.
1357 1467 1389 1516 ιι.

103 1557 248 1622 cbcnb'cis
273 1553 398 1642 placuit3
430 1555 553 1640 ideoque
580 1555 687 1640 quise
712 1555 820 1640 nuptiis
845 1555 999 1641 copulant,
1033 1551 1163 1620 Satanae
1187 1575 1260 1640 opos

102 1659 257 1746 perlicere.
304 1655 366 1722 lmc
384 1669 415 1722 et
428 1657 554 1722 bominis
570 1658 692 1723 alteram
710 1669 821 1742 partem
841 1658 905 1738 tet,
929 1658 1051 1722 alteram
1066 1656 1174 1722 diaboli
1192 1677 1259 1723 esse

102 1762 288 1826 cunbrmant.
332 1758 409 1825 Nam
430 1761 506 1845 quod
524 1761 560 1824 ab
576 1760 711 1824 umbilico
731 1781 845 1824 sorsum
864 1760 1040 1846 porrigitur,
1064 1759 1180 1824 divinae
1197 1782 1260 1825 mo·
1303 1771 1311 1784 ·

102 1864 215 1930 litionis
232 1881 319 1941 esse,
352 1863 428 1947 qucrl
443 1864 521 1928 inira
536 1862 718 1941 umbilicum,
750 1884 768 1927 a
785 1862 858 1927 mala
874 1872 1018 1948 potestate
1035 1863 1181 1927 conditum
1200 1875 1260 1928 ata·

102 1976 200 2030 tuuut.
245 1961 293 2030 (lb
315 1965 344 2028 iu
362 1965 514 2049 inquiunt,
546 1966 726 2050 voluptatum
746 1964 928 2030 titillationes
947 1985 1048 2030 ornnes
1071 1987 1106 2030 ac
1124 1965 1259 2030 tibicines

103 2069 141 2132 ab
158 2065 293 2132 umbilico
310 2079 397 2151 atque
413 2065 602 2133 interioribus
620 2067 751 2152 partibus
770 2068 948 2132 excitantur.
996 2064 1076 2132 ldenr
1094 2079 1125 2132 et
1137 2069 1258 2134 aliarum

101 2170 266 2236 haereseon
289 2171 393 2254 dogma
417 2171 480 2234 tuit.

186 2271 237 2337 Ex
260 2293 318 2356 quo
342 2272 432 2357 liquet
457 2272 528 2337 nibil
554 2271 629 2336 bunc
653 2273 710 2338 nisi
733 2273 881 2357 planorum
906 2282 1071 2336 ceterorum
1092 2273 1257 2339 inhaesisse
1278 2287 1336 2356 cap.
1353 2291 1395 2340 ιιι.

101 2375 248 2460 vestigiis,
273 2375 321 2459 qui
338 2375 501 2461 perniciosa
519 2395 553 2438 ac
569 2374 686 2464 letifera
701 2395 816 2440 venena
829 2375 859 2438 in
875 2375 1023 2438 bominum
1038 2395 1133 2460 genus
1148 2377 1259 2441 offuce—

100 2490 181 2544 runt.
229 2475 289 2543 Sel
308 2477 387 2542 nullo
406 2479 491 2563 plane
508 2477 646 2562 negotio,
680 2498 734 2541 nec
753 2497 879 2562 operoso
898 2477 1052 2543 admodum
1070 2479 1171 2544 labore
1188 2499 1259 2542 con·

101 2579 254 2646 futabitur.
300 2575 417 2666 Corpus
435 2580 512 2644 enim
530 2581 699 2644 universnm
716 2579 809 2644 exiis
827 2600 900 2664 qnae
915 2601 931 2643 a
948 2581 1003 2644 deo
1020 2591 1101 2646 recte
1118 2580 1259 2646 fabricata

100 2695 188 2762 sunt,
213 2682 269 2747 boc
287 2693 334 2747 est
350 2682 532 2748 naturalibus
546 2692 592 2748 est
606 2681 832 2769 appetitionibus
849 2683 1022 2762 conflatum,
1047 2703 1119 2767 quas
1137 2704 1195 2747 non
1209 2684 1259 2748 ab·

99 2786 221 2850 surdum
237 2785 361 2870 aliquem
378 2787 414 2850 ad
432 2805 528 2864 usum,
553 2786 605 2849 sel
621 2787 774 2850 bonestum
791 2807 826 2848 ac
840 2785 1039 2850 necessarium
1054 2785 1126 2852 deus
1138 2787 1258 2868 inuitis,

99 2888 236 2951 nimirum
254 2898 286 2951 nt
304 2897 334 2950 et
348 2909 481 2953 somnnrn
499 2897 685 2973 appetamus,
710 2901 740 2953 et
757 2888 851 2952 cibum
868 2909 902 2953 ac
920 2899 1036 2974 potum,
1070 2891 1207 2954 vestitum
1225 2913 1260 2956 ac

99 3003 218 3054 ceteras
236 2990 485 3076 opportunitates,
509 3011 584 3074 quae
601 2991 715 3075 quidem
733 2991 787 3054 (leo
806 2991 879 3056 baud
898 2991 1031 3075 ingratae
1049 2993 1133 3056 nobis
1151 3014 1259 3057 usuve-

98 3094 202 3174 niuutp
225 3094 299 3158 adeo
313 3103 344 3156 nt
361 3093 408 3158 vel
424 3089 517 3178 ipsam
535 3113 553 3156 a
570 3093 684 3158 ratione
702 3093 819 3158 minime
837 3093 996 3158 abhorrere
1012 3095 1132 3159 veneris
1148 3095 1259 3180 cupitli-

100 3207 192 3260 tatcm
216 3196 417 3260 demonstrare
440 3196 538 3260 liceat.
583 3193 641 3260 llst
662 3197 739 3260 enirn
762 3197 797 3260 ad
818 3196 969 3260 honestam
988 3196 1098 3260 sobolis
1115 3217 1259 3282 propaga·
1326 3273 1332 3283 „

97 3300 222 3376 bomem,
243 3299 325 3362 etad
345 3298 505 3362 conditoris
521 3300 650 3363 omnium
667 3299 756 3362 tlecns
773 3309 803 3362 et
819 3297 959 3362 bonorem
978 3293 1132 3378 concessa,
1157 3319 1258 3384 qnem-

98 3402 254 3466 atlmotlum
275 3401 388 3465 semina
408 3401 443 3464 ad
466 3421 568 3464 eorum
592 3401 735 3464 bonorum
757 3420 831 3484 quae
849 3401 922 3464 deus
939 3402 1069 3481 crearit,
1093 3402 1257 3486 germinum

99 3502 239 3568 videlicet
254 3524 287 3567 ac
302 3505 447 3568 fructuum
462 3503 626 3568 ubertatem
642 3525 676 3568 ac
692 3503 805 3587 copiam
820 3503 953 3568 instituta
969 3515 1049 3568 sunt.
1090 3501 1142 3568 Sic
1158 3504 1260 3567 burna·

100 3627 140 3670 no
161 3606 263 3690 generi
279 3606 313 3669 ad
332 3607 400 3671 illud
421 3607 643 3691 praestandum:
679 3610 817 3683 Crescite,
850 3620 879 3670 ct
893 3611 1133 3690 suatoplz'ccmr'm',
1167 3619 1195 3670 ct
1213 3629 1259 3670 re·
1272 3629 1402 3687 nanum.

96 3714 177 3791 plote
200 3721 320 3782 unum,
346 3709 425 3773 insiti
448 3720 517 3774 suut
538 3709 578 3772 illi
601 3709 656 3793 ipsi
678 3709 834 3795 voluptatis
857 3711 962 3774 aculei.

186 3807 325 3876 Ceterum
351 3811 525 3898 apocryphis
551 3811 721 3895 quibusdam
746 3812 827 3876 libris
851 3813 893 3877 uti
916 3813 982 3877 illos
1005 3813 1190 3899 accepimus,
1225 3834 1260 3878 ac
1279 3837 1338 3909 (top.
1355 3841 1397 3894 pp,

98 3914 207 4001 partim
227 3914 315 3978 etiam
333 3913 454 3999 publicis
478 3937 513 3980 ac
528 3916 675 4001 receptis,
710 3915 871 3999 exquibus
894 3937 930 3980 ea
952 3917 1014 3980 sola
1033 3917 1165 4001 deligunt
1187 3937 1261 4002 quae

101 4039 156 4104 pro
178 4015 269 4080 animi
292 4015 338 4080 sui
360 4016 478 4082 libidine
499 4029 675 4084 commutata
697 4017 917 4103 adulterataque
940 4019 1113 4104 depravant.
1158 4017 1261 4082 Enim-

99 4139 175 4185 vero
193 4117 262 4184 vitis
280 4137 462 4204 nequaquam
480 4133 526 4184 est
543 4143 559 4185 e
578 4122 693 4187 diabolo
713 4121 845 4200 consita,
881 4141 974 4207 neque
994 4143 1034 4187 ex
1048 4123 1195 4208 serpentis
1214 4141 1260 4186 se·

99 4223 180 4288 mine
204 4231 377 4307 procreata,
408 4223 450 4284 uti
475 4224 559 4288 lacile
582 4225 677 4308 quivis
696 4223 842 4308 intelligit.
890 4221 948 4308 Qui
972 4227 1049 4290 euim
1074 4225 1137 4290 lieri
1160 4235 1262 4310 posset

97 4325 195 4404 istud,
227 4345 292 4388 cnm
310 4332 412 4410 aperte
429 4325 560 4390 salvator
580 4328 643 4411 ipse
660 4325 805 4392 contraria
824 4329 921 4392 omnia
936 4339 1062 4392 testetur
1084 4328 1120 4392 iis
1137 4327 1256 4392 verbis=

97 4432 165 4492 Nou
187 4429 277 4490 bobum
299 4431 351 4490 boc
372 4431 407 4489 de
420 4431 561 4508 gentirn'ae
581 4435 645 4491 octs'r
663 4435 761 4504 ιἰιιιιι,
795 4434 882 4494 donec
902 4433 991 4493 br'bum
1014 4433 1088 4492 a'llud
1103 4453 1203 4494 acuum
1225 4438 1254 4495 ia
1269 4457 1355 4555 pporpp,

99 4591 181 4634 tatem
194 4592 259 4632 etse
232 4582 414 4650 sequionestret
381 4581 526 4633 ‹mrtemaio
541 4599 655 4650 q
642 4584 745 4635 aci'

136 4651 196 4702 Car
212 4653 302 4703 nt.-
321 4652 344 4704 1
360 4649 508 4718 παμπόλλου
524 4599 575 4702 icc.
590 4653 662 4703 t'nttc.
698 4655 787 4708 πολλοῦ
806 4658 859 4706 trbrt
875 4656 939 4706 ιιιιιι.

983 4737 1056 4812 45*
