3096 4988
332 307 393 372 354
753 313 874 366 ειιιιστι
892 313 1060 366 ιιειειιιιιιι

332 459 420 521 σιμον
433 441 491 502 τῶν
508 439 606 502 έθννῖν
618 434 724 518 τέρψιν
737 435 779 508 είς
794 431 881 516 τιμὴν
898 438 958 498 ταῖν
974 430 1102 498 είδάλων
1117 433 1272 516 γινομένην
1289 439 1402 518 πρῦτσι
1415 452 1483 498 συν-

333 545 427 620 ίασιν,
460 536 500 615 άς
521 537 594 621 μηδὲ
615 543 668 620 τῆς
688 533 768 622 παρά
790 543 854 624 θεῷ
874 535 926 600 καὶ
943 531 1120 620 άνθράπσις
1136 537 1331 618 μεμνημένης
1352 542 1406 618 τῆς
1425 542 1484 600 τῶν

332 639 527 728 θηριομάχον
538 641 589 706 καὶ
603 642 784 723 μονομαχίας
798 635 987 724 άνδροφόνοο
1001 638 1076 713 θέας
1087 633 1248 720 άπίχεσθοιι
1262 640 1358 714 ἐνίους
1370 635 1483 704 αότνῖν·

334 748 365 811 σί
385 745 416 810 δέ
436 746 488 808 καί
505 751 569 819 ταῖς
584 749 637 826 τῆς
653 740 762 826 σαρκός
778 737 901 824 ἡδοναῖς
914 739 1086 826 κατακόρως
1102 738 1290 818 δουλεύοντες
1305 737 1341 806 τά
1357 738 1484 827 σαριιιιιά

331 855 394 923 τοῖς
415 855 568 932 σαρκικοῖς
587 847 638 911 καλ
659 843 695 910 τά
712 841 894 927 πνευματικά
914 852 977 921 τοῖς
995 853 1204 928 πνευματικοῖς
1220 841 1422 910 ἀποδίδοσθαι
1440 845 1483 910 λέ-

332 970 425 1037 γοασι.
470 951 531 1015 Καί
547 951 579 1014 οἱ
593 947 645 1031 μὲν
661 944 759 1014 σότιῦν
774 949 876 1032 λάθρα
892 944 946 1023 τάς
961 948 1174 1029 διδασκομένας
1190 943 1242 1012 όιά
1258 945 1358 1012 αὐτῶν
1372 944 1427 1031 τῆν
1442 949 1483 1014 δι-

332 1050 426 1136 δαχῆν
446 1050 557 1135 ταύτην
574 1059 713 1137 γυναῖκας
730 1053 974 1134 διαφθείρουσιν,
1007 1047 1047 1128 άς
1063 1049 1202 1126 πολλάκις
1217 1047 1269 1116 ὕπ’
1285 1053 1372 1116 ἐνίων
1386 1049 1485 1116 αότοῖν

334 1158 579 1238 ἐξαπατηθεῖσαι,
607 1156 707 1220 ἔπειτα
727 1155 941 1237 ἐπιστρέψασαν
961 1162 1098 1240 γυναῖκες
1119 1155 1161 1230 είς
1181 1150 1235 1236 τῆν
1256 1155 1411 1236 ίιιιιλησίαν
1432 1158 1485 1218 τοῦ

332 1266 409 1324 θεοῦ
431 1256 485 1323 σόν
506 1265 542 1348 τῆ
558 1264 647 1347 λσιπῆ
664 1255 758 1347 πλάνη
776 1261 827 1322 καί
843 1263 930 1322 τοῦτο
947 1254 1218 1342 ἐξωμολογήσαντο,
1250 1258 1282 1321 οῖ
1296 1255 1329 1320 δέ
1342 1257 1396 1320 καλ
1409 1253 1485 1321 κατά

333 1359 367 1428 τό
390 1357 521 1445 φανερόν
540 1357 812 1446 άπερυθριάσαυτες
834 1351 877 1424 όν
898 1357 935 1424 όν
951 1361 1099 1444 έρασθιδσι
1119 1366 1290 1444 ιγυναικοῖν
1306 1359 1417 1434 τσότας
1435 1354 1485 1423 άιά

332 1463 448 1550 άνδριῦν
473 1460 722 1539 4άποοττάσανιες
746 1465 823 1540 ίδίας
846 1460 971 1549 γαμετάς
991 1457 1155 1547 ἡγήσαντο·
1187 1459 1269 1528 ἄλλοι
1287 1463 1321 1528 δλ
1339 1453 1380 1527 αὖ
1397 1458 1486 1526 πάλιν

211 1601 261 1650 ηις.
276 1587 320 1634 ειν
334 1573 447 1650 σεμναῖς
461 1562 523 1634 κατ’
539 1563 645 1651 άρχάς,
669 1561 710 1641 ιδς
726 1565 797 1648 μετά
814 1562 948 1647 άδελφοῖν
963 1563 1215 1652 πρσςποιοόμενοι
1230 1572 1390 1645 συνοικεῖν,
1412 1589 1484 1648 πρσ-

334 1669 431 1746 Ιῖόντος
449 1676 502 1735 τοῦ
519 1667 628 1754 χρόνον
647 1664 828 1752 ῆλέχθησαν,
859 1665 1022 1753 ἐγκύμονος
1037 1674 1091 1750 τῆς
1108 1665 1237 1750 α’δελφῆς
1252 1664 1312 1734 όπδ
1330 1673 1386 1733 τοῦ
1403 1664 1484 1732 άδελ-

332 1780 394 1856 φοῦ
415 1777 597 1859 γενηθείσης.
641 1771 701 1835 Ka}
722 1767 792 1836 άλλα
813 1771 846 1836 δέ
864 1778 961 1848 πολλα
980 1769 1098 1856 μυσαρά
1122 1772 1171 1837 καλ
1195 1769 1276 1836 άθεα
1302 1769 1484 1856 πράσσοντες

332 1873 417 1960 ῆμιῖιν
439 1876 491 1958 μὲν
512 1873 562 1941 διά
583 1872 636 1940 τόν
657 1872 755 1956 φόβον
776 1881 829 1939 τοῦ
846 1881 921 1940 θεοῦ
938 1873 1169 1956 φυλασσομένων
1185 1874 1236 1940 καλ
1252 1875 1351 1960 μίχρις
1369 1875 1483 1949 ἐννοίας

332 1981 384 2044 καλ
395 1975 484 2064 λόγου
497 1975 636 2064 άμαρτεῖν
647 1977 871 2062 κατατρέχουσιν
885 1973 925 2053 σός
940 1979 1090 2042 ὕίδισιτυῖν
1102 1978 1153 2042 καλ
1167 1978 1259 2060 μηδέν
1270 1977 1482 2060 ἐπισταμένων,

332 2080 455 2158 έαυτοός
469 2082 501 2146 δέ
514 2077 714 2167 δπερυψοῦσι,
736 2083 861 2156 τελείους
875 2077 1100 2162 ἀποκαλοῦντες,
1121 2080 1172 2145 καλ
1185 2080 1335 2166 σπέρματα
1349 2081 1481 2166 ἐκλογῆς.

330 2181 423 2267 Ἡμᾶς
440 2184 493 2267 μὲν
508 2181 565 2270 γάρ
579 2181 722 2269 ἐκχρήσει
737 2181 790 2266 τῆν
805 2181 888 2268 χάριν
902 2180 1060 2266 λαμβάνειν
1073 2184 1203 2269 λέγουσι,
1226 2180 1274 2248 διδ
1290 2182 1342 2246 καλ
1359 2178 1482 2267 άφαιρε·

331 2286 483 2370 θῆσισθαι
499 2283 604 2370 αὐτῆς·
635 2283 745 2362 αάτοῦς
763 2285 795 2350 δέ
813 2283 980 2368 ίδιόκτητσν
998 2283 1119 2352 άνωθεν
1136 2282 1196 2350 άπδ
1211 2289 1265 2368 τῆς
1280 2280 1416 2370 άρρῆτον
1433 2284 1482 2348 καλ

330 2387 534 2473 άνσνομάστου
548 2393 685 2476 συζυγίας
701 2395 1016 2474 οσογκατεληλυθυῖαν
1028 2389 1102 2471 ἐχειν
1115 2386 1167 2470 τῆν
1180 2386 1274 2474 χάριν,
1288 2388 1340 2452 καὶ
1351 2383 1405 2451 διδ
1417 2393 1481 2452 τοῦ·

330 2517 364 2558 το
378 2491 635 2580 προςτεθήσεσθαι
652 2489 762 2568 αὐτοῖς.
803 2489 859 2556 Διδ
875 2492 925 2556 καί
939 2493 971 2558 ίιι
984 2488 1094 2567 παντδς
1105 2489 1221 2576 τρόπον
1236 2493 1298 2555 δεῖν
1311 2485 1426 2565 αάτσός
1439 2485 1481 2554 άελ

330 2592 364 2660 τδ
385 2601 438 2678 τῆς
459 2600 596 2682 συζυγίας
613 2601 731 2678 μελετᾶν
747 2592 916 2680 μυστήριον.
961 2595 1023 2658 Καὶ
1039 2599 1126 2660 τοῦτο
1146 2597 1285 2660 πείθουσι
1301 2588 1375 2669 τοός
1394 2588 1482 2674 άνοῆ·

331 2721 400 2774 τους
414 2695 518 2774 αάταῖς
533 2699 621 2776 λέξεσι
636 2698 768 2782 λέγοντες
782 2697 886 2772 οὕτως.
920 2695 978 2773 Ὃς
992 2695 1029 2761 άν
1045 2699 1076 2762 έν
1090 2695 1193 2786 κόσμῳ
1207 2693 1367 2782 γενόμενος
1383 2702 1482 2781 γυναῖ·

329 2825 369 2864 ιισ
385 2796 441 2864 οῦκ
457 2803 607 2882 ἐφίλησεν,
630 2797 701 2874 ιδςτε
715 2795 808 2882 αάτῆν
821 2804 1023 2884 κρατηθῆναι,
1045 2797 1100 2864 σῦκ
1115 2801 1193 2866 ἐστιν
1207 2801 1238 2876 ἐξ
1250 2795 1411 2880 άληθείας,
1431 2797 1481 2863 ιιολ

330 2899 368 2968 σά
381 2901 506 2988 χωρῆσαι
522 2904 564 2977 είς
579 2898 735 2984 άλῆθειαν·
758 2899 776 2967 ό
792 2902 824 2967 δέ
839 2899 899 2968 άπδ
914 2900 1029 2984 κόσμου
1049 2899 1117 2967 7σίν
1134 2902 1295 2988 κρατηθείς
1310 2901 1431 2987 γυναικί
1446 2894 1481 2964 σά

329 3003 452 3088 χωρήσει
477 3006 518 3082 είς
538 3001 697 3087 άλῆθειαν,
727 3003 777 3069 διά
795 3002 827 3071 τό
848 3002 889 3089 μῆ
911 3007 942 3070 ἐν
962 3007 1108 3092 ἐπιθυμίᾳ
1124 3009 1311 3090 κρατηθῆναι
1329 2999 1479 3089 γυναικός.
1546 3033 1547 3100 ρ

330 3104 389 3172 Διδ
410 3113 497 3174 τοῦτο
520 3100 574 3174 οὖν
594 3105 674 3190 ἡμᾶς
697 3104 830 3183 8ιισλοδς
851 3105 998 3190 ψυχικοδς
1015 3104 1190 3190 ὀνομάζουσι
1210 3107 1262 3172 καλ
1285 3107 1343 3171 θίιι
1366 3103 1480 3188 κόσμον
1546 3103 1547 3188 λ

329 3205 405 3276 εῖναι
422 3211 553 3295 λέγουσι,
574 3211 626 3276 καῖ
641 3207 803 3295 άναγκαίαν
818 3206 890 3293 ἡμῖν
904 3208 959 3293 τῆν
978 3208 1147 3296 ἐγκράτειαν
1161 3211 1210 3275 καλ
1227 3206 1348 3294 άγαθῆν
1362 3211 1480 3294 πρᾶξιν,
1546 3189 1547 3272 ί

327 3314 378 3377 λ’να
395 3310 432 3377 δι’
448 3309 540 3396 αὐτῆς
555 3315 688 3396 έλθωμεν
704 3314 745 3388 είς
761 3310 815 3378 τόν
830 3319 883 3395 τῆς
898 3311 1057 3396 μεσότητος
1075 3310 1176 3378 τόπον.
1220 3307 1332 3387 Αότσῖς
1346 3311 1381 3376 δέ
1394 3335 1480 3376 mv·

328 3423 461 3498 ματικοῖς
482 3439 511 3479 τε
532 3417 582 3481 καλ
603 3419 719 3490 τελείοις
738 3416 931 3497 καλουμένοις
949 3419 1106 3499 μηδαμῶς·
1142 3411 1223 3480 ιοσά
1237 3410 1293 3499 γάρ
1312 3417 1422 3497 πρᾶξις
1439 3415 1482 3486 είς

330 3517 484 3604 Πλιῆρωμα
504 3515 623 3603 είςάγει,
653 3515 724 3583 άλλδ
745 3514 778 3583 τδ
801 3516 967 3601 σπέρματά
985 3521 1102 3584 ἐκεῖθεν
1120 3515 1481 3600 νῆπισνέιιιτεμιτάμενσν,

332 3625 362 3664 ¹¹
375 3620 483 3687 ἐνθάδε
500 3617 706 3702 τελειοόμενον.
740 3618 836 3685 Ὅταν
858 3621 892 3686 δὲ
909 3627 970 3685 πᾶν
988 3618 1021 3686 τδ
1040 3623 1156 3706 σπέρμα
1172 3621 1328 3708 τελειωθῇ,
1357 3617 1415 3702 τῆν
1430 3618 1484 3700 μίν

326 3715 466 3802 Ἀχαμοδθ
484 3721 539 3806 τῆν
559 3723 669 3808 μητέρα
690 3721 789 3788 αάτιῖν
813 3728 1033 3808 ημεταστῆναι
1052 3730 1107 3789 τοῦ
1127 3730 1183 3806 τῆς
1203 3719 1363 3805 μεσότητος
1383 3719 1481 3787 τόπου
1546 3733 1547 3810 χ

325 3821 458 3906 λέγουσι,
486 3827 536 3890 καλ
553 3822 635 3902 έντδς
655 3823 858 3910 Πληράματος
878 3828 1017 3903 είςιλθεῖυ
1033 3828 1084 3892 καλ
1103 3823 1263 3908 ἀπολαβεῖν
1280 3821 1333 3889 τόν
1349 3827 1483 3906 νυμφίον

326 3919 417 4007 αάτῆς
434 3923 485 3991 τόν
499 3933 642 4014 Σωτῆρα,
663 3925 717 3992 τόν
731 3928 763 3993 ίιι
781 3925 900 3994 πάντων
915 3927 1066 4016 γεγονότα,
1088 3932 1138 3995 ’ίνα
1152 3931 1272 4015 συζυγία
1288 3926 1409 4012 γένηται
1425 3931 1481 3992 τοῦ
1546 3987 1547 4030 η

1546 4037 1547 4080 ι

357 4149 382 4204 3.
399 4149 585 4234 ηονααῷιοον
602 4155 843 4205 κατένασθεν.
917 4157 1014 4218 Νιρσῦσ
1031 4155 1107 4206 δελεντ
1127 4159 1160 4206 αῖ
1174 4169 1204 4206 ετ
1221 4153 1358 4204 ommate
1376 4153 1426 4204 λέν.
1444 4152 1484 4203 λιι·

357 4215 381 4271 4.
398 4233 553 4278 αποσιιοντις
568 4217 681 4286 γαμετάς
697 4223 748 4273 τοῦ.
765 4225 820 4274 νιν.
918 4227 1030 4286 tumetis.

355 4289 379 4336 5.
398 4285 454 4354 ίσῑῳ
465 4286 514 4339 νῦν
529 4288 564 4336 ed.
573 4290 658 4349 princ„
672 4291 734 4351 quod
743 4294 827 4341 νῖιῖυιιι
838 4291 882 4341 Pe·
947 4294 972 4341 ὅ.
986 4293 1019 4341 De
1030 4295 1081 4342 iure
1091 4291 1160 4340 λαίαν
1169 4292 1286 4352 vocabuli,
1296 4289 1360 4353 ηιιοδ
1371 4290 1421 4339 Vc&
1430 4291 1485 4352 qui-

322 4358 400 4406 ισνῑνν
415 4358 514 4406 correxit
529 4368 571 4416 σοι
588 4357 639 4405 eod.
655 4358 768 4410 ιὀιίοσιιῦ
916 4360 969 4408 dem
980 4360 1094 4422 λιιιινφνεν
1104 4373 1149 4408 ιιοιι
1161 4361 1273 4422 aquom,
1288 4353 1392 4420 καλσδε,
1407 4359 1485 4407 adm

354 4421 378 4473 6.
395 4424 592 4489 κατεληλνθυῖαν
605 4423 655 4474 cod.
672 4426 726 4475 Ven.
918 4429 1039 4478 (λεαίνίυιικ
1064 4429 1147 4478 Βιίίινι
1159 4429 1281 4512 φτορσειιίί
1293 4427 1357 4476 hane
1369 4427 1485 4476 σπεισο-

354 4489 379 4542 ῖ.
396 4483 431 4544 ιῖο
444 4488 479 4558 μῆ
493 4488 632 4558 κροτηθιὶς
647 4493 715 4544 codd.
730 4496 783 4546 Ven.
797 4500 820 4544 τι
834 4497 880 4544 λα·
915 4496 1015 4546 tionem:
1031 4490 1095 4561 ῆμῖν
1112 4492 1173 4561 μὶν,
1190 4511 1235 4554 ους
1249 4488 1375 4563 ψυχικοῖς
1388 4487 1486 4560 δυσμά-

319 4561 358 4610 uc.
379 4555 510 4625 γενόμενος
522 4555 559 4627 μῆ
573 4559 711 4627 κρατηθείς
722 4565 878 4626 reliquium.
916 4563 986 4623 ζονσι
1002 4569 1069 4626 τινα,
1083 4565 1146 4627 quod
1163 4579 1211 4616 ιισνι
1226 4565 1308 4626 νενου-
