3078 5012
356 221 601 320 samantneme.
618 261 757 314 sumtu.
775 259 966 321 mannaan.
1176 249 1236 312 613

87 380 151 458 cis,
182 379 314 446 sedeam
330 379 590 464 magiseulrlevns,
621 368 687 444 tim
704 379 1237 466 horuminleriorumouramapatra

86 504 146 546 suo
168 481 232 566 geri
254 483 438 548 confitentem
460 483 637 548 salvatorem
660 483 783 548 inducis.

178 580 279 648 Schol.
298 585 437 650 XXXV.
454 582 529 648 'Pro
542 605 579 648 eo
593 585 668 669 quod
684 596 746 664 est,
771 588 916 659 Seermda,
942 588 988 646 nel
997 589 1080 646 ternis
1095 589 1231 660 molodia,
1247 597 1302 643 une.
1313 597 1387 654 ιη

86 686 266 772 scripserat,
292 691 454 768 Vespertann
475 692 614 750 emtodr'ta.

175 786 275 852 ttetnt
296 788 434 854 XXXV.
468 787 517 854 Es
541 789 594 854 ltoc
617 789 681 853 loco
699 789 852 852 manifeste
875 787 959 852 belua
979 788 1035 852 ista
1054 788 1238 852 convincitur

86 891 189 954 diviua
212 892 247 954 ad
269 890 419 977 opiniones
439 912 508 955 suas
528 891 646 956 oracula
665 891 851 976 depravasse.
896 887 1002 974 Neque
1019 890 1095 954 euim
1116 890 1236 956 diurnae

86 1005 158 1057 aunt
176 994 336 1072 custodiae,
360 994 412 1058 sed
428 1004 599 1074 nocturnae,
624 1013 729 1077 quaen
750 1013 872 1080 vespera
890 992 1008 1079 primam
1025 992 1060 1055 ad
1076 992 1235 1058 custodiam

87 1107 298 1181 prorogemus,
331 1117 388 1159 non
411 1097 587 1160 amatutino
601 1094 725 1160 diluculo
744 1096 779 1159 ad
799 1115 967 1182 vesperam,
1000 1095 1236 1180 quemadmodum

87 1199 147 1264 iste
168 1198 310 1283 flagitioso
332 1197 491 1262 substituit.
1176 1221 1179 1228 v

175 1297 277 1364 Schol.
293 1299 446 1364 XXXVI.
480 1305 577 1362 haret
594 1304 720 1362 domninus
737 1305 814 1362 serui
827 1303 919 1375 t'llrits,
944 1312 972 1362 et
986 1302 1093 1364 recudit
1108 1323 1184 1376 eum,
1208 1311 1303 1363 ettttt.
1316 1315 1348 1359 ts.

82 1415 197 1485 purtem
219 1407 279 1466 erus
296 1415 384 1484 ponet
402 1425 465 1464 eura
486 1403 655 1484 infidedeles.

174 1503 275 1569 Relut.
294 1504 446 1570 XXXVI.
482 1501 540 1588 Qui
562 1505 609 1568 isti
633 1502 712 1572 servi
733 1516 832 1568 sector
854 1515 899 1568 est
917 1503 1039 1588 agedum
1055 1504 1153 1570 dicito.
1201 1503 1236 1570 Si

87 1608 166 1672 enirn
184 1607 232 1671 ille
247 1609 309 1692 ipse
324 1617 450 1686 creator,
474 1627 558 1692 quem
574 1617 603 1670 tu
620 1605 743 1670 iudicem
759 1627 793 1670 ao
808 1606 891 1669 derrm
908 1605 1025 1685 statuis,
1048 1607 1102 1671 hoo
1118 1607 1236 1672 omnino

87 1711 217 1774 lecturus
235 1720 296 1788 est,
318 1710 354 1774 ad
371 1709 445 1773 hunc
462 1711 546 1795 plane
564 1708 663 1772 fideles
682 1707 877 1793 pertinebunt.
923 1707 1038 1772 Etenim
1055 1730 1172 1774 servum
1187 1709 1236 1773 ille

86 1812 164 1876 ltaud
181 1822 261 1875 recta
277 1831 345 1876 sese
361 1820 511 1895 gerentem
530 1811 684 1896 increpans
704 1822 814 1896 partem
832 1810 908 1874 illius
926 1831 990 1874 cunr
1006 1809 1170 1876 infidelibus
1185 1833 1235 1896 po-

86 1915 142 1978 nit.
189 1910 273 1997 Quod
289 1914 314 1977 si
330 1924 412 1999 pater
426 1913 488 1998 ipse
506 1911 634 1992 Christi,
659 1914 704 1977 vel
721 1914 807 1976 etiam
825 1909 960 1977 Christus
975 1914 1097 1999 idipsum
1112 1915 1235 2000 praesti-

86 2029 171 2080 torus
186 2027 243 2095 est,
262 2016 444 2102 perspicuum
460 2015 662 2080 hebescentes
679 2027 706 2080 ta
721 2016 928 2080 testimonium.
971 2013 1044 2080 Cum
1061 2017 1136 2080 enim
1149 2014 1235 2081 Chri-

85 2129 183 2197 stum,
216 2119 263 2182 vel
279 2119 369 2204 ipsius
388 2127 498 2205 patrem
518 2117 589 2182 citra
610 2119 697 2182 ullam
715 2118 946 2183 conmoversiam
963 2119 1103 2183 iacturum
1119 2119 1146 2183 id
1167 2139 1234 2183 esse

86 2223 217 2300 fateare,
251 2223 374 2286 eundem
395 2220 504 2306 pariter
522 2231 551 2284 et
568 2219 691 2286 iudicem
710 2231 739 2284 et
757 2221 881 2300 bonum,
914 2231 942 2284 et
963 2220 1075 2284 unicum
1095 2231 1151 2284 tam
1170 2218 1234 2283 inli-

85 2345 200 2390 morum
222 2344 307 2408 quam
329 2323 499 2388 coelestiam
521 2323 735 2386 moderatorem
758 2324 922 2387 constituis.

174 2423 274 2490 Schol.
290 2424 458 2490 XXXVII.
491 2429 535 2486 Ne
545 2428 622 2506 sorte
638 2429 733 2488 wudu!
751 2438 776 2488 le
790 2430 829 2488 ud
843 2431 970 2499 eitdr'eem,
994 2437 1023 2487 el
1038 2429 1123 2488 eudem
1139 2429 1302 2488 omarum.
1315 2446 1348 2490 aa

86 2542 116 2591 te
137 2535 274 2592 exactori.

170 2630 273 2694 netur.
289 2627 458 2694 XXXVII.
492 2627 620 2694 Iudicem
636 2630 681 2694 liic
698 2640 859 2693 creatorem
877 2629 1013 2716 appellat.
1053 2627 1233 2694 Exactorem

84 2755 175 2820 porro
192 2732 284 2818 ipsius
301 2733 470 2818 angelorum
487 2731 658 2816 quemlibet,
684 2735 730 2816 qui
748 2734 887 2796 lectorum
904 2733 1046 2796 rationem
1064 2753 1082 2795 a
1100 2741 1233 2817 peccato·

82 2837 167 2900 ribus
183 2835 316 2920 exigent.
363 2830 447 2917 Quae
466 2845 562 2898 autem
578 2833 626 2898 illa
646 2836 738 2912 lacta,
771 2835 825 2898 nisi
843 2835 946 2899 delicta
966 2845 995 2898 et
1014 2844 1132 2921 prorata
1152 2845 1232 2913 suot,

83 2959 163 3024 quae
177 2935 260 3001 Iesus
278 2938 439 3002 detestatur
454 2948 494 3014 et,
516 2948 547 2999 nt
561 2936 660 3000 lateris
672 2937 746 3022 ipse,
767 2936 918 3023 prohibet?
958 2935 1038 3020 Ergo
1053 2958 1117 3000 cum
1132 2937 1233 3000 eadem

81 3042 137 3105 illa
160 3061 233 3124 quae
255 3039 348 3103 bonus
371 3039 442 3102 deus
462 3049 620 3102 execratur
637 3039 728 3104 iudex
748 3040 909 3102 detestetur
932 3050 960 3102 et
978 3039 1129 3124 conditor,
1159 3059 1233 3102 unus

82 3144 220 3226 idemque
242 3162 330 3227 opere
354 3143 417 3226 ipso
439 3162 473 3204 ac
496 3141 653 3206 voluntatis
674 3143 868 3206 consensione
891 3141 1066 3206 declaratur.

173 3241 274 3308 Schol.
295 3242 478 3308 XXXVIII.
514 3241 682 3308 Sustulerat
704 3263 744 3306 es
768 3243 817 3306 illo
839 3244 923 3324 loco,
959 3248 1100 3304 Venerunt
1120 3246 1370 3325 quadratosesse

82 3351 247 3411 nunnnntes
261 3350 318 3427 r'pri
332 3350 366 3408 de
383 3349 533 3422 Gnlr'lneri,
564 3367 681 3429 quorum
698 3350 861 3426 sanguninem
879 3350 1029 3407 ns'senernr
1045 3349 1153 3407 Pilatus
1170 3368 1232 3406 rum

80 3452 237 3531 scorpionis
257 3470 367 3524 eorum,
405 3469 495 3533 usque
518 3448 553 3512 ad
576 3468 611 3512 ea
632 3447 735 3531 quibus
754 3449 788 3510 de
807 3448 967 3511 octodecim
984 3448 1042 3512 illis
1060 3459 1105 3510 est
1121 3467 1231 3526 sermo,

82 3554 133 3640 qui
156 3551 187 3615 in
210 3547 320 3616 Siloam
343 3549 424 3613 ruina
448 3550 536 3614 turris
559 3550 690 3634 oppressi
710 3561 787 3616 sunt.
833 3547 923 3629 Item,
955 3555 1023 3612 Nisi
1035 3555 1233 3630 poenitentiam

81 3659 219 3738 egerr'tr's,
250 3654 393 3736 usquead
412 3653 573 3739 parabolam
592 3653 680 3730 icus,
712 3653 747 3715 de
765 3674 821 3737 qua
837 3653 911 3717 dixit
929 3652 1074 3736 agricola,
1104 3657 1230 3729 Fodr‘um,

82 3772 113 3822 et
134 3762 241 3820 maltam
262 3767 405 3831 stercora,
430 3767 460 3817 et
477 3761 506 3818 si
524 3777 579 3817 non
598 3757 716 3836 seem't,
741 3761 847 3818 ameide.
917 3811 920 3816 .

171 3856 273 3922 netur.
294 3855 476 3922 XXXVIII.
511 3856 592 3920 Ilaec
609 3856 675 3920 ideo
695 3859 823 3922 nefarius
843 3858 949 3942 praedo
969 3857 1115 3922 subtraxit
1133 3879 1168 3922 ac
1185 3878 1232 3922 se·

84 3963 238 4048 metipsum
257 3961 380 4025 veritate
398 3961 558 4039 fraudavit,
583 3961 656 4044 quod
672 3961 804 4024 domiuus
821 3957 905 4024 Pilati
922 3961 1095 4024 sententiam
1111 3981 1168 4045 qua
1182 3961 1233 4024 ho·

83 4067 181 4130 mines
205 4063 279 4127 istos
301 4063 364 4126 iure
385 4063 573 4127 damnaverat
589 4062 770 4148 approbarit,
802 4082 916 4146 quoque
934 4063 1017 4126 alteri
1039 4063 1099 4142 illi,
1132 4061 1232 4148 quiin

84 4166 198 4232 Siloam
218 4165 381 4250 perierant,
406 4165 509 4228 merito
528 4185 579 4230 eas
596 4185 705 4249 poenas
723 4165 838 4228 dedisse
855 4165 1024 4242 videantur,
1048 4175 1148 4250 utpote
1165 4187 1232 4251 pec-

84 4282 220 4348 catores,
252 4277 281 4330 et
302 4266 441 4330 eiusmodi
464 4288 481 4330 a
506 4268 561 4331 deo
586 4268 734 4354 suppliciis
758 4267 866 4330 affecti.
914 4263 974 4333 Sed
995 4279 1026 4332 ut
1048 4268 1231 4353 imperatoris

85 4426 205 4476 Petuntur.
711 4421 752 4475 98.
770 4423 851 4484 Supra
867 4417 1005 4476 δεκαοκτώ.

118 4491 160 4544 97.
180 4489 318 4558 κατακρῑιῃ
336 4492 386 4542 cod.
403 4492 473 4542 Votis.
714 4488 754 4544 99.
773 4493 853 4561 Supra
869 4483 973 4566 ποιήσῃ.
