3078 5012
346 301 408 365 548
771 314 892 365 ειωετι
912 315 1079 366 εειειιιειιι

346 433 414 516 περὶ
429 427 486 513 τῆν
501 427 644 512 άλῆθειαν
659 427 849 512 ῆστοχηκέναι
866 432 955 516 λέγει,
979 435 1084 507 οίτινες
1099 435 1149 497 καί
1162 430 1248 498 ου’τοί
1264 439 1300 522 τῆ
1315 435 1429 520 αἱρέσει
1446 439 1501 516 λςη·

225 566 275 609 pag.
287 552 332 597 τοο.
346 533 552 615 κολούθησαν,
576 532 662 597 άλλον
677 531 752 597 θεάν
768 536 1020 620 καταγγέλλοντες,
1043 537 1095 600 καί
1111 541 1295 621 γενεαλογίας
1308 533 1501 620 άπεράντους,

344 640 395 704 καί
417 635 531 718 πλάνην
550 638 767 720 έπισπείροντες
788 646 851 712 τοῖς
869 635 1059 722 άνθράπως,
1090 640 1141 702 καί
1158 640 1292 724 λέγοντες
1312 637 1354 722 μῆ
1376 643 1409 705 έιι
1430 649 1501 706 θεοῦ

343 747 518 828 γεγενῆσθαι
535 736 587 802 τδυ
601 736 729 819 κύαμον,
753 736 823 802 άλλά
841 735 902 805 ύπδ
920 737 1029 826 Ἀρχυῑν
1047 743 1097 806 καί
1115 738 1288 820 Ἐξουσιαῖν,
1310 741 1365 824 τῆν
1384 743 1416 807 δὲ
1436 741 1500 806 άνά-

343 865 442 908 στασιν
463 839 521 924 ῆδη
538 849 728 928 γεγενῆσθαι,
759 841 810 906 διά
830 849 890 906 τῶν
905 845 1069 927 γενομένων
1088 844 1198 910 τέκνων
1219 841 1278 910 ύπδ
1296 845 1425 910 ἑκάστου
1446 853 1500 909 τάν

342 943 523 1031 γεννώντων,
546 943 600 1026 τῆν
615 946 646 1008 δὲ
660 951 718 1009 τῶν
730 949 842 1030 νεκρῶν
856 942 893 1009 ού
904 947 1038 1030 λέγουσιν
1052 949 1179 1012 ἔσεσθαι.
1221 949 1283 1011 Καί
1296 944 1398 1032 δρᾶτε,
1421 945 1498 1012 α’δελ·

343 1050 413 1128 φοί,
436 1046 489 1114 τδν
504 1055 672 1134 χαρακτῆρα
690 1054 743 1129 τῆς
759 1045 915 1130 άληθείας,
937 1050 988 1114 καί
1005 1047 1058 1114 τδν
1074 1052 1188 1134 ἔλεγχον
1206 1056 1258 1131 τῆς
1274 1049 1393 1116 τούτων
1408 1077 1496 1134 παρα

342 1155 454 1234 νομέας.

425 1353 640 1438 Ὑπολαμβάνω
656 1357 688 1420 δὲ
702 1359 753 1420 καί
767 1359 834 1442 περὶ
851 1355 964 1420 τούτων
978 1360 1087 1432 ἱκανάς
1101 1359 1247 1443 εἰρῆσθαι
1282 1355 1384 1422 Ὅθεν
1397 1357 1497 1440 ταύτην

340 1456 516 1545 παραλιποίν
538 1461 588 1524 ἐπί
609 1457 662 1534 τάς
678 1461 745 1542 έξῆς
761 1457 815 1541 τῆν
831 1464 955 1544 πορείαν
968 1458 1131 1542 ποιήσομαι
1137 1511 1145 1538 ,
1176 1463 1270 1525 έκεῖνο
1288 1459 1384 1542 μόνον
1401 1461 1495 1534 είιτιύτ,

341 1559 383 1637 οἷς
398 1560 479 1628 πάνυ
494 1566 627 1642 φαίνεται
644 1564 759 1626 έοικοῖα
777 1560 852 1644 αὕτη
870 1560 920 1626 διά
937 1569 989 1646 τῆς
1006 1561 1206 1645 πολνωνύμυν
1222 1561 1419 1647 ’Λρχοντικῆς
1435 1561 1495 1630 δνο-

339 1668 448 1746 μασίας
461 1669 497 1753 τῆ
513 1663 690 1752 πολυπλύκρι
708 1663 858 1754 ἕρπετοίδη
873 1671 1049 1753 κακοηθείᾳ.
1097 1663 1216 1750 Τρύπον
1230 1665 1288 1750 γάρ
1302 1692 1369 1730 τινα
1385 1669 1418 1731 ἐκ
1432 1675 1494 1731 πολ·

338 1775 398 1832 λῶν
419 1769 549 1851 ἑρπετῶν
571 1764 677 1849 άναμίξ
698 1775 751 1849 τῆς
773 1770 885 1832 ἑαυτῶν
907 1768 1019 1850 πλάνης
1040 1770 1207 1853 συνηγμένη
1229 1769 1308 1832 έστίν
1327 1767 1349 1850 η’
1370 1772 1493 1851 ίοβολίιι’

339 1866 405 1936 οἷον
418 1869 452 1935 τδ
468 1869 568 1956 θρασύ
585 1874 691 1953 ἔχουσα
706 1877 760 1935 τοῦ
775 1869 952 1954 δράκοντος,
981 1868 1014 1936 τύ
1033 1869 1152 1956 δολερδν
1166 1875 1220 1934 τοῦ
1237 1871 1419 1949 2ωυσάλου,
1449 1871 1496 1952 τῆν

339 1969 518 2038 άνθέλκυσιν
538 1981 591 2056 τῆς
610 1981 705 2056 πνοῆς
726 1980 779 2038 τοῦ
805 1977 987 2055 ίβαίτωνος,
1019 1970 1052 2037 τδ
1071 1979 1182 2058 γαῦρον
1201 1979 1256 2038 τοῦ
1274 1971 1435 2052 άκοντίου,
1466 1973 1493 2037 τί

337 2077 482 2161 προπετές
497 2083 551 2142 τοῦ
566 2074 749 2161 ύστρακίτου.
792 2075 913 2142 Τούτων
927 2077 959 2140 δὲ
973 2077 1095 2141 πάντων
1110 2074 1164 2158 τῆν
1181 2074 1312 2158 κεφαλῆν
1327 2077 1492 2158 καταττατῆ

337 2201 439 2255 σαντες
454 2185 490 2269 τῆ
507 2187 561 2261 τῆς
574 2176 715 2261 άληθείας
728 2177 872 2244 ὑποθέσει
889 2181 939 2244 λιτὶ
954 2177 1006 2254 τάς
1024 2175 1129 2254 λοιπάς
1145 2180 1324 2260 διέλθωμεν,
1348 2179 1492 2260 έπιπύθη

335 2307 397 2362 τοι,
418 2279 473 2366 την
495 2281 618 2364 ἑκάστης
639 2281 755 2364 πλάνην
777 2279 971 2362 άποκαλύψαι
992 2283 1025 2346 έν
1045 2285 1109 2369 θεῷ
1131 2279 1317 2366 παριέμενοι

584 2635 741 2704 ΚΑΤΑ
786 2632 1249 2720 ΚΕΡΔΩΝΙᾹΝΩΝ,

489 2748 621 2844 εἰκοστὴ
648 2747 778 2846 πρώτη,
804 2746 828 2842 ἡ
853 2753 913 2822 καὶ
936 2745 1190 2848 τεοσαρακοστῆ
1218 2745 1343 2846 πράτη.

419 2897 542 2980 Κέρδων
557 2923 602 2972 τις
614 2897 739 2972 τούτους
756 2899 807 2962 καὶ
822 2896 875 2963 τάν
887 2894 1074 2982 Ἡρακλέωνα
1087 2897 1260 2978 διαδέχεται,
1277 2899 1311 2961 έκ
1328 2904 1384 2980 τῆς
1399 2895 1492 2962 αύτεῑν

335 3005 441 3082 σχολῆς
463 2997 521 3079 div,
553 2996 614 3064 α’πδ
636 2997 773 3081 Σίμωνός
794 3023 824 3064 τε
845 3001 896 3066 καί
918 3003 1099 3084 Σατορνίλον
1119 2997 1220 3080 λαβοίν
1242 2996 1297 3074 τάς
1321 2999 1491 3086 προφάσεις.

337 3093 433 3176 Οὗτος
450 3104 631 3185 μετανάστης
647 3107 754 3188 γίνεται
772 3098 834 3168 άπδ
851 3109 904 3185 τῆς
920 3107 1043 3188 Συρίας,
1065 3104 1117 3166 καί
1132 3103 1179 3166 έπλ
1199 3100 1252 3183 τῆν
1265 3098 1382 3185 Ῥάμην
1398 3103 1493 3166 ίλθάν

332 3203 448 3287 λυμεάν
468 3231 513 3281 τις
530 3207 660 3288 πέφηνεν
677 3207 771 3293 ἑαυτῷ
795 3229 823 3270 τε
845 3207 973 3280 καὶτοῖς
993 3202 1072 3292 αύτῷ
1091 3206 1282 3287 πειθομένοις
1304 3201 1493 3270 δέλεεινάτα-

332 3335 390 3384 τος.
433 3306 559 3390 Ἐλεεινῆ
575 3306 631 3392 γάρ
646 3304 666 3390 ῆ
683 3305 773 3388 φάσις
788 3314 848 3372 τῶν
862 3304 1049 3392 άνθράπων,
1073 3305 1143 3371 ὅταν
1158 3311 1361 3388 καταλείψασα
1372 3305 1425 3388 τῆν
1438 3311 1492 3369 τοῦ

332 3417 408 3476 θεοῦ
431 3408 503 3476 ύδδν
524 3418 685 3488 πλανᾶται,
717 3411 769 3474 καλ
791 3406 851 3476 άπὸ
873 3416 925 3493 τῆς
945 3417 999 3474 τοῦ
1020 3416 1096 3474 θεοῦ
1114 3408 1243 3492 κλήσεως
1260 3409 1371 3491 έαντῆν
1386 3407 1491 3490 άφορί·

332 3535 416 3578 σασα.
461 3515 640 3596 Σνμβέβηκε
660 3510 716 3597 γάρ
739 3521 802 3588 τοῖς
824 3511 972 3588 τοιούτοις
991 3508 1013 3594 ῆ
1034 3519 1087 3577 τοῦ
1107 3511 1198 3586 κυνδς
1215 3517 1374 3595 παροιμία,
1401 3510 1491 3598 δςτῆ

331 3621 399 3702 σκιᾷ
415 3617 565 3700 προςέχων
580 3608 616 3680 οὗ
632 3623 761 3696 κατεῖχεν
780 3617 812 3679 έν
828 3622 869 3703 τῷ
884 3613 1021 3697 στόματι,
1052 3615 1206 3696 ἐμβλέπων
1220 3617 1261 3689 είς
1277 3614 1360 3699 ὕδωρ
1375 3615 1423 3678 καί
1441 3637 1487 3676 νο-

331 3720 417 3798 μίσας
439 3725 480 3805 τῷ
499 3717 587 3782 ύδατι
608 3714 693 3784 σκιάν
712 3721 827 3798 μείζονα
843 3713 918 3782 είναι
937 3725 989 3799 τῆς
1006 3719 1039 3780 έν
1054 3723 1095 3804 τῷ
1115 3715 1236 3798 στόματι
1254 3713 1348 3782 adnm]
1365 3717 1490 3794 ἐδωδῆς,

330 3815 450 3896 άνοίξας
465 3817 498 3884 τδ
515 3818 609 3904 στόμα
626 3821 675 3885 καί
691 3817 744 3902 τῆν
761 3811 854 3886 οὖσαν
869 3817 1024 3884 άπάλεσεν.
1072 3817 1158 3884 Ούτω
1175 3821 1225 3884 καί
1242 3811 1328 3884 οὗτοι
1342 3816 1394 3900 τῆν
1410 3813 1489 3882 δδδν

329 3918 479 4006 εύρόντες,
501 3925 551 3987 καί
567 3921 744 4006 βουλόμενοι
759 3931 844 3999 σκιάς
857 3923 1065 4008 περιγενέσθαι
1079 3927 1131 4002 τῆς
1146 3923 1178 3986 έν
1191 3927 1228 4009 τῆ
1244 3917 1372 4008 ύπονοίρ
1387 3916 1487 3984 αύτοὸν

207 4063 258 4111 μς,
271 4053 316 4097 m,
331 4025 504 4110 γενομένης,
527 4023 580 4106 τῆν
597 4017 690 4091 οὖσαν
707 4028 738 4091 ἒν
753 4033 794 4114 τῷ
813 4025 935 4109 στόματι
952 4021 1065 4104 αὐτῶν,
1088 4020 1130 4099 οἷς
1145 4025 1255 4102 εἰπεῖν,
1275 4025 1311 4088 έκ
1325 4027 1400 4088 θεοῦ
1416 4047 1486 4103 τρο·

328 4125 390 4210 φῆν
406 4129 614 4213 κεχαρισμένην
631 4126 667 4192 ού
683 4125 776 4211 μόνον
792 4124 962 4205 άπάλεσαν,
991 4123 1063 4192 α’λλά
1079 4127 1130 4192 καί
1147 4122 1273 4211 ὄλεθρον
1287 4127 1403 4200 έαυτοῐς
1421 4127 1487 4189 έπε·

328 4228 488 4296 σπάσαντο.

416 4324 513 4408 Οὗτος
534 4335 634 4397 τοίνυν
656 4328 815 4418 δΚίρδων
835 4333 867 4398 έν
887 4329 1006 4418 χρόνοις
1027 4328 1146 4416 ’Ίλγίνου
1168 4333 1288 4416 γέγονεν
1309 4325 1479 4397 ίπιστύπου

367 4557 391 4606 2.
408 4559 456 4607 Hoc
472 4563 584 4622 serpentis
598 4573 671 4624 ςειιιιε
687 4566 851 4612 commemorat
866 4563 937 4610 είιόοι
953 4561 1016 4613 haer.
1031 4557 1080 4622 50,
1097 4555 1121 4612 δ
