3106 4990
331 267 393 332 46ss
755 277 876 330 εικοιι
894 277 1062 330 εειεοικιι

211 397 417 473 pug.²⁵1.ubw9.
451 393 544 461 ’Όλον
566 395 597 460 δέ
621 393 674 460 τόν
696 392 861 478 άνθροιπον
882 401 981 460 πᾶσαν
1002 392 1057 477 τόν
1078 392 1181 460 είκόνα
1196 400 1248 476 τῆς
1267 391 1480 478 Τριακοντάδος

333 498 429 575 οῦτως
450 501 525 582 έχειν
544 496 742 563 διδάσκουσιν.
785 495 835 562 ’Em
857 497 910 578 μέν
931 505 996 572 ταῖς
1012 499 1089 581 χερσί
1113 495 1163 562 διά
1184 503 1244 561 τῶν
1261 495 1414 560 δακτύλων
1432 494 1479 576 την

334 600 453 667 Δεκάδα
468 598 635 684 βαστάζειν,
658 601 690 664 έν
704 598 763 689 ῦλρι
778 601 810 666 δέ
825 604 865 687 τῷ
880 598 991 682 σάματι
1004 603 1044 674 είς
1058 599 1186 664 δεκαδύο
1202 600 1272 682 μέλη
1287 599 1480 684 δυνησομένῳ

331 702 383 788 τὴν
399 701 572 769 Δωδεκάδα.
616 709 772 786 Διαιροῦσι
793 703 825 768 δέ
843 701 916 768 αύτύ
935 702 1072 786 καθάπερ
1090 701 1123 767 τό
1142 709 1195 784 τῆς
1212 699 1365 784 Ἀληθείας
1380 699 1479 790 διῄρη-

332 834 378 872 ται
394 803 463 890 παρ’
485 813 517 850 ¹⁵
528 803 629 880 αύτοῐς
643 809 743 887 σῶμα,
767 805 834 888 περὶ
850 795 888 869 οῦ
903 804 1130 890 προειρήκαμεν.
1178 803 1239 887 Τήν
1252 829 1282 869 τε
1296 798 1349 870 οῦν
1361 801 1480 888 Ὀγδοά

331 912 385 987 δα,
415 906 543 994 άρρητόν
564 933 594 974 τε
615 909 666 972 καί
684 903 812 992 άόρατον
834 898 946 986 οὖσαν,
974 909 1007 974 έν
1024 917 1089 984 τοῖς
1107 905 1280 993 σπλάγχνοις
1296 908 1480 991 κρυβομένην
1539 945 1540 950 1

332 1019 476 1076 νοεῖσθαι.

407 1113 514 1178 Ἥλιον
536 1113 567 1178 δέ
588 1110 674 1178 πάλιν
695 1111 747 1178 τόν
769 1115 859 1198 μέγαν
881 1117 1024 1198 φαστῆρο·
1046 1114 1078 1178 έν
1094 1118 1130 1202 τῇ
1150 1111 1271 1200 τετάρτη
1293 1118 1352 1177 τῶν
1367 1106 1481 1196 ἡμερῶν

332 1218 478 1302 γεγονέναι
496 1213 545 1280 διά
562 1213 613 1280 τόν
629 1223 682 1298 τῆς
700 1214 844 1298 Τετράδος
861 1213 993 1300 άριθμόν
1009 1213 1172 1296 φάσκουσι·
1193 1219 1246 1298 τῆς
1262 1239 1291 1279 τε
1307 1221 1419 1296 σκηνῆς
1432 1219 1481 1294 τῆς

331 1316 392 1384 ύπύ
409 1319 567 1394 Μοιῦσέοις
582 1323 869 1401 κατασκευασθείσης
887 1321 920 1382 αί
939 1314 1050 1384 ιαάλαί
1068 1320 1101 1384 έκ
1119 1317 1249 1400 βύσσου,
1271 1318 1322 1382 καλ
1334 1313 1480 1382 ῦαιιένθσν

331 1423 382 1487 καλ
396 1417 555 1506 πορφύρας
569 1421 620 1486 καὶ
636 1425 777 1486 κοκκίνου
794 1430 940 1505 γεγονυῖαι
957 1419 1010 1503 τὴν
1024 1419 1119 1503 αύτήν
1134 1417 1204 1506 παρ’
1220 1417 1320 1494 αύιοίς
1335 1421 1481 1494 ἐπέδειξαν

332 1521 446 1590 είκόνα·
468 1523 520 1589 τόν
534 1549 565 1588 τε
580 1530 632 1588 τοῦ
649 1525 749 1609 ίερέοις
764 1522 893 1608 ποδήρη,
914 1525 1050 1608 τέσσαρσι
1070 1528 1244 1607 Ξστοιχείοις
1256 1527 1353 1588 λίθοιν
1367 1529 1479 1586 πολυτε-

330 1633 387 1692 λῶν
401 1627 622 1710 κεκοσμημένον
636 1624 690 1708 τήν
707 1624 838 1710 Τετράδα
856 1631 1007 1708 σημαίνειν
1021 1629 1211 1709 διορίζονται,
1232 1628 1284 1690 καί
1302 1628 1331 1690 εί
1344 1651 1412 1688 τινα
1427 1648 1480 1688 τοι·

332 1736 407 1794 νῦτα
425 1736 519 1794 κεῖται
540 1730 571 1793 έν
590 1737 655 1804 ταῖς
672 1737 801 1812 γραφαῖς
822 1731 864 1804 είς
884 1725 937 1794 τόν
953 1736 1013 1794 τοῖν
1028 1725 1178 1812 τεσσάρων
1195 1726 1345 1810 δυνάμενα
1361 1725 1482 1812 άγεσθαι

332 1828 474 1914 άριθμόν,
497 1828 546 1895 διά
559 1828 612 1912 τόν
632 1829 794 1915 Τετρακτύν
809 1829 910 1896 αύτνῦν
923 1853 998 1912 φασι
1009 1831 1168 1916 γεγονέναι.
1215 1827 1275 1912 Τὴν
1289 1831 1322 1894 δέ
1334 1826 1482 1914 Ὀγδσάδα

331 1932 419 2000 πάλιν
435 1937 607 1998 δείκνυσθαι
624 1932 725 2008 οῦτοις.
768 1931 818 1998 Ἐν
835 1941 871 2022 τῇ
885 1932 978 2022 ὀγδόη
996 1939 1056 1998 τοῖν
1070 1929 1188 2017 ἡμεροῦν
1204 1929 1376 1998 πεπλάσθαι
1388 1932 1482 2016 λέγον

331 2059 378 2104 σιν
393 2036 444 2102 τόν
460 2033 632 2120 άνθρωπον.
673 2037 753 2101 Ποτέ
774 2037 826 2118 μέν
843 2034 899 2122 γάρ
914 2033 1006 2102 αῦτόν
1019 2043 1056 2125 τῇ
1070 2037 1140 2124 ἕκτη
1154 2033 1313 2123 βούλονται
1327 2036 1482 2119 γεγονότα,

331 2139 402 2204 ποτέ
424 2138 457 2204 δέ
480 2146 515 2227 τῇ
538 2136 646 2227 όγδόη,
676 2140 705 2202 εἰ
729 2141 797 2221 3μη’
814 2165 841 2205 τι
857 2137 909 2204 τόν
922 2139 976 2220 μίν
988 2137 1091 2221 χοϊκύν
1109 2139 1141 2204 έν
1158 2165 1199 2227 τη·
1210 2139 1280 2227 έκτη
1295 2143 1356 2204 νῦν
1368 2134 1483 2220 ἡμεροῦν

334 2244 434 2327 ἐροῦσι
447 2239 634 2320 πεπλάσθαι,
656 2239 709 2306 τόν
723 2243 754 2306 δέ
771 2239 912 2326 σαρκικύν
925 2243 956 2305 έν
968 2247 1005 2329 τῇ
1020 2239 1127 2330 ὀγδόη·
1151 2242 1312 2306 διέσταλται
1323 2238 1381 2325 γάρ
1395 2245 1484 2304 ταῦτα

332 2341 401 2430 παρ’
423 2341 533 2420 αῦτοῖς.
568 2341 666 2410 Ἔνιοι
690 2345 721 2408 δὲ
744 2341 830 2410 άλλον
851 2345 972 2410 θέλουσι
992 2341 1044 2408 τόν
1067 2341 1130 2410 κατ’
1155 2339 1254 2408 είκόνα
1272 2345 1325 2408 καί
1345 2339 1484 2424 δμοίοισιν

330 2454 407 2514 θεοῦ
424 2444 564 2532 γεγονότα
582 2443 786 2528 άροενόθηλυν
804 2444 980 2529 άνθριοστον,
1002 2446 1053 2511 καί
1070 2452 1175 2512 τοῦτον
1191 2442 1267 2510 είναι
1287 2443 1340 2510 τάν
1358 2469 1485 2526 πνευμα-

330 2547 428 2628 τικόν,
458 2547 545 2613 άλλον
563 2548 594 2613 δέ
613 2547 665 2614 τόν
683 2550 784 2631 ἕκτης
803 2555 856 2633 γῆς
872 2549 1046 2614 πλασθέντα.
1092 2549 1152 2612 Καὶ
1171 2546 1224 2629 τὴν
1239 2553 1293 2630 τῆς
1308 2551 1440 2630 κιβωτοῦ
1455 2547 1485 2610 δέ

332 2654 532 2732 *οἰκονομίαν
554 2652 586 2716 έν
608 2657 648 2738 τῷ
670 2655 878 2739 κατακλυσμῷ,
910 2653 941 2716 ἐν
966 2643 987 2740 ᾗ
1008 2647 1085 2716 όκτοί
1107 2648 1268 2735 ῦνθροιποι
1288 2647 1485 2730 διεστάθησαν,

332 2751 524 2837 φανεράνατά
541 2772 613 2834 φασι
629 2751 682 2836 την
698 2753 842 2838 σωτήριον
855 2751 1006 2838 Ὀγδοάδνι
1022 2751 1161 2835 μηνύειν,
1182 2750 1215 2818 τό
1232 2749 1304 2818 αύτδ
1320 2753 1355 2818 δὲ
1368 2754 1420 2816 καλ
1437 2749 1487 2816 τόν

331 2857 445 2938 Δαβίδ,
469 2853 576 2940 όγδοον
592 2852 665 2919 όντα
680 2863 716 2945 τῇ
733 2858 840 2941 γενέσει
858 2861 917 2922 τῶν
934 2853 1070 2936 άδελφοῖν
1086 2851 1195 2934 αῦτοῦ,
1222 2857 1385 2937 σημαίνειν.
1420 2853 1486 2918 Ἔτι

332 2954 390 3040 μὴν
412 2958 463 3022 καί
484 2955 538 3039 τήν
554 2956 714 3042 περιτομὴν
730 2955 912 3044 όκταήμερον
929 2960 1086 3044 γινομένην
1106 2955 1139 3024 τό
1157 2962 1326 3041 περίτμημα
1348 2965 1403 3040 τῆς
1422 2954 1487 3022 άνοι

329 3057 496 3145 Ὀγδοάδος
513 3063 630 3142 δηλοῦν.
675 3063 735 3125 Καί
754 3059 854 3138 άπλοῦς
871 3060 927 3127 ῦσα
945 3058 1107 3146 εύρίσκεται
1126 3063 1160 3126 έν
1181 3069 1245 3136 ταῖς
1262 3069 1393 3146 γραφαῖς
1408 3055 1486 3124 ῦπά·

330 3172 435 3248 γεσθαι
450 3165 600 3244 δυνάμενα
614 3165 654 3240 είς
669 3161 722 3230 τόν
736 3161 867 3248 άριθμύν
881 3171 941 3230 τῶν
955 3161 1044 3240 όκτοί,
1066 3161 1099 3230 τό
1116 3160 1278 3246 μυστήριον
1292 3169 1348 3245 τῆς
1360 3160 1488 3248 ’orand-

330 3269 382 3340 δος
402 3266 568 3349 ἐκπληροῦν
589 3268 730 3356 λέγουσιν.
773 3264 855 3332 Ἀλλά
875 3269 926 3331 καί
943 3265 998 3348 την
1014 3265 1133 3330 Δεκάδα
1149 3269 1346 3347 σημαίνεσθαι
1362 3262 1412 3330 διά
1430 3269 1489 3330 τοῖν

331 3369 403 3434 δέκα
421 3370 520 3434 έθνοῦν
538 3360 581 3432 τόν
600 3371 786 3454 ἐπηγγείλατο
807 3366 824 3434 ό
840 3368 914 3444 θεός
930 3376 970 3456 τρῦ
985 3365 1117 3452 Ἀβραάμ
1133 3369 1173 3442 εἰς
1187 3365 1359 3450 κατάσχεσιν
1376 3370 1488 3432 δοῦναι

330 3472 455 3556 λέγουσι.
501 3472 561 3534 Καὶ
576 3469 630 3553 τὴν
649 3473 740 3555 έπερί
754 3469 877 3556 Σάρραν
893 3472 924 3536 δέ
938 3473 1126 3552 οἰκονομίαν,
1149 3467 1191 3546 τίς
1206 3468 1277 3552 μετά
1292 3471 1342 3554 ίιη
1358 3471 1431 3534 δέκα
1445 3473 1488 3532 δέ

331 3575 421 3638 δαισιν
436 3570 515 3660 αύτῷ
532 3570 586 3656 τὴν
603 3575 709 3656 ἑαυτῆς
724 3572 833 3656 δούλην
841 3572 935 3658 ’Ἅγαρ
950 3577 1000 3638 ἵνα
1017 3575 1047 3652 έξ
1063 3570 1154 3655 αύτῦγς
1170 3570 1432 3654 τεκνοποιήσηται,
1455 3569 1488 3636 τό

331 3671 402 3738 αύτδ
425 3679 543 3756 δηλοῦν.
590 3677 651 3740 Καὶ
672 3672 690 3742 δ
708 3679 812 3750 δοῦλος
833 3678 864 3742 δὲ
881 3675 1014 3760 Ἀβραάμ
1030 3677 1179 3757 πεμφθείς
1197 3677 1248 3740 §ul
1262 3670 1418 3760 Ῥεβέκκαν
1436 3676 1489 3738 καὶ

204 3803 254 3850 ηις.
267 3789 313 3836 2⁶².
332 3777 380 3840 έπλ
396 3783 437 3864 τῷ
454 3779 558 3860 φρέατι
577 3777 677 3858 διδούς
692 3775 766 3867 αὐτῇ
785 3779 873 3858 ψέλια
890 3787 1005 3864 χρυσοῖν
1020 3780 1106 3858 δέκα,
1138 3779 1189 3842 καί
1206 3781 1238 3842 σί
1253 3775 1376 3858 α’δελφοί
1394 3773 1491 3858 αύτῆς

241 3871 245 3880 ’
330 3879 497 3960 κατέχοντες
516 3877 608 3962 ταύτην
631 3883 677 3948 ἐπί
696 3882 767 3944 δέκα
783 3877 909 3964 ἡμέρας·
932 3883 973 3946 έτι
990 3906 1019 3944 τε
1032 3877 1197 3964 Ῥοβοάμό
1214 3877 1250 3944 τά
1265 3881 1338 3946 δέκα
1351 3885 1491 3962 σκῆπτρα

329 3977 500 4063 λαμβάνων,
524 3984 598 4046 οκαί
614 3989 667 4065 τῆς
682 3990 792 4064 σκηνῆς
808 3986 841 4046 αἱ
853 3983 925 4048 δέκα
942 3979 1064 4060 7αύλαλ,
1086 3984 1136 4047 καὶ
1153 3985 1185 4047 οἱ
1198 3981 1299 4047 στῦλοι
1313 3983 1345 4046 οί
1358 3981 1489 4063 δεκαπή-

332 4109 405 4167 χεις,
434 4084 485 4146 κοιλ
502 4086 532 4148 οἱ
548 4086 619 4149 δέκα
636 4088 698 4152 υἱοὶ
711 4083 832 4166 Ἰακώβ,
865 4087 913 4150 ἐπὶ
928 4084 981 4167 τήν
998 4083 1079 4167 ον’νήν
1094 4092 1148 4149 τοῦ
1162 4088 1244 4150 σίτου
1260 4082 1293 4150 τό
1313 4091 1433 4168 πρῶτον
1450 4087 1492 4160 είς

365 4240 404 4292 15.
422 4243 459 4292 ίίο
475 4245 525 4292 erat
540 4243 703 4304 corrigendum
715 4257 744 4292 ετ
760 4245 806 4293 Vel.
819 4245 891 4294 ίοίετ-
924 4244 1493 4305 καίτοικακπσίολσοιτιοίμενιαοκτιιτιαιιινι,

327 4315 398 4374 μνεία.
432 4311 493 4360 Nam
509 4311 579 4372 νολμο
593 4314 656 4358 κενοί
671 4301 757 4370 αότοῖς
771 4315 823 4372 τοῖς
840 4307 891 4364 σά·
924 4325 977 4361 ενοι
992 4325 1070 4360 omnes
1083 4312 1226 4372 Ερίρλοοά,
1242 4315 1264 4358 ιε
1280 4311 1401 4372 metium,
1418 4313 1493 4360 λὶλιινι

331 4393 414 4442 μασιν.
924 4393 973 4430 οπο
988 4394 1040 4430 ενοι
1056 4382 1103 4430 Vct.
1117 4381 1239 4440 ίιιίιιηενλε
1251 4379 1492 4444 valvulam-im·

367 4443 424 4494 Cn.
441 4445 509 4494 XVI.
528 4473 560 4483 -
585 4443 606 4494 1.
625 4447 772 4508 scripturam
790 4443 892 4500 αύλαῖαι
923 4462 977 4497 rum
994 4441 1070 4499 αῦλαλ
1085 4447 1189 4497 σλσιτειιι
1205 4447 1273 4495 σοιτί.
1310 4445 1347 4507 cs.
1362 4447 1442 4508 ι’κίνα.

329 4515 355 4560 ιιι
371 4513 456 4560 Senam
470 4515 575 4574 exemplo
588 4527 617 4562 τε
634 4515 684 4564 cod.
696 4529 739 4564 τοι.
752 4517 840 4578 aliquo,
857 4519 892 4566 αλλ
