3110 4984
273 283 333 348 160
690 289 811 344 snum
827 287 998 344 mum!

271 409 370 493 νύτητι
385 407 418 474 δέ
431 409 607 494 φερομένην,
623 404 817 491 ίίηλοτύπησε
829 404 949 490 ταύτην,
963 409 1017 472 καί
1027 406 1103 474 κατά
1116 405 1171 492 την
1185 409 1264 474 ἰδίαν
1274 405 1427 494 άσίλγειαν

161 540 212 586 με.
224 527 258 572 ²¹·
271 511 341 589 τούς
356 509 462 588 ἄλλους
477 507 554 576 εἰναι
568 515 694 593 νομίσας
707 507 745 576 τά
761 517 866 595 πρᾶτα
881 510 934 592 μέν
948 513 1137 594 ἐμπαροινῶν
1151 513 1194 588 εἰς
1208 509 1263 595 τὴν
1281 513 1360 576 ἰδίαν
1374 537 1426 597 γα-

270 612 360 702 μετύγν
374 614 502 693 διετέλει,
528 613 602 677 ’καί
618 610 759 694 διαβολάς
771 609 946 702 τινας-αύτῇ
960 613 1111 696 ἐπιφέρων
1122 612 1173 679 διά
1184 612 1289 700 λόγων.
1337 613 1377 680 st*
1391 615 1427 680 δέ

270 718 362 802 κέρας
377 714 484 780 έαυτύν
499 715 680 780 κατέσπασεν
696 711 734 780 ού
747 712 841 797 μόνον
855 715 897 790 εἰς
911 712 964 798 τὴν
976 721 1079 799 χρῆσιν
1093 723 1147 798 τῆς
1159 713 1271 796 σαρκύς
1282 712 1338 798 την
1349 713 1427 781 κατά

270 817 363 901 φύσιν
384 825 444 883 τοῖν
460 813 652 902 άνθρυίπων,
683 813 754 880 άλλά
769 817 819 881 καί
838 818 881 892 εἰς
895 815 1071 900 βλάσφημον
1083 814 1229 884 ύπύνοιαν
1243 820 1296 883 καί
1311 816 1427 901 βλάβην

270 923 471 1005 κακοτροπίας
490 922 542 986 καλ
564 916 704 1000 4πλάνην
724 915 942 1003 παρειςδύσεως
964 925 1131 1005 θπονηράς.

138 1125 206 1194 ἢν·
222 1123 253 1196 β’·
357 1127 418 1190 Καί
441 1125 578 1190 ἐντεῦθεν
599 1120 739 1206 ἄρχονται
759 1125 792 1187 οί
809 1129 863 1205 νῆς
883 1123 1085 1207 ψευδωνύμου
1106 1124 1243 1211 γνοίσεως
1261 1131 1363 1201 κακούς
1382 1129 1426 1214 τῷ

270 1225 373 1317 κύσμρι
391 1225 583 1306 ἰπιφύεσδαι.
626 1225 704 1306 φημί
721 1224 754 1288 δέ
771 1226 950 1304 Γνωστικολ,
977 1228 1028 1291 καί
1050 1229 1241 1309 Φιβτωνῖτατ,
1260 1228 1313 1292 καί
1328 1230 1361 1292 οἰ
1371 1225 1427 1292 τοῦ

270 1328 456 1412 Ἐπιφανοῦς
478 1325 671 1409 καλούμενοι,
702 1331 916 1410 Στρατιωτικοί
941 1351 973 1392 τε
999 1330 1051 1393 καί
1074 1330 1243 1408 Αευιτικοί,
1272 1332 1323 1395 καί
1345 1327 1426 1394 άλλοι

273 1437 401 1506 πλείους.
435 1428 583 1504 Ἕκαστος
597 1426 653 1515 γάρ
669 1426 783 1494 τούτων
796 1426 849 1512 τήν
864 1429 971 1494 ἑαυτοῦ
986 1431 1097 1516 αἰρεσιν
1112 1439 1175 1507 τοῖς
1186 1428 1316 1497 πάθεσιν
1330 1429 1426 1496 αύτού

273 1532 478 1615 ἐπισπώμενος
499 1535 607 1617 μυρίας
633 1527 726 1607 ύδούς
748 1529 887 1613 ίπενύησε
909 1535 1024 1607 κακίας.
1071 1533 1156 1609 Τινὲς
1174 1533 1228 1616 μέν
1250 1532 1305 1619 γάρ
1326 1530 1426 1598 κύτνδν

273 1631 419 1719 Βαρβηλοί
433 1661 498 1700 τινα
513 1637 702 1712 δοξάζουσιν,
723 1630 762 1714 ἣν
778 1631 840 1698 άνω
856 1631 1027 1712 φάσκουσιν
1042 1629 1117 1698 εἰναι
1132 1636 1165 1700 ἐκ
1178 1632 1277 1724 δγδύμ
1293 1633 1425 1724 ούρανρῑ·

275 1736 407 1818 ι’ταύτην
424 1736 457 1802 δέ
473 1733 533 1801 άπδ
551 1742 606 1801 τοῦ
621 1732 734 1819 κατρδς
750 1737 973 1820 προβεβλῆσθαί
990 1741 1096 1817 ’φασι
1139 1738 1269 1822 Μητέρα
1286 1737 1320 1803 δέ
1333 1735 1428 1820 ούτὴν

273 1836 349 1906 εἰναι
363 1842 395 1904 οί
407 1838 460 1922 μίν
474 1845 528 1904 τοῦ
543 1834 730 1920 Ἰαλδαβαοίθ
740 1838 886 1922 λέγουσιν,
906 1840 939 1903 οί
951 1837 984 1903 δέ
999 1845 1053 1903 τοῦ
1069 1836 1220 1920 Σαβανύθ·
1241 1835 1299 1904 τάν.
1311 1839 1344 1905 δέ
1358 1837 1428 1904 νίάν

273 1940 381 2024 ταύτης
392 1940 601 2026 κεκρατηκέναι
616 1945 671 2004 τοῦ
682 1938 815 2022 ἐβδύμον
829 1936 960 2022 ούρανοῦ
975 1941 1007 2005 ἐν
1021 1937 1130 2025 δράσει
1142 1941 1200 2006 τινί
1212 1942 1264 2006 καί
1277 1942 1310 2006 ἐν
1322 1966 1427 2026 τνραν-

273 2047 342 2109 υίδι.
385 2045 475 2129 Λέγει
489 2043 523 2108 δέ
538 2049 601 2118 τοῖς
614 2037 757 2106 ύκοκάτω
771 2039 832 2118 δτι,
859 2037 935 2127 Ἐγοί
951 2044 1025 2124 εἰμι,
1047 2043 1156 2124 φησίν,
1178 2039 1197 2108 ά
1213 2049 1344 2127 πρῶτος,
1373 2043 1428 2107 καλ

274 2143 292 2213 ά
310 2145 382 2229 μετά
397 2153 506 2225 ταῦτα,
527 2145 579 2210 καί
595 2141 672 2226 πλὴν
687 2142 761 2225 ἐμοῦ
779 2140 836 2208 ούκ
849 2145 927 2209 ἐστιν
942 2145 1039 2230 έτερος
1052 2142 1135 2220 θεός.
1182 2140 1292 2226 Τηνδί
1308 2148 1426 2230 Βαρβη-

272 2244 313 2313 λεδ
331 2244 492 2330 άκηκοέναι
507 2243 559 2312 τάν
571 2245 660 2332 λύγον
674 2251 797 2324 τοῦτον,
827 2247 877 2310 καλ
890 2252 1022 2311 κλαῦσαι.
1071 2244 1187 2328 Ταύτην
1206 2245 1239 2312 δέ
1259 2243 1306 2312 άεί
1324 2251 1426 2329 φαίνε-

274 2358 347 2416 σθαι
361 2357 425 2426 τοῖς
441 2347 581 2433 άρχουσιν
597 2349 629 2414 ίν
644 2345 792 2435 εύμορφίρ
806 2347 874 2425 τινί,
896 2349 946 2412 καί
962 2343 1115 2414 άτιοσυλᾶν
1129 2344 1163 2413 τά
1180 2350 1211 2425 ἐξ
1223 2344 1323 2414 αύτεῑν
1335 2350 1427 2434 σπέρ-

274 2479 316 2535 μα
329 2449 367 2517 δι’
379 2449 491 2535 ἡδονῆς
504 2452 556 2515 καί
569 2448 722 2533 διαχύσεως,
737 2451 788 2514 ἰ’να
800 2452 895 2532 δῆθεν
909 2449 964 2533 την
982 2446 1093 2532 ἀύτῆς
1106 2447 1232 2532 δύναμιν
1243 2447 1297 2534 τὴν
1307 2451 1351 2527 εἰς
1362 2454 1428 2516 δια·

274 2552 391 2640 φόρους
401 2561 562 2638 σπαρεῖσαν
573 2544 666 2628 αὖθις
677 2551 764 2617 πάλιν
777 2549 948 2644 άνακομίζη.
977 2554 1036 2617 Καί
1050 2551 1145 2628 ούτως
1158 2553 1192 2616 ίκ
1203 2550 1342 2634 τοιαύτης
1352 2547 1428 2618 ύινο-

273 2657 388 2731 δέσεως
407 2652 440 2720 τύ
461 2662 515 2737 τῆς
531 2651 624 2720 αύτοῦ
638 2656 840 2740 αἰσχρολογίας
856 2651 1042 2740 4μυστήριον
1055 2659 1097 2741 τῷ
1113 2649 1214 2743 κύσμρι
1229 2651 1427 2740 ύπειςὴνεγκε.

276 2761 337 2822 Καί
353 2779 445 2836 τινες,
473 2753 515 2832 ύς
530 2758 621 2839 ἐφην,
648 2762 709 2821 τῶν
720 2757 942 2842 προειρημένων
956 2754 1006 2821 διά
1020 2762 1129 2838 πολλῆς
1143 2759 1377 2838 κακομηχανίας,
1407 2755 1429 2820 ὃ

275 2857 316 2942 μὴ
333 2859 423 2941 θέμις
446 2859 561 2942 ῡλίγειν
579 2864 659 2935 πῶς,
691 2858 724 2923 ίν
743 2861 901 2946 πολυμιξίρι
921 2865 1070 2944 γυναικῶν
1088 2859 1140 2923 καί
1159 2859 1192 2923 ἐν
1212 2859 1428 2941 αἰοηροποιίαις

274 2958 445 3043 άνηκέοτοις
459 2957 696 3044 άναστρέφεσθαι
709 2962 858 3037 ἐδίδαξαν·
888 2957 930 3036 ύς
944 2963 996 3026 καί
1011 2984 1072 3026 που
1089 2956 1108 3025 ύ
1124 2957 1285 3045 ύγιάτατος
1300 2957 1427 3026 άπύστο·

274 3061 325 3138 ίύς
341 3083 432 3144 φησι,
465 3059 508 3126 Τά
523 3059 580 3147 γάρ
599 3068 701 3151 κρυφῇ
716 3061 854 3148 γινόμενα
871 3058 921 3127 ύπ’
935 3059 1035 3128 αύτῶν
1049 3061 1170 3146 αἰσχρόν
1186 3063 1246 3128 ἐστι
1261 3063 1312 3127 καί
1323 3063 1427 3147 λέγειν.
1505 3123 1506 3126 ,

279 3171 328 3252 Τῷ
343 3164 375 3229 δὲ
388 3163 558 3252 βουλομένῳ
570 3161 623 3245 την
636 3161 790 3230 άντίθετου
803 3166 876 3230 ἰδεῖν
890 3166 923 3230 ἐκ
935 3161 1102 3246 πνεύματος
1114 3161 1201 3249 άγίου
1214 3165 1281 3247 περί
1294 3170 1346 3246 τῆς
1357 3161 1429 3229 τοτ’-

274 3291 328 3332 του
343 3268 481 3352 αίρέοεως
494 3262 664 3349 ύνατροπην
677 3267 773 3332 ἰστέον
786 3267 864 3332 ἐστίν
878 3263 938 3332 άπδ
952 3273 1007 3349 τῆς
1019 3273 1075 3332 τοῦ
1089 3262 1177 3351 άγίου
1188 3262 1328 3332 Ἰωάννου
1341 3262 1431 3332 Ἀπο-

274 3367 448 3451 καλύψεως,
470 3367 505 3444 δς
522 3365 646 3454 γράφων
662 3375 715 3455 μιᾷ
729 3373 789 3434 τῶν
805 3370 965 3451 ἐκκλησιῶν
982 3369 1015 3434 ἐκ
1032 3366 1194 3451 προςάπου
1213 3371 1340 3453 κυρίου,
1358 3391 1431 3434 τοο-

274 3471 351 3535 τέστι
366 3477 408 3560 τῷ
424 3469 578 3558 ἐπισκύπφ
594 3476 636 3558 τῷ
651 3471 744 3536 ἐκεῖσε
757 3471 985 3550 κατασταθέντι,
1007 3467 1062 3536 σύν
1075 3477 1113 3559 τῇ
1129 3467 1253 3551 δυνάμει
1268 3477 1323 3535 τοῦ
1339 3466 1430 3556 άγίοα

276 3574 397 3654 νγγέλου
411 3578 465 3638 τοῦ
478 3573 528 3638 ἐπί
543 3577 597 3636 τοῦ
614 3575 845 3657 θυσιαστηρίου,
867 3573 977 3654 φησίν,
989 3569 1088 3655 Ἔχεις
1100 3573 1135 3636 δέ
1147 3597 1175 3636 τι
1190 3569 1295 3652 καλδν,
1317 3570 1364 3637 δἐι
1381 3597 1431 3656 μι-

275 3679 335 3746 σεῖς
354 3671 391 3737 τά
412 3677 483 3759 ίργα
503 3680 564 3740 τάν
586 3680 787 3753 Νικολαϊτῶν,
809 3673 829 3738 ἃ
851 3675 901 3738 καί
924 3672 982 3760 ἐγοί
1003 3679 1088 3756 μισοῖ.

139 3783 206 3852 Κεφ.
221 3777 254 3850 γ’.
361 3773 552 3859 1Προύνικύν
565 3800 597 3841 τε
612 3774 715 3841 ’ἄλλοι
727 3781 867 3857 τιμῶντες
878 3773 944 3841 τινά
958 3773 1000 3852 ύς
1013 3777 1064 3841 καί
1078 3765 1162 3842 ούτοι
1176 3777 1327 3858 μυθωδῶς
1338 3773 1429 3840 πάλιν

166 3864 260 3922 ’⁸³³⁸'
274 3876 317 3952 τίς
333 3869 443 3957 ταύτην
459 3876 513 3958 την
529 3875 675 3944 ύκύνοιαν
690 3885 745 3961 τῆς
759 3879 965 3964 αἰσχρουργίας
980 3875 1018 3942 τά
1034 3879 1148 3943 ἐαυτοδν
1162 3876 1249 3958 πάδη
1266 3877 1430 3942 ἐπιτελοῦν·

273 3979 322 4052 τίς
342 3996 416 4058 φασι
437 3983 490 4059 τῆς
508 3983 682 4062 Προυνίκον
702 3977 757 4062 την
778 3978 905 4062 δύναμιν
925 3981 1096 4066 συλλέγομεν
1114 3977 1175 4045 άκδ
1193 3986 1255 4046 τῶν
1271 3978 1427 4061 σωμάτων,

274 4076 325 4145 διά
345 4103 377 4144 τε
396 4084 457 4144 τάν
473 4080 618 4162 δευστοῑν,
648 4084 726 4165 φημί
742 4081 774 4146 δέ
790 4089 882 4168 γονης
897 4084 946 4148 καί
961 4086 1165 4165 καταμηνίων,
1196 4083 1264 4169 πιρλ
1280 4073 1323 4148 δν
1337 4075 1428 4169 ύλίγηο

308 4233 332 4288 δ.
350 4233 410 4302 καί,
431 4235 494 4298 ηυοδ
509 4235 656 4287 auderetur
672 4240 697 4288 αι
711 4239 747 4288 εδ.
757 4240 834 4302 prino.
902 4239 926 4290 5.
939 4237 1050 4304 πονηρᾶς
1062 4241 1113 4289 οοσ.
1124 4241 1358 4290 7οδατίεδ.Ρείαο.
1381 4253 1428 4290 τω-

274 4303 361 4353 ιίτοδ.
378 4305 491 4366 κλειδία,
508 4317 524 4352 α
539 4304 636 4353 Ρελαυίο
650 4318 679 4354 εκ
694 4307 745 4356 οοτλ
761 4308 835 4358 δασέα.
867 4305 955 4372 νηρίας
970 4309 1024 4357 ωδ.
1039 4307 1136 4370 Ma.
1152 4311 1173 4356 τί
1189 4307 1243 4357 εδδ.
1256 4309 1332 4369 princ.

273 4376 306 4422 καί
321 4375 459 4421 restitutum.
904 4373 963 4423 cn.
980 4375 1012 4424 Π.
1034 4403 1068 4413 -
1094 4376 1116 4425 1.
1134 4372 1179 4428 καί
1194 4371 1288 4440 ταύτην
1305 4369 1355 4427 άπδ
1373 4375 1427 4424 ωδ.

308 4439 332 4489 ί.
345 4435 440 4504 πλάνην
453 4441 505 4490 ωδ.
515 4440 751 4492 Vatia-mmmm
771 4440 835 4496 πλά-
870 4444 942 4494 Vasta.

273 4521 319 4572 νην
335 4508 386 4558 ωδ.
400 4509 497 4572 My.
513 4508 603 4560 τίιδίλ
614 4511 690 4572 mm
900 4509 925 4564 2.
941 4507 1007 4579 φασί
1024 4511 1075 4562 οοδ.
1088 4511 1329 4562 mmmm.
1358 4506 1431 4576 ρηολ
