3078 5012
289 272 350 336 ολδ
710 229 1017 332 mmmm

290 403 393 483 τρίων,
416 395 487 464 άλλά
502 395 556 479 τήν
569 392 717 462 άπόθισιν
733 393 808 481 άπέρ
822 393 908 480 ήμοῖν
923 403 976 462 τοῦ
990 403 1120 482 σταυροῦ
1135 395 1350 480 άυαδεξάμενος
1364 424 1446 485 πριι-

291 504 413 587 αιρέσει,
435 502 485 566 καί
498 496 535 565 οά
550 496 608 582 μετ’
621 497 760 584 άνάγκης.
794 497 892 565 Ὅθεν
907 498 1069 585 έλήλεγιιται
1083 498 1159 565 κατά
1170 499 1267 566 πάντα
1280 507 1335 566 τοῦ
1348 509 1446 586 Μαρ-

290 609 399 680 κίωνος
414 601 433 670 ό
446 602 546 688 λόγος·
577 603 629 666 καί
644 599 736 666 πολλά
754 603 814 667 έστι
829 601 865 666 τά
879 601 956 688 πρός
972 600 1141 688 άνατροπήν
1156 610 1210 686 τῆς
1223 603 1332 669 τούτου
1348 631 1447 688 mu-

290 716 343 791 γῆς
364 708 412 772 καί
428 707 592 794 τραγῳδίας
611 705 642 781 ἐξ
661 701 801 785 εὐσεβοῦς
813 712 955 789 λογισμοῦ
969 707 1021 771 καί
1036 703 1158 790 εὐλόγου
1174 703 1329 790 όρμοόμενα
1344 706 1445 789 ίμφά-

290 831 363 886 σεως
384 811 417 874 έν
437 813 473 898 τῆ
495 805 571 892 πρός
592 803 875 907 αὐτόνιάντιρρήσιι.

156 1029 221 1096 Κεφ.
239 1020 273 1080 θ’.
372 1011 544 1095 Ἐλεύσομαι
558 1011 590 1076 δέ
604 1014 646 1088 είς
657 1008 694 1076 τά
708 1008 759 1076 ὑπ’
775 1009 867 1078 αάτοῦ
881 1013 1075 1097 γεγραμμένα,
1098 1019 1206 1094 μᾶλλον
1218 1013 1253 1077 δέ
1267 1015 1445 1100 έρρμδιοορ-

289 1119 409 1206 γημένα.
456 1107 552 1190 Οὗτος
566 1113 621 1200 γάρ
644 1115 701 1196 ἔχει
718 1111 884 1200 εάαγγέλιον
901 1118 993 1198 μόνον
1013 1113 1046 1182 τό
1068 1113 1142 1180 κατά
1156 1123 1294 1194 Λουκάν,
1326 1141 1443 1200 περικε-

289 1223 436 1304 κομμένον
452 1215 509 1282 άπό
524 1223 579 1299 τῆς
596 1214 690 1302 άργῆς
703 1215 753 1282 διά
767 1214 820 1298 τήν
834 1223 887 1283 τοῦ
902 1225 1034 1300 σωτῆρος
1047 1216 1192 1301 σύλληψιν
1207 1219 1256 1283 καί
1271 1216 1326 1300 τήν
1340 1221 1443 1302 ἔνσαρ·

290 1350 345 1390 κον
361 1320 453 1388 αὐτοῦ
468 1323 641 1406 παρουσίαν.
688 1315 734 1382 Οά
751 1318 844 1402 μόνον
860 1319 892 1385 δέ
910 1318 964 1403 τήν
981 1317 1072 1406 άρχῆν
1087 1317 1228 1403 άπέτεμεν
1243 1316 1261 1385 ό
1276 1319 1443 1404 λυμηνάμε·

289 1451 340 1502 νος
361 1421 467 1491 έαυτόν
487 1421 562 1508 ἥπερ
584 1418 616 1486 τό
640 1419 817 1507 εὐαγγέλιον,
848 1419 919 1486 άλλά
938 1424 991 1488 καὶ
1010 1429 1064 1488 τοῦ
1083 1424 1184 1499 τέλους
1198 1423 1251 1488 καί
1266 1423 1332 1487 τοῖν
1345 1424 1445 1505 μέσον

289 1525 382 1594 πολλά
402 1527 563 1610 περιέκοψε
584 1531 642 1590 τῶν
663 1531 717 1606 τῆς
738 1522 877 1606 άληθείος
891 1523 997 1610 λόγων·
1029 1523 1101 1590 άλλα
1118 1526 1150 1590 δέ
1167 1523 1249 1610 παρά
1264 1523 1303 1590 τά
1318 1551 1444 1612 γεγραμ-

291 1632 364 1714 μένα
380 1629 576 1714 προςτέθεικε.
621 1625 719 1715 Μόνρο
737 1627 768 1692 δέ
784 1628 919 1712 κέχρηται
934 1625 1028 1717 τοάτρι
1044 1636 1085 1717 τῷ
1103 1633 1280 1714 χαρακτῆρι,
1310 1635 1353 1716 τῷ
1369 1626 1445 1694 κατά

290 1739 417 1798 Λουκᾶν
436 1727 598 1819 εάαγγελίρι.
632 1727 714 1812 Ἔχει
729 1730 761 1794 δέ
778 1732 830 1794 καί
846 1729 999 1806 ἐπιστολάς
1015 1727 1083 1814 παρ’
1099 1728 1179 1819 αάτῷ
1196 1737 1251 1795 τοῦ
1265 1727 1355 1815 άγίου
1371 1728 1445 1796 άπα-

291 1833 397 1902 στόλου
414 1834 501 1913 δέκα,
530 1827 578 1908 οίς
594 1830 699 1915 μόναις
712 1833 863 1917 κέχρηται,
891 1829 928 1898 οά
942 1839 1015 1898 πάσι
1032 1832 1064 1897 δέ
1076 1841 1138 1910 τοῖς
1154 1835 1187 1899 έν
1201 1831 1307 1909 ου’ταῖς
1317 1858 1444 1919 γεγραμ-

290 1939 403 2022 μένοις,
435 1933 506 2000 άλλά
526 1961 591 2000 τινα
613 1931 712 1999 αάτοῖν
733 1935 927 2018 περιτέμνων,
958 1933 1025 2001 τινά
1051 1936 1083 2002 δὲ
1106 1933 1267 2010 άλλοιοόσας
1288 1937 1445 2017 κεφάλαια.

296 2038 423 2116 nime
450 2039 483 2104 δέ
511 2047 575 2113 ταῖς
603 2037 672 2102 δυσί
692 2040 806 2120 βίβλοις
827 2038 972 2123 κέχρηται.
1014 2035 1104 2102 ”aaa
1126 2039 1161 2104 δέ
1182 2035 1372 2124 συντάγματα
1393 2035 1446 2117 ἄρ’

169 2184 220 2231 ρος.
233 2170 279 2215 ιιι.
292 2146 399 2210 ἑαυτοῦ
414 2142 551 2218 συνέταξε
564 2147 626 2215 τοῖς
640 2136 690 2204 εἶπ’
708 2137 800 2204 αὐτοῦ
814 2141 1020 2223 πλανωμένοις.
1062 2141 1150 2205 Au}
1166 2142 1313 2206 ἐπιστολαί
1328 2138 1446 2224 «ind
1533 2161 1534 2164 ’

290 2243 370 2334 αιίτρι
384 2242 536 2330 λεγόμεναί
551 2245 622 2320 τίσι,
651 2240 753 2328 πρότη
768 2243 821 2325 μέν
834 2239 911 2327 πρός
926 2241 1072 2322 Γαλάτας,
1104 2244 1227 2327 δευτέρα
1240 2243 1274 2308 δέ
1289 2241 1369 2328 πρός
1386 2250 1446 2309 Κο-

290 2352 441 2434 ρινθίους,
469 2350 551 2431 τρίτη
572 2342 649 2429 πρός
668 2349 852 2429 Κορινθίους
873 2347 1009 2430 δευτέρα,
1037 2343 1159 2430 τετάρτη
1180 2343 1256 2430 πρός
1269 2342 1446 2428 Ῥωμαίους,
1533 2361 1534 2364 ’

291 2453 410 2534 πέμπτη
428 2446 504 2532 πρός
521 2439 754 2526 Θεσσαλονικεῖς,
782 2449 851 2530 ἕκτη
866 2446 942 2532 πρός
959 2451 1179 2523 Θεοσαλονιιιεῖς
1193 2449 1330 2533 δευτέρα,
1360 2447 1445 2532 ἕβδό-

293 2580 333 2637 μη
355 2549 430 2636 πρός
449 2550 602 2630 Ἐφεσίους
608 2599 616 2628 ,
647 2547 739 2640 όγδόη
761 2546 838 2632 πρός
853 2555 1035 2628 Κολοσσαῖς,
1063 2547 1166 2632 έννάτη
1184 2549 1261 2634 πρός
1277 2549 1447 2633 Φιλήμονα,

292 2655 398 2736 δεκάτη
420 2651 497 2737 πρός
517 2656 742 2735 Φιλιππησίους.
776 2650 856 2735 Ἔηει
875 2652 908 2717 δέ
925 2654 977 2718 καί
994 2658 1047 2733 τῆς
1063 2650 1139 2738 πρός
1162 2654 1349 2729 1Λαοδιιιέσς
1366 2662 1447 2738 λεγο·

293 2758 382 2840 μένης
399 2755 482 2839 μέρη.
525 2752 573 2830 Ἐξ
588 2747 682 2840 οὗπερ
701 2761 885 2840 χαρακτῆρος
901 2761 956 2818 τοῦ
969 2752 1037 2838 παρ’
1053 2753 1145 2820 αότοῦ
1161 2757 1328 2838 σωζομένου
1345 2762 1400 2821 τοῦ
1416 2781 1449 2820 τε

293 2855 459 2945 εὐαγγελίου
476 2858 527 2922 καί
542 2864 600 2921 τῶν
613 2858 773 2922 ἐπιστολῶν
790 2863 843 2922 τοῦ
861 2853 1027 2923 άποστόλου
1044 2861 1136 2934 δεῖξαι
1151 2854 1243 2922 αότόν
1259 2859 1290 2922 έν
1304 2865 1372 2945 θεᾷ
1386 2860 1447 2939 ἔρο-

293 2986 345 3045 μεν
362 2958 517 3026 άπατεοῑνα
532 2961 583 3024 καί
598 2961 833 3042 πεπλανημένον,
862 2960 913 3023 καί
930 2955 1077 3044 άιιρότοτα
1093 2962 1243 3046 διελέγξαι.
1283 2957 1333 3036 Ἐξ
1348 2955 1449 3024 αάτεῖν

292 3063 349 3151 γάρ
364 3059 575 3145 ἀναμφιβόλως
588 3059 732 3156 εοῖνπαβ
745 3058 837 3127 αὐτοῦ
852 3058 1094 3147 ὁμολογουμένων
1108 3057 1353 3145 άνιιτραιτήσεταο
1394 3059 1448 3125 Ἐκ
1533 3075 1534 3088 ³

294 3165 350 3254 γάρ
365 3172 425 3230 τοῑν
440 3161 537 3230 αὐτοῖν
550 3165 592 3228 έτι
607 3160 676 3249 παρ’
689 3161 783 3230 αὐτοῦ
795 3161 946 3244 λειψάνων
957 3170 1010 3229 τοῦ
1023 3188 1053 3228 τε
1068 3160 1236 3250 εόοιγγελίου
1248 3166 1371 3229 καὶτῶν
1383 3167 1446 3229 έπε-

295 3275 407 3335 στολοῑν
423 3264 638 3350 εὑρισκομένων
652 3264 836 3349 δειχθήσεται
849 3263 866 3330 ό
883 3261 1011 3351 Χριστός
1024 3274 1085 3342 τοῖς
1098 3275 1230 3342 συνετοῖς
1243 3263 1286 3350 μή
1297 3263 1448 3349 ιίλλότριος
1533 3299 1534 3344 3

294 3367 370 3437 εἶναι
384 3375 509 3444 παλαιάς
527 3365 691 3450 διαθήκης,
713 3369 763 3434 καλ
781 3370 812 3434 οἱ
825 3375 977 3452 προφῆται
991 3360 1047 3434 οὖν
1063 3366 1119 3434 οόκ
1135 3365 1281 3453 άλλότριοι
1296 3366 1379 3445 ὄντες
1392 3375 1447 3450 τῆς
1533 3391 1534 3422 1

294 3481 347 3540 τοῦ
364 3477 469 3558 κυρίου
485 3474 641 3553 ένδημίας,
672 3471 723 3534 καί
738 3468 784 3536 ότι
801 3467 959 3536 άνάστασιν
975 3467 1084 3556 σαρκός
1099 3468 1117 3536 ό
1131 3468 1295 3547 άπόστολος
1310 3469 1449 3554 ιιηράττει

295 3578 345 3642 καί
361 3578 494 3650 δικαίους
511 3572 581 3648 τοάς
598 3570 756 3658 προφήτας
772 3570 922 3655 ὀνομάζει,
953 3575 1003 3639 καί
1024 3575 1056 3640 έν
1070 3575 1245 3656 σωζομένοις
1259 3569 1451 3658 όπόρηοντιτς

295 3674 365 3754 τοάς
380 3678 446 3762 περί
459 3674 592 3761 Ἀβραάμ
607 3677 657 3742 καί
668 3672 767 3740 Ἰσαάκ
779 3677 830 3742 καί
843 3673 956 3758 Ἰαιιοίβ,
975 3678 1026 3741 καί
1039 3675 1136 3742 πάντα
1150 3675 1206 3742 ὅσοι
1219 3678 1280 3742 έστλ
1293 3683 1348 3758 τῆς
1361 3673 1451 3761 άγίιτς

295 3787 349 3846 τοῦ
368 3785 444 3844 θεοῦ
466 3781 618 3860 ἐκκλησίας
643 3777 797 3863 άσωτήριά
815 3803 846 3844 τε
864 3781 915 3844 καὶ
934 3777 1004 3863 άγια
1025 3781 1076 3844 καί
1095 3781 1128 3846 έκ
1145 3785 1223 3844 θεοῦ
1242 3779 1449 3864 έστηριγμάτα,

296 3886 328 3952 έν
346 3906 378 3948 τε
397 3887 434 3972 τῆ
456 3884 550 3946 πίστει
569 3882 621 3946 καί
642 3883 674 3947 έν
694 3887 731 3970 τῆ
752 3878 857 3967 γνοίσει
877 3883 928 3947 καί
950 3883 981 3947 έν
1003 3883 1097 3948 έλιιίδι
1118 3883 1169 3948 καλ
1190 3883 1374 3968 διδασκαλίᾳ.
1533 3883 1534 3886 ’

179 4097 247 4166 Κεφ.
260 4095 284 4152 ι’.
385 4083 608 4172 Ποραθήσομαι
620 4086 652 4150 δέ
665 4087 715 4152 καὶ
729 4085 767 4168 ήν
781 4085 966 4170 ἐποιησάμην
979 4084 1041 4152 κατ’
1054 4085 1148 4154 αάτοῦ
1160 4090 1364 4172 πραγματείαν
1377 4089 1452 4172 ιερλν

297 4199 350 4258 τοῦ
367 4188 476 4273 ταύτην
492 4214 551 4271 μου
567 4185 622 4270 τήν
639 4187 774 4266 σύνταξιν
792 4191 1008 4289 έσπορδακέναι
1024 4187 1075 4255 διά
1090 4195 1144 4272 τῆς
1161 4186 1262 4272 ν’μόν,
1290 4195 1351 4255 τάν
1366 4187 1450 4255 άδελ-

298 4300 375 4374 φοῑν,
390 4297 560 4379 προτροπῆς
573 4289 764 4374 ποιήσασθαι.
801 4287 879 4358 ’Λπά
891 4295 963 4359 έτοῖν
981 4294 1115 4357 ιίιιανιιλν
1129 4288 1293 4377 άνερευνοῑν
1308 4289 1365 4376 τήν
1379 4291 1448 4358 τοά-

333 4449 390 4500 ΰιν.
403 4448 448 4500 tx.
464 4475 497 4488 -
520 4448 542 4499 1.
559 4449 631 4511 Vulgo
646 4447 805 4509 Λαοδικείας.

331 4515 356 4571 2.
373 4513 488 4584 οωτήριά
503 4532 532 4569 τε
548 4513 592 4569 καλ
608 4519 659 4567 cod.
676 4517 748 4568 λεία.
782 4533 811 4570 τε
828 4514 942 4585 σωτήρια
959 4515 1004 4570 καλ
1020 4519 1090 4581 νιιίρυ
1107 4521 1177 4570 mat.
