3080 5002
296 230 357 292 642
717 237 839 292 ειαστι
857 238 1028 292 Εειειιιαιι

296 361 403 441 μέθαι,
432 363 544 440 κῶμοι,
576 352 727 432 94καθῶς
742 357 793 420 καί
809 363 953 441 προεῖπον
975 353 1020 420 ὅτι
1037 356 1067 422 σί
1081 352 1116 420 τοί
1133 361 1254 419 τοιαῦτα
1269 352 1453 438 πράσσοντες

296 463 443 544 βασιλείαν
464 465 538 524 θεοῦ
561 455 598 524 ού
619 451 899 544 κληρονομήσουσιν.

371 561 489 648 Ἔλεγχ.
507 559 540 638 ς’.
566 553 606 626 Ὦ
623 565 801 644 θαυμασίων
822 563 1003 646 μυστηρίων,
1035 561 1086 626 καί
1104 556 1266 626 ἀντιθέτων
1283 566 1356 624 θεοῦ
1373 555 1449 624 ύπο·

294 665 464 751 ῦειγμύτων.
514 671 556 756 Τῇ
578 661 634 750 γαίρ
652 666 740 750 σαρκί
757 671 885 751 περιῆψε
906 662 941 729 τό
957 661 1053 728 πάντα
1070 660 1160 728 dumi.
1202 659 1322 746 Ἡσύρξ
1342 661 1376 725 δὲ
1392 659 1448 726 ούι

293 767 338 834 dci
352 761 401 852 ἦν,
424 764 482 833 ἄλλ’
497 769 528 832 ἐν
543 773 578 856 τῇ
592 769 661 856 ἕκτη
676 763 770 856 ήμέρμ
789 765 840 850 τής
854 770 1058 849 κοσμοποιῖας,
1080 772 1133 830 τοῦ
1146 763 1239 848 Ἀδοῖμ
1253 765 1449 838 κλασθέντος,

175 903 178 916 ·
291 869 312 954 ή
330 869 403 957 σόρξ
420 873 517 936 ἐκτοτε
535 872 597 952 ἐσχε
615 868 669 952 τήν
688 866 796 954 ἀρχήν,
826 871 905 952 φημί
921 876 973 952 τῆς
990 869 1136 944 πλύσεως·
1164 871 1215 934 ῖνα
1230 870 1407 954 ἐλεγχθῶσιν
1420 869 1451 932 οί

290 976 421 1060 λέγοντες
435 971 480 1038 del
496 975 546 1038 καί
560 975 589 1050 ἐξ
605 969 696 1058 ύρχῖγς
711 969 784 1036 εἶναι
798 971 830 1037 τό
849 971 952 1038 κακόν.
991 974 1052 1036 Καί
1065 970 1121 1057 γοίρ
1136 969 1203 1038 οὔτε
1216 970 1294 1049 ἐξότε
1309 967 1447 1050 ἐκλύσθη

291 1074 398 1162 ήσόρξ
414 1074 558 1161 ἥμαρτεν,
586 1077 636 1139 ἵνα
654 1071 696 1158 μή
711 1071 729 1140 ό
742 1073 870 1157 πλάστης
886 1078 980 1150 α’ίτιος
994 1082 1127 1164 κομισθῇ
1144 1069 1301 1162 ύμαρτίας,
1331 1071 1447 1147 πλάσας

291 1178 387 1262 σύρκα
406 1174 598 1264 όμαρταλήν,
628 1175 695 1243 ούτε
713 1185 883 1263 προϋπῆρχε
901 1184 955 1243 τοῦ
973 1176 1142 1260 κλύσματος
1158 1174 1190 1242 τό
1212 1175 1312 1242 κακόν.
1356 1173 1446 1240 Meu?

169 1315 219 1358 μσς,
233 1304 279 1350 εον.
292 1279 399 1368 χρόνον
416 1282 447 1346 δέ
463 1283 496 1348 ἐν
510 1286 649 1370 παρακοή
667 1276 789 1364 όἈδοίμ
803 1279 943 1366 γεγονῶς,
973 1283 1046 1364 έχων
1061 1278 1094 1346 τό
1111 1277 1312 1358 αύτεξούσιον,
1341 1303 1445 1364 κροαι·

290 1386 366 1470 ρέσει
382 1387 442 1473 ἐῦίμ
457 1380 509 1465 εἶφ’
525 1385 632 1448 ἐαυτοῦ
647 1380 699 1465 τήν
713 1379 856 1468 ύμαρτίαν
871 1387 913 1460 είς
925 1380 1030 1449 έαυτόν
1046 1384 1218 1464 διανοηθείς
1229 1385 1343 1468 ἔπραξε,
1364 1383 1445 1464 φημί

290 1489 321 1552 ῦὲ
342 1484 398 1570 τήν
416 1483 557 1570 ἆθέτησιυ
579 1494 633 1552 τοῦ
651 1482 743 1552 αύτοῦ
761 1484 905 1552 δεσπότου
927 1484 977 1552 ῦιοῖ
992 1492 1045 1569 τῆς
1061 1493 1218 1573 παρακοῆς
1233 1481 1443 1567 ποιησόμενος.

291 1595 361 1654 Ποῦ
375 1593 474 1654 τοίνυν
488 1583 527 1674 ἦν
544 1585 576 1656 τό
592 1587 696 1668 κακόν,
719 1587 809 1675 πριυή
826 1587 879 1672 τήν
894 1587 989 1675 σοίρκα
1005 1586 1094 1667 είναις
1131 1595 1204 1664 Πῶς
1220 1589 1253 1654 δὲ
1266 1583 1357 1662 εύθύς
1370 1595 1442 1652 πλα-

289 1700 396 1760 σθεῖσα
410 1689 447 1758 ού
464 1689 498 1757 τό
512 1689 605 1760 κακόν
621 1690 790 1780 εἰργάσατο,
813 1690 885 1757 ἄλλό
899 1691 995 1782 χρόνῳ
1011 1693 1177 1774 μετέπειτας
1191 1688 1269 1776 ’Ἆρα
1285 1696 1358 1776 γοῦν
1372 1687 1444 1779 α’νή-

289 1823 375 1881 ρηται
397 1792 414 1861 ό
437 1797 504 1880 περὶ
528 1802 580 1879 τῆς
602 1799 707 1871 κακίας
732 1792 823 1881 οίρχῆς
845 1793 939 1881 λόγος.
991 1792 1036 1860 Ού
1059 1793 1114 1881 γοίρ
1142 1792 1261 1860 δύναται
1287 1790 1375 1878 όρχαι
1391 1818 1443 1871 ειν,

289 1895 391 1980 ἐπειδὴ
413 1899 445 1963 έν
466 1905 501 1988 τή
519 1899 602 1983 σαρκί
623 1905 659 1987 τῇ
676 1898 899 1986 μεταγενεστέρρ
917 1895 949 1962 τό
968 1902 1102 1983 γίνεσθαι
1119 1899 1176 1982 ἔχει
1192 1893 1213 1980 ή
1228 1902 1333 1977 κακία,
1364 1895 1385 1980 ἢ
1402 1895 1443 1978 μή

288 2005 431 2086 γίνεσθαι.
466 2003 527 2066 Καὶ
543 1998 610 2068 ούτε
625 1997 645 2084 ή
659 1999 731 2086 σοῖρξ
745 1997 833 2066 πόλιν
847 1997 1086 2086 είκληρονόμητός
1098 2002 1158 2068 ἐστι
1173 2006 1233 2066 τῶν
1248 2001 1442 2086 ἐπουρανίων.

289 2105 349 2169 Καί
373 2101 414 2186 μή
437 2129 480 2179 τις
501 2101 626 2186 λόβηται
646 2110 700 2169 τοῦ
723 2100 809 2188 ύγίου
828 2101 995 2169 ἀποστόλου
1013 2100 1162 2183 εἰπόντος,
1193 2101 1275 2191 Σόρξ
1296 2103 1348 2170 καί
1369 2099 1442 2184 αἷμα

287 2210 436 2290 βασιλείαν
456 2213 533 2272 θεοῦ
556 2203 592 2272 ού
615 2204 897 2289 κληρονομήσουσιν·
928 2203 966 2272 ού
986 2204 1042 2291 γοίρ
1066 2213 1166 2272 πᾶσαν
1188 2205 1283 2292 σύριια
1305 2207 1440 2271 αίτιᾶται.

290 2315 363 2385 Πῶς
377 2305 433 2395 γύρ
453 2307 656 2391 αἰτιαθήσεται
671 2306 759 2394 σόρξ,
789 2306 864 2392 ήμή
881 2307 1015 2392 πράξασα
1032 2306 1068 2376 ταῖ
1085 2311 1297 2396 προειρημένας
1332 2310 1392 2372 Καί
1410 2309 1439 2384 ἐξ

286 2413 391 2497 ἑτέρων
417 2411 449 2477 δὲ
471 2408 650 2488 ἀποδείξεων
671 2409 849 2498 παραστήσω
873 2408 906 2476 τό
930 2409 1115 2494 ζητούμενον.
1164 2417 1214 2488 Τίς
1233 2407 1307 2496 γῶρ,
1339 2411 1439 2492 φησίν,

285 2516 432 2601 ἐγκαλέσει
449 2511 523 2579 κατό
540 2517 681 2579 ἐκλεκτῶν
699 2521 791 2592 θεούς
827 2519 898 2588 Πῶς
919 2511 956 2579 ού
976 2511 1190 2600 κληρονομήσει
1205 2517 1313 2598 Μαρία
1334 2510 1356 2596 ή
1373 2510 1439 2599 ύγία

285 2718 414 2806 γήσασα,
437 2717 478 2802 μή
494 2728 693 2802 μοιχευθεῖσα,
715 2720 807 2802 μηδέν
824 2747 851 2784 τι
866 2726 925 2784 τῶν
940 2716 1107 2802 ἀνηκέστων
1123 2717 1233 2804 σαρκός
1251 2721 1346 2804 ἔργων
1359 2719 1437 2804 ἐργα·

222 2901 223 2904 ,
284 2823 404 2906 σαμένη,
427 2819 497 2888 ἄλλό
512 2820 653 2909 όίχρσιντος
667 2825 805 2906 μείνασας
840 2819 904 2888 Ούκ
919 2820 978 2908 ίίρα
993 2825 1094 2888 τοίνυν
1108 2823 1175 2910 περὶ
1189 2819 1300 2908 σαρκός
1312 2823 1385 2908 λέγει
1398 2818 1437 2904 μή

284 2933 477 3012 κληρονομεῖν
498 2928 647 3007 βασιλείαν
666 2923 817 3012 ούρανῶν,
848 2921 917 2990 όλλοί
939 2925 1006 3010 περί
1024 2930 1173 3011 σαρκικῶν
1190 2922 1366 3011 α’νθρόπων
1381 2932 1436 2990 τῶν

283 3027 320 3092 ταί
339 3035 438 3110 φαῦλα
454 3025 503 3092 ὁιό
519 3035 572 3111 τῆς
590 3025 699 3113 σαρκός
715 3024 918 3114 πραττόντων,
938 3025 1023 3093 aava}
1041 3031 1100 3094 ἐστι
1119 3031 1255 3114 πορνεία,
1288 3031 1434 3096 εἰδωλολα-

283 3134 364 3216 τρία,
393 3132 443 3196 καλ
462 3128 498 3195 τό
514 3128 630 3208 τούτοις
645 3129 742 3214 ὅμοια.
788 3131 848 3196 Καὶ
863 3128 1027 3208 ἐξόπαντος
1042 3129 1206 3218 ἐλήλεγκταί
1221 3151 1277 3196 σου
1293 3128 1316 3214 ἦ
1331 3153 1433 3198 σκευω·

284 3237 348 3317 ρία,
371 3225 561 3319 ῶΜαρκίων
574 3235 788 3318 πεπλανημένα,
810 3240 862 3316 τῆς
878 3228 1018 3316 ύληθείας
1033 3232 1129 3317 πόντη
1147 3231 1366 3320 προλαβούσης,
1387 3233 1434 3298 καί

283 3334 316 3400 τό
339 3335 457 3424 στερεόν
477 3344 532 3403 τοῦ
553 3335 740 3424 κηρύγματος
760 3343 812 3420 τῆς
833 3343 909 3420 ζωῆς
930 3334 1169 3420 οίσφαλιζομίνης.

367 3745 454 3830 Σχόλ.
472 3745 501 3826 ξ.
537 3751 577 3812 oi
591 3747 622 3812 δὲ
637 3753 691 3812 τοῦ
710 3752 840 3833 Χριστοῦ
856 3744 911 3830 τήν
925 3745 1019 3834 σύρκα
1033 3745 1219 3834 ἐσταύρωσαν
1233 3745 1290 3814 σύν
1304 3757 1368 3826 τοῖς
1382 3775 1431 3814 κα-

283 3847 400 3934 θήμασι
421 3852 473 3914 καί
493 3858 557 3924 ταῖς
578 3852 759 3932 ἐπιθυμίαις.

358 3950 475 4039 Ἔλεγχ.
493 3951 524 4030 ξ.
556 3954 598 4017 Εἰ
616 3951 804 4038 ἐσταύρωσαν
822 3951 876 4036 τήν
893 3951 990 4041 σόρκει
1011 3955 1042 4018 οῖ
1056 3959 1107 4018 τοῦ
1131 3959 1277 4040 Χριστοῦ,
1308 3945 1430 4038 ῶΜαρ-

282 4059 365 4137 κίων,
387 4059 477 4139 δῆλον
490 4047 528 4138 ἦν
541 4053 588 4120 ὅτι
602 4059 633 4120 οῖ
645 4061 698 4121 τοῦ
714 4062 845 4142 Χριστοῦ
860 4060 961 4122 δοῦλοι
975 4055 1030 4122 σῦν
1043 4063 1107 4131 ταῖς
1120 4058 1294 4139 ἐπιθυμίαις
1308 4059 1360 4122 καλ
1374 4064 1431 4131 τοῖς

284 4158 440 4242 παθήμασι
453 4154 591 4244 καθαροίν
604 4155 659 4240 τήν
672 4157 769 4246 σιίρκα
783 4157 947 4239 ἐπέδειξαν,
963 4160 1014 4224 καλ
1029 4156 1209 4242 ἐμιμήσαντο
1223 4155 1276 4224 τόν
1293 4155 1429 4246 Χριστόν,

284 4264 427 4338 δείξαντες
444 4257 534 4327 αύτόν
550 4257 644 4357 σύρκα
658 4262 880 4350 έσταυρωκέναι.
917 4260 974 4329 Διό
987 4263 1039 4329 καί
1053 4257 1139 4328 αύτολ
1154 4259 1191 4328 τό
1206 4263 1256 4329 ῖσα
1270 4271 1312 4351 τρῖ
1326 4259 1429 4328 ῖεσπό-

282 4389 318 4452 τη
344 4361 443 4429 αύτῶν
465 4362 665 4449 φρονήσαντες
687 4363 741 4449 τήν
763 4365 860 4452 σύρκα
882 4363 1076 4452 ἐσταύρωσαν.
1127 4365 1189 4430 Kal
1210 4367 1238 4430 εί
1259 4363 1314 4448 τήν
1338 4369 1429 4450 σαίρτσ

316 4496 357 4554 94.
375 4494 393 4554 ἃ
409 4501 522 4570 προλέγω
539 4497 611 4569 ῦμῖι,
629 4499 717 4564 ααθῶς
732 4503 776 4559 καὶ
792 4511 843 4558 τελλ.
857 4508 925 4570 plene
940 4519 1021 4570 ιιιμτο.
