3110 4984
262 307 322 368 164
681 313 803 366 emen
821 311 990 366 291?an

263 431 435 515 προςδέχου.
482 427 534 506 Ὦς
556 430 607 496 καί
631 426 707 492 αῦτῦ
728 427 764 492 τά
784 425 927 512 Ἑβραΐκά
952 425 1070 510 δόματα
1091 426 1254 494 τελειόταται
1279 431 1412 494 imm

264 529 479 616 παραθήσομαι
493 529 597 607 αῦταλς
610 533 734 609 λέξεσιν,
757 527 799 606 δίς
815 530 876 595 ἐστι
889 532 1097 614 γεγραμμένον.
1147 528 1186 596 Τδ
1202 528 1257 616 γάρ
1277 537 1411 596 6Σιιυλα-

264 641 321 701 σαῦ
337 640 496 698 Σσυλασαῦ
511 631 696 719 ἑρμηνεύεται
713 635 819 712 θλίψις
834 633 883 697 έπλ
896 636 1019 714 θλίψιν,
1048 631 1229 698 Κανλακαῦιι
1246 631 1410 698 Καυλακόκ

264 738 346 812 ἐλπίς
362 732 406 801 ἐπ’
422 737 531 815 ἐλπίδι,
555 732 690 819 Ζιηρσάμ
710 732 845 817 Ζιηρσῦμ
861 735 903 798 έτι
918 732 1037 819 μικρόν,
1059 737 1102 800 έτι
1116 733 1222 818 μικρόν
1236 736 1407 816 προςδίηου.

266 842 336 903 Ποῦ
355 829 410 904 σῦν
429 834 450 920 ἡ
469 836 581 903 τοῦτον
603 839 783 920 μυθολογίας
812 842 872 901 ποῦ
893 833 915 916 ἦ
932 841 1061 918 κίσσησις
1080 841 1134 918 τῆς
1151 840 1409 920 φαντασιολογίαςς

264 938 361 1005 πόθεν
379 944 420 1027 τῷ
440 937 541 1026 κόσμγο
561 936 597 1002 τά
617 936 738 1016 ζιζάνιας
765 941 809 1012 τίς
829 934 847 1002 δ
866 936 1032 1024 άνογκάσας
1051 941 1092 1014 είς
1109 935 1233 1014 ἑαυτούς
1249 936 1412 1003 ἐπισπάσα-

263 1050 337 1106 σθαι
354 1038 480 1125 ὄλεθρον
495 1038 566 1116 τοῦς
583 1036 778 1122 άνθροίπσυςς
809 1042 853 1102 Et
867 1040 920 1120 μέυ
936 1038 993 1126 γάρ
1009 1042 1201 1125 γιυοίσκοντες
1217 1043 1413 1122 μετεποίησαν

263 1140 317 1218 τάς
332 1139 492 1226 όνομασίας
506 1145 548 1218 είς
560 1146 725 1224 φαντασίαν
740 1138 900 1220 άπαλείας,
922 1145 1039 1218 ἑαυτοῖς
1050 1146 1213 1226 προφανῶς
1225 1145 1314 1208 αίτιοι
1329 1139 1412 1226 γεγό-

263 1264 362 1310 νασιν·
378 1248 406 1309 εἰ
416 1245 449 1309 δέ
461 1241 668 1329 όγνοσῦντεςίί
683 1242 724 1326 μὴ
734 1242 855 1333 ᾔδεισαν
869 1247 993 1324 έφοσαν,
1009 1241 1097 1310 οὐδέν
1109 1241 1206 1309 αύτῶυ
1220 1241 1412 1324 άθλιάτερον.

264 1344 365 1430 Μοιρά
377 1343 434 1430 γῦρ
446 1351 539 1410 ταῦτα
553 1343 593 1423 οῦς
609 1343 743 1428 άληθοῑς,
764 1347 816 1410 καί
831 1348 920 1410 παντί
934 1351 975 1436 τῷ
989 1345 1106 1412 σύνεσιν
1118 1348 1285 1434 κεκτημένῳ
1300 1348 1332 1410 έν
1345 1350 1411 1432 θεῷ

262 1449 374 1513 ἐνιστιν
386 1449 468 1512 ίδεῑν.
497 1443 699 1523 Ἦδυπαθείας
713 1445 767 1532 γάρ
784 1446 869 1533 χάριν
884 1447 1008 1524 έαυτυύς
1020 1472 1050 1512 τι
1065 1450 1115 1513 καί
1130 1446 1200 1524 τοῦς
1214 1448 1412 1530 πειθομένους

263 1545 416 1614 ἐπύλεσαν
435 1550 487 1614 καί
507 1546 695 1615 άποίλύουσι.
739 1555 865 1632 Πνεῦμα
883 1549 940 1635 γάρ
962 1552 1020 1615 ἐστι
1041 1549 1153 1632 πλάνης
1173 1548 1270 1634 όίςπερ
1285 1547 1412 1630 φύσημα

264 1652 297 1715 ἐν
321 1646 400 1738 αύλῷ
417 1649 574 1737 διαφόροις
594 1649 751 1732 κινήμασιν
769 1653 892 1717 ἕκαστον
910 1655 968 1716 τοῦν
983 1649 1124 1735 άφρόνοιν
1143 1656 1246 1717 κινοῦν
1267 1647 1340 1716 κατά
1357 1653 1413 1731 τῆς

263 1748 412 1834 άληθείας.
455 1753 516 1816 Καί
530 1751 586 1838 γάρ
601 1754 652 1817 καί
666 1749 755 1828 αῦτός
771 1749 789 1818 ό
804 1751 893 1828 αῦλδς
909 1751 1025 1836 μίμημά
1038 1755 1098 1818 ἐστι
1113 1759 1166 1819 τοῦ
1179 1751 1350 1839 δράκοντος,
1371 1749 1412 1816 δι’

264 1844 302 1919 οῦ
322 1851 458 1935 ἐλάλησεν
477 1852 496 1919 ό
512 1853 646 1940 πονηρός
662 1856 713 1919 καί
729 1851 860 1937 ἤπάτησε
875 1853 929 1936 την
945 1853 1038 1919 Εῦαν.
1080 1852 1153 1922 'Auo'
1169 1863 1223 1920 τοῦ
1239 1853 1336 1918 τῦιτου
1353 1851 1411 1938 γάρ

264 1957 378 2021 ἐκείνου
390 1952 465 2020 κατά
476 1961 597 2039 μίμησιν
608 1954 627 2022 ό
641 1953 730 2033 αύίός
740 1965 804 2032 τοῖς
816 1954 990 2040 άνθροίποις
1002 1960 1043 2032 είς
1055 1953 1171 2039 όπάτην
1180 1954 1411 2036 κατεσκευάσθη.

265 2057 326 2122 Καί
345 2055 403 2143 όρα
423 2055 474 2124 τόν
494 2056 591 2124 τύπον
611 2057 646 2124 δν
666 2055 756 2134 αῦτδς
776 2055 794 2122 ό
812 2057 908 2122 αῦλιῦν
925 2060 956 2124 έν
974 2065 1015 2146 τγῦ
1033 2057 1111 2146 αύλγῖ
1127 2067 1260 2125 ποιεῖται
1302 2054 1413 2122 Αύλοῑν

262 2157 319 2245 γάρ
340 2155 403 2224 ι’ίνυι
420 2157 555 2225 άνανεύει
575 2163 650 2226 7καί
667 2159 746 2226 κάτα
762 2159 927 2238 κατανεύει,
958 2159 1038 2238 δεξιά
1055 2185 1086 2224 τε
1101 2165 1190 2226 κλίνει
1205 2161 1257 2225 καί
1272 2157 1413 2240 εῦιόνυμα

263 2256 373 2344 όμοίεις
393 2263 502 2352 ἐκείνῳ.
551 2259 673 2338 Τούτοις
692 2258 749 2347 γάρ
773 2263 822 2326 καὶ
841 2259 860 2328 ό
880 2261 1017 2344 διάβολος
1036 2271 1099 2339 τοῖς
1119 2261 1244 2346 σχήμασι
1262 2264 1412 2347 κέχρηται,

262 2365 313 2427 ἵνα
329 2361 404 2429 κατά
419 2369 478 2429 τοῦν
493 2365 679 2449 ἐπουρανίων
696 2365 855 2446 ἐνδείξηται
869 2362 923 2446 τὴν
940 2369 1141 2447 βλασφημίαν,
1168 2365 1220 2428 καί
1236 2363 1273 2429 τά
1291 2365 1341 2429 ίπί
1357 2365 1414 2445 τῆς

263 2470 318 2549 γῆς
339 2462 494 2553 άφανισμγῖ
512 2463 659 2555 άφανίση,
689 2468 740 2530 καί
757 2464 834 2548 ὁμοῦ
852 2465 1055 2555 συμπεριλάβη
1076 2464 1129 2549 τὴν
1144 2467 1336 2549 οἰκουμένην,
1364 2467 1412 2529 δε·

263 2563 311 2641 ξιά
332 2591 361 2630 τε
382 2568 432 2632 καί
450 2564 587 2650 εῦοίνυμα
604 2566 816 2651 λυμαινόμενος
836 2565 906 2643 τοῦς
926 2573 961 2657 τῇ
977 2567 1073 2658 πλάνη
1091 2570 1287 2652 πειθομένους
1306 2591 1336 2632 τε
1356 2568 1413 2631 καί

152 2698 203 2746 μς.
215 2686 248 2731 ει.
262 2668 472 2751 θελγομένους,
494 2667 589 2755 δι’ςπερ
607 2667 657 2736 διδ
671 2675 816 2754 μουσικοῦ
830 2668 960 2755 σ’ργάνου
977 2678 1042 2746 ταῖς
1055 2679 1170 2752 φοναῖς
1185 2680 1249 2746 ταῖς
1264 2677 1414 2750 πεπλανη-

263 2769 371 2849 νίνου,

131 3285 197 3352 KQ
215 3285 247 3340 ε’·
336 3281 438 3351 ’Ἄλλοι
453 3288 486 3352 δέ
500 3311 575 3364 τινες
591 3286 621 3364 ἐξ
638 3285 735 3354 αύτῦν
749 3287 819 3354 κενά
833 3315 898 3354 τινα
915 3285 1045 3370 ὀνόματα
1060 3283 1289 3364 άναπλάττσυσι,
1310 3286 1412 3369 λέγον-

259 3411 305 3464 τες
319 3385 376 3467 ότι,
399 3387 516 3466 Σκότος
529 3380 567 3472 ἦν
580 3391 631 3454 καί
646 3389 744 3473 βυθός
759 3393 811 3456 καί
826 3389 918 3472 ῦδαρ,
941 3388 973 3455 τδ
991 3391 1023 3454 δέ
1036 3393 1150 3470 πνεῦμα
1165 3384 1223 3452 α’νά
1237 3389 1327 3469 μέσον
1340 3387 1411 3451 τού-

258 3514 317 3554 τοιν
335 3489 486 3574 διορισμόν
506 3491 664 3576 ἐποιήσατο
686 3491 798 3558 οῦτοῦν·
827 3492 860 3557 τό
882 3492 915 3558 δέ
935 3490 1041 3568 σκότος
1060 3484 1099 3574 ἦν
1116 3487 1290 3573 χαλεπαῖνόν
1311 3490 1413 3552 τεκαὶ

258 3591 397 3674 έγιιοτοῦν
417 3601 460 3681 τῷ
478 3591 638 3676 πνεύματι,
669 3592 742 3680 ὅπερ
760 3593 866 3670 σκότος
882 3591 1053 3678 άναδραμδν
1067 3591 1246 3677 περιεπλάκη
1263 3595 1304 3678 τῷ
1320 3588 1413 3654 πνεύ-

257 3715 339 3772 ματι·
360 3695 411 3758 καλ
425 3696 571 3780 ἐγέννησε,
595 3699 699 3776 1φασί,
720 3694 785 3761 τινά
799 3694 930 3782 Μήτροιν
943 3697 1134 3778 καλουμένην,
1156 3693 1220 3777 ἥτις
1234 3699 1413 3778 γεννηθεῖσα

256 3795 439 3874 ἐνεκίσσησεν
456 3797 488 3860 έν
505 3795 585 3886 αύτῷ
600 3803 642 3887 τῷ
659 3797 811 3880 πνεύματι.
851 3796 902 3863 Ἐκ
920 3799 952 3863 δέ
967 3801 1019 3880 τῆς
1036 3796 1165 3880 Μήτρας
1180 3792 1413 3880 προεβλήθησὼ

255 3915 331 3969 ’ΜΒ
344 3893 482 3980 τέσσαρες
496 3902 626 3978 Αίιῐνες,
658 3903 691 3966 ἐκ
710 3901 742 3964 δέ
759 3905 818 3965 τῦν
834 3898 982 3987 τεσσάρων
997 3897 1125 3964 Αίάνοιν
1141 3895 1221 3963 ῦλλυι
1238 3897 1411 3963 δεκοιέσσα.

255 4016 319 4079 ρες,
348 3996 399 4060 καί
414 3996 514 4080 γέγονε
532 4000 621 4077 Δεξιά
638 4026 669 4067 τε
686 4003 738 4066 καί
755 3999 921 4086 Ἀριστερά,
954 4007 1026 4076 Φοδς
1041 4002 1091 4065 καί
1108 3999 1231 4074 Σκότος.
1264 3997 1412 4081 Ὕστερον

254 4095 288 4160 δέ
305 4093 377 4179 μετά
394 4095 507 4174 πάντας
524 4101 649 4178 τούτους
664 4105 888 4187 προβεβλῆσθαί
904 4129 968 4168 τινα
986 4100 1106 4186 αίσγρόν
1122 4106 1240 4180 Αίῶνοι,
1269 4103 1412 4183 μεμίχθαι

253 4198 286 4262 δέ
301 4203 406 4264 τοῦτον
418 4205 454 4288 τῇ
467 4198 580 4289 Μήτργι
594 4211 629 4291 τῇ
643 4203 705 4270 άνοι
719 4205 974 4293 προδεδηλωμένη,
992 4207 1043 4270 καί
1057 4207 1089 4270 έκ
1102 4203 1208 4270 τούτου
1223 4209 1275 4268 τοῦ
1288 4203 1412 4278 Αίιδνος

251 4306 305 4364 τοῦ
320 4303 441 4385 αἰσχροῦ
456 4303 507 4366 καί
521 4307 574 4384 τῆς
588 4303 717 4390 Μήτρας
729 4307 876 4392 γεγονέναι
891 4306 984 4382 θεούς
999 4331 1028 4370 τε
1040 4307 1091 4370 καί
1108 4305 1267 4390 ἐάγγέλους
1279 4306 1329 4369 καί
1342 4307 1407 4368 δαί-

272 4453 364 4537 1ίῌίσ
379 4459 429 4507 οσιλ
444 4459 517 4508 Vatia.
531 4463 552 4508 ιλ
564 4460 604 4510 ιδ.
615 4461 697 4510 Ριιου.
732 4463 811 4515 σαυλᾰ
880 4459 905 4512 7.
920 4461 963 4514 καί
977 4459 1048 4514 καίτοι
1059 4461 1191 4515 κατανεύει
1200 4459 1341 4530 (κατανέβη
1355 4461 1410 4510 οοδ.

249 4539 278 4575 ου
289 4539 321 4575 ου
335 4525 466 4578 οαυλαοαῡ
475 4529 525 4578 οοδ.
537 4529 634 4592 ίΙίιιδλς.
645 4531 727 4579 aedit.
734 4533 811 4591 μείου.
847 4531 933 4598 vatic.)
947 4545 959 4581 ι
973 4532 1024 4581 οοσ.
1036 4533 1149 4581 ναίεται
1160 4531 1278 4594 supplevit
1288 4529 1411 4580 Ριίσοΐντ.
