3080 5002
297 329 431 382 rsttstttt
446 329 509 382 LIB.
524 329 544 380 I.
560 329 642 382 TOM.
654 329 698 380 ΙΙΙ.
716 329 813 380 noun.
826 329 907 380 XLII.
1112 319 1173 382 675

36 452 198 531 extitisset,
222 451 288 537 quid
305 471 367 515 eom
385 449 571 533 particulam,
594 454 712 524 Adtue,
736 450 903 535 exprimere
920 470 992 535 opus
1005 462 1086 529 erat,
1110 473 1176 516 eum

37 555 111 618 omui
130 566 275 640 tempore,
299 555 430 638 adeoque
449 573 525 616 nuno
542 552 639 638 speoie
659 564 744 615 tenus
763 553 854 638 possit
869 573 1009 638 apparere
1027 550 1175 633 Christus,

38 677 129 741 oeque
144 665 239 720 tomen
255 656 381 720 adiicere
399 675 520 719 necesse
535 653 591 735 sit,
616 660 683 718 Cum
698 659 789 718 odino
803 657 912 736 Infirmi
929 663 1071 718 essemus?
1113 654 1177 720 IIoo

37 760 110 822 enim
130 779 222 838 voce,
252 762 372 833 Adhuc,
404 769 463 822 tum
482 757 560 822 illum
577 771 698 822 mortem
716 759 824 821 obiisse
840 757 1000 842 siguificat,
1030 779 1064 822 eo
1084 769 1177 823 morte

37 884 85 925 suo
101 862 293 942 instituisse,
316 883 353 925 ne
370 861 492 947 emplius
508 861 581 924 mori
599 882 721 926 necesse
737 863 775 924 sit
791 862 867 923 ilium
885 861 932 944 qui
949 881 1001 946 pro
1018 861 1179 947 pecootori·

38 966 88 1029 bus
109 966 203 1029 semel
226 974 271 1028 εει
293 975 441 1042 mortuus,
465 985 499 1027 oo
521 985 574 1050 per
594 985 660 1028 sese
683 985 740 1028 non
763 964 886 1050 amplius
908 964 1058 1028 morietur.

121 1065 222 1133 SchoI.
240 1069 269 1129 V
285 1078 314 1132 ει
330 1065 469 1132 XXXII.
502 1071 568 1129 Ideo
590 1070 637 1130 lero
656 1079 754 1130 saneta
777 1080 806 1128 et
825 1070 982 1129 emundatum
1003 1079 1129 1130 sanetum
1150 1079 1181 1130 ει
1190 1082 1283 1141 nemu,
1297 1081 1328 1126 ιι

38 1179 140 1234 iustum
160 1183 190 1232 et
210 1173 319 1233 bouum.
984 1233 986 1245 Ι

119 1273 225 1339 Refut.
241 1275 269 1336 V
285 1283 315 1337 et
329 1269 468 1337 XXXII.
502 1269 578 1358 Legi
595 1273 648 1336 hoo
665 1273 811 1358 apostolus
825 1273 944 1353 tribuit,
968 1284 1000 1337 ut
1015 1285 1115 1338 saneta
1128 1271 1177 1354 sit,

40 1379 225 1462 eiusdemque
250 1376 403 1453 mandato,
436 1375 510 1460 quod
536 1376 639 1461 tripiici
662 1375 829 1439 testimonio
850 1377 1017 1455 confirmat,
1049 1387 1180 1441 surretum

40 1503 103 1546 esse
121 1480 311 1568 prendimus,
335 1488 365 1541 ει
381 1478 505 1557 iustum,
530 1488 560 1541 et
576 1477 700 1559 hortum,
724 1489 755 1542 ut
772 1489 817 1558 te,
840 1476 971 1559 Marcio,
996 1481 1180 1558 condemnet,

40 1607 91 1649 nos
113 1605 187 1650 reto
203 1583 282 1668 ipsos
298 1582 419 1646 edoceat
438 1580 530 1664 Iegem
551 1581 679 1644 auctoris
698 1601 764 1645 esse
783 1581 893 1660 saneti,
917 1583 999 1646 euius
1018 1583 1182 1646 mandatum

38 1697 172 1752 sonetum
199 1685 253 1764 sit,
286 1684 466 1768 eundemque
489 1683 536 1767 qui
559 1695 677 1747 sanetus
700 1695 746 1747 est
769 1705 835 1748 esso
860 1684 977 1748 bonum.
1025 1681 1183 1770 Propterea

40 1813 103 1855 cum
122 1789 287 1853 mandatnm
303 1808 320 1850 a
336 1785 413 1850 bono
428 1784 589 1872 proiectum
607 1788 703 1866 tuerit,
728 1787 833 1850 bonum
850 1787 969 1868 dicitur,
993 1797 1022 1852 ot
1037 1809 1054 1851 a
1068 1799 1181 1868 sancto,

40 1903 192 1972 sanetum,
215 1902 245 1955 ot
259 1912 279 1954 e
293 1889 372 1953 iusto
388 1889 565 1968 derivatum,
596 1890 702 1954 iustum
719 1889 806 1953 etiam
820 1890 996 1977 appellatum
1028 1911 1091 1955 oum
1110 1910 1184 1954 uuus

40 1997 176 2080 idemque
199 1993 283 2057 modo
306 1993 344 2056 sit
365 1992 412 2076 qui
435 1992 577 2076 quondam
599 1993 713 2071 extitit,
744 2005 879 2074 sanctus,
910 1995 1003 2058 iustus
1026 2014 1060 2057 eo
1078 1992 1182 2056 bonus.

41 2097 125 2164 Unde
151 2107 182 2161 et
200 2096 364 2160 meudetum
380 2095 471 2180 ipsius
494 2104 551 2157 tom
568 2096 644 2179 'quoti
668 2095 734 2159 oIiru
758 2117 841 2180 quem
864 2097 938 2180 quod
958 2098 1042 2160 modo
1061 2105 1107 2158 est
1124 2095 1184 2158 ott-

43 2213 113 2280 tum,
133 2201 164 2263 ir
177 2208 300 2285 utroque
314 2198 449 2264 videlieet
465 2207 650 2276 testamento,
668 2208 812 2279 sonetum,
829 2197 936 2263 iustum
951 2219 985 2263 ec
998 2199 1104 2264 bonum
1119 2199 1185 2264 oxi·

41 2302 217 2368 stimonium
239 2313 295 2366 est.
407 2299 410 2306 '

126 2403 230 2470 SchoI.
250 2400 293 2468 VI
312 2413 341 2467 et
359 2401 514 2468 XXXIII.
553 2407 590 2466 Ut
606 2407 767 2486 e'ustrfieotr'o
788 2408 859 2487 legis
877 2408 1024 2486 inpleatur
1043 2411 1072 2468 r'tr
1091 2407 1180 2468 nobie.
1199 2413 1309 2472 ⁰·t·⁸‚⁴·

126 2505 231 2572 ltetut.
249 2505 291 2570 VI
311 2516 341 2570 et
356 2503 511 2570 XXXIII.
546 2503 579 2569 st
604 2505 634 2569 in
654 2507 792 2590 apostolis
816 2517 846 2570 ot
865 2506 895 2570 iu
916 2507 998 2571 nobis
1020 2508 1185 2572 iustificetio

42 2611 116 2696 legis
134 2609 287 2694 impletur,
319 2630 375 2693 qua
393 2610 468 2673 istud
487 2609 582 2672 tronto
599 2611 787 2693 pronuntiare
806 2610 913 2687 audes,
937 2607 1068 2690 Marcio,
1091 2609 1186 2696 Iegem

43 2711 247 2798 ab‘apostotie
269 2709 332 2792 dei,
364 2711 411 2796 qui
433 2732 473 2775 ex
497 2711 571 2795 Iegis
592 2711 802 2795 complemento
823 2711 1031 2792 iustificantur,
1061 2714 1187 2779 alienum

42 2816 158 2880 riderii

131 2915 232 2982 sotor.
251 2915 307 2983 vlt
324 2927 356 2984 et
371 2915 525 2983 xxxtv.
558 2921 638 2980 roo
658 2923 730 2980 esim
756 2921 828 3000 ogo
845 2924 973 2984 coum
995 2925 1033 2983 aa
1053 2924 1323 2987 amorraeorum

43 3027 123 3086 ormi
141 3024 275 3084 eredenti.

131 3123 233 3190 [istut.
252 3122 311 3188 VII
334 3134 364 3188 et
389 3121 542 3189 XXXIV.
581 3121 615 3190 Si
639 3125 674 3190 ad
695 3127 873 3191 credentium
899 3127 1026 3190 omnium
1050 3124 1189 3190 iustitiam

44 3227 185 3294 Christus
203 3225 339 3305 advenit,
371 3225 412 3291 itu
432 3227 578 3313 utpertioi
597 3227 647 3291 lex
665 3229 750 3292 aliter
768 3238 909 3312 nequeat,
943 3228 999 3292 nisi
1019 3249 1083 3294 eom
1102 3224 1188 3294 Chri·

43 3344 109 3396 stue
126 3351 181 3394 suo
199 3331 327 3394 adventu
342 3329 488 3414 perficiet,
511 3329 609 3414 pertici
625 3350 696 3408 vos,
719 3327 836 3408 Iudaei,
859 3329 1038 3395 nullomodo
1054 3332 1186 3418 potestis,

43 3435 69 3500 si
85 3433 118 3497 in
136 3432 201 3516 lego
218 3431 376 3512 moneatis,
400 3431 458 3522 pisi
472 3427 633 3511 Christum,
657 3431 704 3516 qui
720 3433 776 3496 iem
792 3432 884 3512 veuit,
909 3433 1062 3498 eredentes
1078 3435 1107 3498 in
1123 3455 1188 3498 eum

43 3535 147 3602 velitis
162 3534 304 3622 recipere.
349 3530 409 3599 set
425 3554 479 3598 ueo
496 3545 538 3614 tu,
561 3529 687 3614 Marcio,
711 3535 833 3602 salutem
851 3536 879 3599 in
895 3531 1015 3600 Christo
1031 3548 1113 3623 potes
1128 3536 1189 3600 odi-

44 3639 142 3727 pisei,
164 3659 229 3702 eum
243 3636 309 3701 utet
326 3637 497 3722 prinoipium
513 3658 547 3702 uo
564 3637 691 3700 radicem
706 3635 864 3719 obieceris,
888 3637 1021 3704 nimirum
1037 3641 1148 3725 Iegem,
1172 3660 1191 3704 ε

45 3764 103 3829 qua
129 3741 264 3825 cognitus
281 3735 416 3805 Christus
438 3761 504 3804 eum
523 3739 633 3826 perficit
655 3739 704 3825 qui
726 3740 820 3826 legem
842 3739 958 3806 minime
979 3752 1011 3806 ut
1028 3743 1151 3808 alienum
1173 3763 1191 3806 ε

45 3843 173 3910 Christo
195 3842 338 3928 repudiet.

137 3943 239 4012 sumt.
255 3941 328 4009 VIII
346 3955 377 4008 et
391 3943 528 4010 XXXV.
564 3949 621 4024 Qui
637 3951 709 4009 eurio
724 3949 821 4027 diligit
830 3951 1005 4029 proximum,
1032 3951 1119 4031 legem
1141 3954 1191 4011 im-
1205 3959 1326 4020 ceptus

40 4055 146 4137 pleuti.

135 4149 239 4216 netur.
255 4145 329 4215 VIII
346 4159 376 4215 et
390 4147 528 4214 XXXV.
563 4145 638 4215 Cum
656 4171 709 4237 per
723 4170 851 4218 amorem
868 4153 993 4240 proximi
1011 4155 1059 4220 Iex
1075 4155 1191 4242 impter-

44 4271 115 4338 tur,
151 4275 210 4319 uon
232 4261 278 4318 εει
297 4274 316 4318 ε
335 4249 455 4318 Christo
477 4265 507 4318 ει
525 4253 579 4318 deo
597 4264 679 4340 patre
696 4255 802 4318 domini
821 4257 913 4322 nostri
930 4255 996 4323 Iesu
1014 4255 1123 4324 Christi
1142 4257 1192 4322 ato

46 4358 205 4429 alienanda
222 4356 290 4438 Iex,
321 4377 393 4444 quoe
413 4355 532 4444 diligere
555 4357 716 4444 proximum
735 4357 825 4424 iubet.
871 4358 1015 4444 Quoniam
1033 4365 1100 4426 rtem
1116 4367 1191 4424 mrt-
1203 4373 1309 4482 epp-m

923 4464 992 4534 43*
