3106 4990
331 303 393 368 498
757 319 878 370 εικόνι
896 317 1066 370 ινιειιιαιι

202 451 270 518 Κεφ.
284 449 316 520 β.
422 432 550 515 Τοιαάτη
569 435 622 516 μὲν
640 426 714 516 ἦνη
730 433 870 517 ἐπιβουλὴ
890 439 944 500 τοῦ
959 434 1059 514 ὄφεως
1074 433 1151 519 πρός
1167 433 1221 518 τὴν
1238 433 1332 500 Εῦαν.
1373 432 1429 513 Ἐξ
1449 434 1493 520 δρ

331 544 385 620 γῆς
400 534 456 621 γάρ
472 540 568 618 λίγνος
583 533 603 618 ἡ
618 533 792 621 α’νθροιπεία
808 536 913 615 φάσις,
944 539 995 602 καί
1013 534 1185 621 ὑπαγομένη
1202 536 1248 603 άεί
1264 548 1325 614 τοῖς
1339 545 1396 620 τῆς
1413 553 1493 603 κἐκο·

331 643 446 720 φοινίας
461 637 587 723 δόγμασι
601 641 652 703 καί
667 647 767 715 κεναῖς
781 636 961 722 ῦποσγίσεσι.
1004 643 1065 705 Καὶ
1079 639 1170 706 πάλαι
1183 641 1236 722 μίν
1249 639 1494 726 κρυπταζόμενος

240 798 242 807 .
332 738 454 816 όαότός
475 738 531 806 οῦκ
549 739 656 823 ἐδήλου
677 748 731 824 τῆς
748 739 842 807 αὐτοῦ
861 745 991 824 ίοβολίας
1012 741 1044 808 τά
1063 745 1169 826 πίρας,
1199 743 1321 828 ὕστερον
1340 743 1388 820 δί,
1422 740 1492 825 μετά

330 842 385 926 την
401 847 546 929 ἔνσαρκον
564 849 696 928 Χριστοῦ
710 849 890 930 παρουσίαν,
914 844 1034 928 ἕξημεσί
1047 871 1077 910 τε
1090 848 1142 910 καί
1159 843 1308 911 άπίπτυσε
1321 844 1375 928 την
1393 854 1492 910 πᾶσαν

331 943 423 1014 αῦτοῦ
443 945 542 1030 ιιἰάδη
561 949 612 1011 καί
628 945 783 1032 μοχθηράν
801 949 934 1013 ἐπίνοιαν
950 954 1003 1030 τῆς
1017 952 1186 1024 κακονοίας.
1234 941 1330 1023 Οὗτος
1343 945 1403 1033 γάρ
1420 975 1490 1034 προ

330 1048 448 1132 εβάλετο
464 1047 571 1116 ἔαυτόν
588 1051 618 1114 ἐν
632 1057 669 1138 τῇ
685 1057 744 1114 τῶν
757 1047 955 1132 ἠπατημένων
971 1052 1089 1139 διανοίᾳ
1103 1051 1281 1129 δοξάζεσθαι
1296 1047 1337 1126 οἷς
1350 1049 1430 1126 θεός
1444 1053 1490 1116 καί

331 1159 543 1236 απροκεῖσθαι.
589 1150 766 1217 Γινιάσκεται
791 1153 822 1217 δὲ
844 1150 968 1230 όαῦτός
985 1151 1058 1234 ὅφις
1079 1151 1129 1218 διά
1151 1179 1181 1218 τε
1202 1161 1255 1235 τῆς
1274 1149 1365 1218 αῦιοῦ
1383 1161 1491 1236 σχολῆς

330 1254 438 1338 ταύτης
459 1257 509 1321 καί
530 1253 566 1321 δι’
588 1252 687 1335 όφεοις
708 1262 762 1320 τοῦ
784 1257 932 1337 αἰσθητοῦ
953 1254 1007 1338 τὴν
1029 1253 1146 1338 άπάτην
1166 1259 1306 1338 ἐμποιῶν.
1340 1253 1440 1335 ’Όφιν
1462 1256 1489 1320 δὲ

330 1362 426 1442 δι’γθεν
440 1355 462 1440 ἡ
475 1363 546 1423 θεία
562 1354 662 1443 γραφη
679 1366 763 1423 καλεῖ
776 1357 828 1424 τόν
845 1357 998 1440 διάβολον,
1030 1355 1068 1423 οῦ
1083 1357 1201 1433 πάντας
1216 1357 1287 1424 όντα
1302 1363 1443 1423 τοιοῦτον
1457 1385 1487 1445 τη

329 1467 448 1549 μορφῇ,
471 1458 543 1525 άλλά
557 1457 607 1525 διά
625 1458 680 1526 8τά
698 1458 878 1542 φαινόμενον
891 1469 953 1536 τοῖς
967 1459 1142 1546 άνθραόποις
1157 1459 1366 1537 σκολιάτατον,
1387 1464 1444 1524 καὶ
1458 1459 1486 1524 τά

276 1617 283 1630 ,
329 1565 361 1630 ίν
376 1561 505 1648 πράτοις
519 1565 550 1628 ἒν
564 1561 633 1643 όφει
650 1564 807 1649 ἐνεργηθίν
821 1569 873 1646 τῆς
885 1561 1001 1647 άπάτης
1016 1563 1200 1648 σκευώρημα.
1246 1561 1337 1648 Παρά
1351 1571 1417 1638 τοῖς
1434 1567 1487 1628 τοί-

327 1691 384 1730 νυν
402 1663 456 1748 τήν
473 1664 618 1749 άλήθειαν
636 1664 864 1752 ίπιγινάσιιουσι
880 1669 1095 1751 καταγέλαστον
1113 1666 1222 1732 τοῦτου
1242 1664 1275 1732 τά
1295 1664 1408 1750 δόγμα,
1439 1667 1485 1730 καί

330 1771 362 1833 ολ
379 1765 458 1856 αῦτῷ
481 1770 722 1853 προςανὲχοντες,
750 1767 802 1834 τόν
823 1767 895 1848 ὅφιν
917 1767 959 1844 οῦς
979 1767 1052 1834 θεόν
1071 1767 1245 1846 δοξάζοντες.
1290 1769 1412 1850 Μηκέτι
1433 1767 1484 1854 γάρ

329 1867 495 1952 δυνάμενος
507 1867 526 1935 δ
539 1869 677 1954 διάβολος
691 1869 744 1954 τήν
757 1869 894 1955 άνδρείαν
908 1870 1043 1938 διάνοιαν
1055 1869 1109 1954 τήν
1120 1868 1181 1936 άπά
1195 1879 1250 1937 τοῦ
1262 1875 1368 1956 κυρίου
1378 1875 1484 1953 λαβοῦ

328 1993 384 2038 σαν
400 1970 454 2056 την
471 1971 598 2056 δύναμιν
613 1982 667 2056 τῆς
685 1971 826 2058 άληθείας
842 1971 959 2038 άπατῦν
974 1976 1107 2059 τρίπεται
1123 1976 1173 2038 ἐπί
1187 1972 1222 2038 τό
1238 1979 1335 2056 θῆλυ,
1356 1974 1484 2038 τουτόστι

327 2076 382 2158 τήν
398 2082 458 2140 τῶν
475 2074 645 2162 άνθροίπαν
661 2074 798 2162 άγνοιαν,
822 2078 872 2142 καὶ
889 2083 988 2142 πείθει
1003 2075 1074 2152 τοῦς
1089 2079 1120 2142 ἐν
1134 2083 1171 2164 τῇ
1187 2073 1306 2163 άγνοίηι,
1329 2073 1435 2156 ἐπειδὴ
1452 2073 1485 2140 οῦ

328 2177 452 2246 δόναται
475 2176 527 2246 τόν
549 2179 666 2264 στερεόν
689 2177 829 2263 λογισμόν
850 2176 1007 2262 άπατῆσαι.
1054 2183 1201 2260 Θηλακοῖς
1222 2175 1277 2263 γάρ
1299 2175 1344 2242 άεί
1367 2176 1484 2258 διανοή-

218 2353 223 2364 ,
329 2304 401 2364 μασι
417 2264 622 2368 προςπελάζει,
645 2279 739 2372 ἡδονῇ
755 2307 785 2346 τε
801 2284 852 2346 καλ
869 2285 1033 2369 ἐπιθυμία,
1055 2283 1187 2346 τουτέστι
1203 2288 1239 2370 τῇ
1256 2277 1387 2368 *άγνοίρι
1402 2288 1440 2368 τῇ
1456 2283 1485 2344 ἐν

133 2369 136 2378 ¹
327 2383 502 2472 άνθράποις
516 2387 722 2474 θηλυνομίνη,
752 2386 804 2450 καί
819 2382 885 2466 οάγί
900 2391 941 2472 τῷ
961 2390 1066 2472 στερεῷ
1083 2389 1227 2470 λογισμῷ,
1248 2388 1290 2471 τιγλ
1308 2380 1436 2467 εῦλόγιις
1450 2379 1482 2446 τά

327 2487 424 2554 πάντα
445 2494 565 2554 νοοῦντι
586 2489 636 2552 καὶ
658 2485 731 2552 θεόν
752 2483 811 2552 άπό
832 2494 887 2552 τοῦ
908 2484 1007 2552 ὁκατά
1029 2485 1120 2565 φῦσιν
1139 2483 1235 2566 νόμον
1254 2483 1483 2568 λιιιγινοάσιιοντι

205 2625 256 2672 ρας.
269 2612 315 2659 πο.
328 2591 419 2675 Λέγει
437 2588 492 2676 γάρ
510 2587 614 2655 ἑαυτόν
629 2585 703 2656 εἶναι
725 2587 855 2672 Χριστόν
875 2586 894 2653 δ
910 2587 978 2672 παρ’
996 2587 1097 2664 αὐτοῖς
1112 2587 1190 2668 όφις.
1234 2593 1359 2652 Μᾶλλον
1381 2587 1414 2652 δλ
1430 2585 1483 2651 οῦκ

328 2690 433 2771 αῦτῦς,
464 2689 500 2758 οῦ
516 2689 572 2778 γάρ
588 2689 713 2756 δύναται
727 2693 934 2776 φθέγξασθαι,
966 2689 1037 2756 άλλά
1053 2689 1070 2756 ό
1085 2689 1140 2772 τὴν
1155 2688 1255 2756 αάτιῦν
1271 2693 1392 2756 ἔννοιαν
1406 2688 1483 2754 οῦτοι

328 2803 451 2880 φρονεῖν
466 2793 695 2878 παρασκευάσας
712 2793 858 2876 διάβολος.
907 2797 958 2872 Τίς
975 2799 1073 2861 τοίνυν
1092 2791 1164 2859 ίδιάν
1184 2792 1237 2859 τόν
1253 2791 1326 2874 ὅφιν
1347 2789 1405 2858 οῦκ
1423 2795 1479 2858 ἐπι-

327 2896 467 2983 γνώσεται
487 2897 539 2964 τδν
561 2896 671 2981 ἐχθρόν
691 2899 739 2962 καί
762 2895 913 2977 φεῦξιταις
962 2899 1078 2962 Τοότου
1095 2895 1150 2982 γάρ
1166 2899 1265 2962 ἕνεκεν
1280 2897 1333 2962 καί
1348 2893 1367 2960 ό
1384 2893 1483 2978 κόριος

327 2996 419 3065 αῦτόν
439 3006 543 3066 τοῦτον
561 2998 612 3064 τόν
632 2997 702 3080 όφιν
724 3002 764 3074 είς
782 3002 904 3086 ἐγθρίαυ
923 3001 1078 3082 κατέστησε
1099 3005 1152 3064 τοῦ
1170 3006 1230 3064 τοῖν
1250 2997 1424 3084 άνθριάποιν
1438 2999 1481 3080 γε’·

327 3128 414 3183 νους,
444 3100 546 3184 ἐπειδὴ
568 3101 642 3180 ὅλως
662 3109 765 3178 σκεῦος
782 3102 924 3184 διαβόλου
942 3104 1041 3188 γέγονε
1057 3108 1164 3183 κτῆνος
1183 3099 1242 3180 δι’ν,
1269 3103 1323 3166 καλ
1340 3098 1378 3168 δι’
1393 3097 1483 3164 τιν’τοῦ

326 3202 477 3290 ἠπάτησεν
495 3203 633 3288 διάβολος
651 3203 703 3269 τάν
719 3203 883 3289 ἄνθρωπον
906 3207 938 3270 ἐν
961 3212 1003 3293 τῷ
1021 3208 1204 3292 παραδείσῳ·
1233 3207 1283 3268 ’ίνα
1301 3203 1413 3278 ίδόντες
1430 3200 1482 3282 τήν

326 3306 434 3376 τοῦτον
456 3313 578 3394 ἐχθρίαυ
600 3315 653 3374 τοῦ
675 3310 822 3389 αίσθητοῦ
844 3306 942 3388 όφεοις
959 3304 1199 3391 άποδιδράσκιοσι
1221 3313 1275 3388 τῆς
1294 3304 1410 3388 άπάιης
1427 3301 1482 3384 την

327 3411 502 3496 ἐπιβουλήν,
524 3414 574 3479 καί
597 3409 776 3496 μισήσωσιν,
798 3407 839 3486 τός
860 3413 967 3487 εἰπεῖν,
991 3408 1163 3475 θεάσασθαι
1184 3409 1235 3474 καί
1256 3407 1289 3474 τό
1312 3405 1398 3486 είδος.

192 3727 260 3796 Κεφ.
278 3723 310 3796 γ’.
413 3717 602 3786 Ἀποδιδόασι
622 3720 654 3784 δὲ
672 3720 722 3783 καί
739 3709 821 3784 οὗτοι
840 3719 871 3783 οί
886 3714 1005 3798 Ὀφῖται
1022 3715 1198 3798 καλούμενοι
1216 3712 1311 3803 τοῦτηι
1330 3722 1372 3804 νῷ
1396 3712 1478 3792 ιόφει

325 3817 379 3902 την
394 3828 492 3887 πᾶσαν
503 3830 621 3907 γνάσιν,
637 3822 768 3906 λέγοντες
782 3819 827 3886 ότι
841 3819 928 3896 οὕτος
942 3817 1017 3904 άργή
1031 3821 1131 3903 γίγονε
1143 3816 1278 3903 γνάσεας
1291 3827 1355 3893 τοῖς
1365 3813 1477 3900 άνθριό-

326 3949 408 4002 ποις,
439 3927 588 4006 μυθωδῶς
606 3924 849 4006 παρειςφίρονιες
869 3921 905 3986 τά
924 3919 992 4005 παρ’
1012 3918 1113 3998 αῦτοῖς
1131 3919 1308 4003 νομιζόμενα
1325 3917 1476 4002 μυστήρια,

327 4024 548 4111 μιμολογήματα
570 4028 602 4090 δὲ
620 4025 689 4092 άντα
713 4029 760 4092 καί
780 4025 882 4108 χλεύης
901 4028 1009 4108 ἔμπλεα
1026 4025 1076 4088 καί
1096 4021 1367 4109 μαιαιοφροσάνης.
1410 4025 1476 4086 Μῦ-

325 4137 379 4195 θοι
396 4126 451 4215 γάρ
470 4125 511 4205 (ῦς
525 4125 647 4211 άληθῶς
665 4122 756 4195 οὗτοι.
804 4127 958 4194 Φάοκουσι
974 4125 1030 4212 γάρ
1048 4125 1107 4191 άπό
1124 4133 1178 4192 τοῦ
1195 4125 1257 4192 ῦνοο
1272 4129 1394 4202 Αίιῦνος
1409 4147 1473 4206 κρο-

360 4285 420 4336 Cn.
437 4287 467 4337 λλ.
485 4314 519 4324 -
540 4287 559 4336 1.
578 4281 643 4350 ίιόδη
660 4288 759 4336 mutuis
776 4288 887 4336 Ριιουίιιε
919 4287 1032 4347 dimano
1053 4287 1078 4334 λιι
1090 4299 1135 4348 quo
1152 4287 1264 4346 τιτλμίαιιι
1280 4282 1425 4349 προνείσθαι
1439 4279 1475 4327 ἰκ-

324 4357 501 4406 mommio.
532 4353 639 4422 λαβτλίαν
650 4356 749 4416 pristina
763 4359 814 4406 ενοι
828 4355 886 4405 τινί-
918 4356 978 4403 υειιλ.
1011 4351 1170 4415 Προκεῖσθαι
1183 4358 1274 4418 cupro
1287 4344 1475 4418 τετεμιοεειδ·

323 4427 402 4484 γιλιινο.
918 4420 988 4480 mari,
1005 4423 1042 4471 υιί
1057 4419 1158 4472 censeri.
1192 4423 1305 4472 Pacuvius
1319 4417 1474 4484 οσπδςσνδδῑ

359 4491 383 4538 ¹2.
400 4493 530 4540 Emendavi
546 4490 694 4553 προκεῖσθαι
715 4505 758 4552 pro
778 4495 886 4556 προνοεῖ·
915 4491 1010 4554 putavit
1025 4489 1224 4555 προςκννιῖσθαι.

327 4555 403 4622 σθαι,
421 4559 482 4620 quod
496 4560 566 4622 υαίρο
581 4561 660 4622 ταλαί,
676 4560 734 4610 duce
750 4559 808 4610 λιλιτο
822 4559 885 4611 Rhe·
