3110 4984
349 317 388 379 72
708 355 712 370 .
770 325 892 378 ειΝυτι
910 325 1078 379 σειειιιιῐιι

347 453 446 530 θρου,
467 441 521 509 τόν
535 439 659 525 τυχόντα
675 443 798 524 είπαμεν
812 441 887 508 θεόν
901 449 962 508 τῶν
980 445 1091 523 ἐθνοίν,
1113 439 1135 524 ἢ
1151 440 1226 507 θεόν
1241 440 1293 508 τόν
1309 441 1389 508 όντα.
1429 440 1497 508 'Edu

348 547 381 612 δὲ
396 550 539 628 εἴπωμεν,
567 542 600 610 Ὁ
614 543 702 623 θεός,
734 548 823 626 δῆλον
840 541 881 620 οῦς
900 541 960 609 όπό
975 551 1029 609 τοῦ
1049 542 1083 608 Ὁ
1100 542 1221 629 όίρθρου
1236 543 1288 610 τόν
1309 544 1380 611 ὄντα
1397 549 1496 627 σημαί-

348 673 453 731 νομεν,
475 645 574 730 όληθῆ
591 671 622 712 τε
639 648 689 711 καλ
705 645 933 731 γινωσκόμενον·
966 642 1007 721 τίς
1025 647 1075 710 καλ
1085 645 1283 731 Ἀνθρωπος,
1305 648 1371 728 καλ,
1399 645 1432 712 Ὁ
1451 645 1496 711 όν-

348 877 408 916 των
422 852 542 935 ἐφέρετο
558 847 577 916 ό
593 855 714 932 ψῆφος,
737 851 788 912 καί
803 845 904 924 όπλεῦς
920 846 1030 924 παντός
1047 855 1153 934 νεκροῦ
1170 842 1208 931 ἦν
1226 847 1246 931 ἦ
1263 852 1429 932 ἐπικειμένη
1448 855 1499 914 τοῦ

347 951 512 1034 ζητήματος
529 954 611 1029 λέξις.
653 947 758 1014 Ὁπότε
774 950 805 1014 δὲ
822 951 914 1034 λέγει,
943 947 1020 1014 Ἐοίν
1036 948 1152 1033 δψηταί
1172 977 1217 1026 τις
1234 959 1287 1016 τοῦ
1305 959 1428 1033 νεκροῦ,
1452 953 1499 1017 έπλ

347 1055 400 1119 ἐνα
415 1051 480 1118 τινό
499 1055 582 1134 φέρει
597 1049 650 1134 τήν
664 1048 799 1136 όγωγήν,
822 1053 899 1133 φημί
916 1052 948 1117 δέ
963 1055 1011 1117 ἐπί
1034 1051 1087 1118 τόν
1102 1051 1209 1137 κόριον
1215 1103 1224 1132 ,
1247 1050 1289 1129 οίς
1302 1051 1365 1120 όνω
1381 1079 1432 1135 μοι
1456 1057 1499 1118 δε·

347 1152 484 1238 δήλωται.
518 1153 628 1239 Ἔλεγε
642 1154 675 1218 δέ
692 1159 779 1218 τοῦτο
795 1155 1016 1238 αἰνιγματωδῶς
1031 1152 1049 1220 ό
1063 1153 1169 1236 νόμος,
1192 1152 1243 1219 διό
1259 1152 1330 1230 τοῦς
1346 1157 1500 1236 μέλλοντας

346 1266 445 1342 χεῖρας
471 1254 636 1342 ἐπιβάλλειν
661 1256 710 1320 ἐπί
739 1252 791 1319 τόν
818 1253 961 1341 Χριστόν,
992 1258 1043 1320 καί
1068 1263 1186 1344 σταυρῷ
1211 1260 1424 1339 παραδιδόναι,
1455 1256 1499 1322 ότι

345 1363 444 1443 χρείαν
462 1355 539 1439 εἶχον
557 1349 639 1423 οῦτοι
657 1364 864 1442 καθαρισμοῦ,
894 1359 951 1432 έως
970 1355 1045 1446 δῦνη
1071 1355 1174 1434 αότοῖς
1189 1356 1210 1441 ἦ
1223 1357 1334 1445 ἡμέρα,
1357 1360 1407 1424 κἀλ
1430 1357 1498 1422 όνα-

346 1465 424 1541 τείλη
441 1457 543 1535 αῦτυίς
560 1457 629 1524 ἄλλο
643 1465 724 1540 φῶς,
747 1457 797 1522 διό
815 1465 868 1523 τοῦ
887 1463 1088 1542 βαπτίσματος
1101 1467 1155 1526 τοῦ
1174 1459 1284 1537 ῦδατος
1300 1467 1356 1526 τοῦ
1374 1466 1501 1544 λουτροῦ

345 1570 400 1644 τῆς
418 1565 642 1646 παλιγγενεσίας.
683 1557 736 1635 Ὡς
759 1561 808 1624 καλ
830 1563 1025 1646 ἐπιμαρτυρεῖ
1046 1587 1096 1642 μοι
1119 1563 1251 1626 ἐνταῦθα
1275 1563 1391 1644 Πέτρος
1408 1565 1501 1646 λέγων

345 1673 410 1740 τοῖς
425 1661 622 1748 Ἰσραηλίταις
640 1664 672 1727 ἐν
684 1659 917 1746 Ἰεροσολύμοις,
945 1672 1008 1738 τοῖς
1031 1665 1166 1748 λέγουσιν
1189 1661 1285 1752 αότρῑ,
1319 1669 1355 1729 Τί
1370 1663 1500 1747 ποιήσω·

347 1792 415 1850 μενς
445 1763 497 1831 διό
520 1762 554 1830 τό
579 1764 727 1848 εἰρηκέναι
750 1761 841 1828 αῦτδν
867 1761 970 1840 αὐτοῖς
994 1763 1055 1843 ότι,
1090 1773 1204 1831 Τοῦτον
1226 1762 1278 1830 τόν
1300 1763 1435 1848 Ἰησοῦν,
1465 1763 1502 1830 δν

345 1866 430 1950 ῦμεῖς
453 1864 662 1950 ἐσταυρώσατε.
708 1867 768 1930 Καὶ
793 1876 981 1950 κατανυγεῑσι
1006 1865 1060 1948 τήν
1082 1871 1208 1950 καρδίαν
1234 1863 1312 1945 είπε,
1342 1866 1500 1949 Μετανοή·

345 1992 430 2049 σατε,
451 1971 501 2034 καλ
520 1965 712 2051 βαπτισθήτω
730 1970 851 2043 ἕκαστος
868 1969 899 2033 ἐν
912 1975 954 2056 τῷ
972 1967 1096 2051 όνόματι
1110 1965 1214 2050 Ἰησοῦ
1233 1975 1363 2053 Χριστοῦ
1377 1976 1433 2034 τοῦ
1448 1995 1501 2033 κυ-

346 2076 414 2157 ρίου
428 2068 526 2154 ἡμῶν,
548 2067 815 2152 καίοίφεθησουται
835 2067 906 2150 ῦμῖν
925 2074 959 2134 αί
975 2067 1129 2152 α’μαρτίαι,
1151 2073 1201 2135 καλ
1220 2069 1354 2152 λήψεσθε
1370 2069 1426 2152 τὴν
1445 2073 1500 2134 δω·

346 2173 416 2259 ρεοίν
432 2180 486 2238 τοῦ
503 2168 589 2257 όγίου
606 2169 779 2252 πνεύματος.
825 2169 870 2235 Οῦ
884 2173 952 2256 περί
968 2179 1074 2256 νεκροῦ
1088 2176 1189 2236 τοίνυν
1206 2173 1279 2256 λέγει
1295 2169 1314 2236 ό
1329 2170 1428 2254 νόμος.
1462 2173 1503 2234 Εί

346 2276 378 2340 δέ
395 2276 448 2340 καί
469 2275 537 2358 περί
554 2279 662 2357 νεκροῦ
686 2270 775 2337 όίλλου
792 2269 964 2355 ὁριζομένου
980 2275 1055 2358 λέγει
1072 2271 1090 2338 ό
1104 2272 1212 2356 νόμος,
1235 2272 1329 2349 όίλλως
1343 2277 1501 2339 ἐκδίδοται.

345 2379 434 2463 Λέγει
456 2373 511 2462 γόρ
528 2376 589 2454 ὅτι,
619 2371 696 2439 Ἐιίν
718 2375 855 2463 παρέλθη
881 2375 1000 2460 νεκρός,
1030 2381 1158 2439 κλείσατε
1180 2374 1234 2450 τός
1251 2375 1350 2458 θύρας
1374 2379 1427 2440 καί
1450 2373 1504 2449 τός

344 2483 475 2562 θυρίδας
490 2475 590 2558 ῦμῦν,
611 2479 661 2541 ἵνα
675 2475 716 2559 μὴ
731 2483 868 2566 μολυνθῇ
885 2473 1012 2552 δοίκος·
1036 2474 1102 2552 ιόςελ
1117 2479 1194 2562 ἔλεγε
1210 2479 1277 2561 περί
1296 2476 1390 2559 υίκοῆς
1405 2476 1501 2560 ἆμαρ·

343 2585 424 2659 τίας,
447 2579 493 2645 ὅτι
508 2577 560 2643 ἐόν
576 2575 707 2667 όκοῦσής
726 2577 831 2661 φωνὴν
847 2586 901 2660 τῆς
924 2576 1084 2660 όμαρτίας,
1114 2575 1230 2662 ἢείδος
1248 2578 1503 2661 παραπτώματος,

343 2689 458 2746 κλεῖσον
477 2677 531 2745 τόν
546 2676 708 2761 όφθαλμόν
725 2702 779 2745 σου
802 2678 861 2744 όπδ
880 2683 1061 2762 ἐπιθυμίας,
1092 2682 1144 2746 καί
1167 2679 1201 2746 τό
1217 2679 1311 2762 στόμα
1330 2678 1390 2747 όπό
1412 2707 1506 2747 κατισ-

343 2787 458 2867 λογίας,
480 2783 532 2846 καί
551 2779 584 2846 τό
603 2773 656 2856 οῦς
678 2777 738 2846 όπό
754 2779 916 2864 ἒνηγήσεως
937 2789 1086 2868 πονηρᾶς,
1108 2785 1158 2848 ἵνα
1182 2781 1224 2864 μὴ
1240 2791 1379 2872 νεκρωθῇ
1396 2779 1507 2859 ῦλοςό

343 2881 439 2963 οίιιος,
461 2885 609 2949 τουτέστιν
635 2879 754 2966 ἡψυχὴ
779 2886 831 2947 καί
854 2882 888 2948 τό
908 2891 1001 2966 σῶμα.
1046 2882 1102 2949 Διό
1119 2886 1171 2950 καί
1188 2882 1377 2969 όπροφὴτης
1394 2888 1506 2970 ἔλεγεν,

342 2983 419 3050 Ἐόν
434 2982 530 3074 όναβῇ
546 2982 681 3059 θόνατος
700 2982 750 3049 διοί
773 2992 831 3050 τοῖν
846 2989 996 3070 θυρίδων·
1023 2984 1129 3052 καλοῦ
1145 2985 1264 3063 πάντως
1279 2989 1348 3072 περὶ
1363 2994 1428 3052 τιῦν
1446 2997 1506 3052 θυ-

344 3093 435 3174 ρίδων
458 3085 572 3152 τούτων
587 3087 668 3171 λέγει.
705 3083 751 3150 Ἦ
769 3084 824 3172 γόρ
849 3091 1010 3164 κλείσαντες
1034 3087 1088 3163 τός
1109 3093 1238 3172 θυρίδας
1255 3086 1324 3154 οῦδέ
1337 3113 1413 3154 ποτε
1429 3086 1509 3154 οίπο-

342 3199 446 3258 θανεῖν
462 3193 584 3272 είχομεν.
630 3192 755 3273 Θυρίδες
770 3189 803 3253 δέ
818 3185 889 3271 ἡμῖν
904 3186 1071 3272 ῦποίργουσι
1084 3188 1121 3255 τοί
1134 3198 1188 3255 τοῦ
1202 3189 1337 3272 σοίματος
1354 3189 1508 3273 αἰσθητή·

342 3319 409 3379 ρια,
431 3292 559 3374 βλέμμα,
583 3287 672 3372 οίκοῆ,
693 3291 745 3356 καί
765 3275 800 3354 τό
818 3289 904 3370 ἄλλα,
925 3289 963 3356 δι’
979 3285 1021 3356 τόν
1034 3291 1168 3368 θοίνατος
1185 3295 1227 3367 είς
1242 3289 1321 3374 ’ἡμᾶς
1335 3291 1510 3377 είςιτορεῦε·

260 3451 266 3464 ,
305 3451 310 3462 .
341 3421 403 3474 ται,
436 3397 464 3459 εί
487 3390 524 3457 δι’
547 3389 647 3456 αῦτεόν
675 3389 897 3474 δμαρτήσωμεν.
947 3391 1142 3472 Ἐυεταφίασε
1170 3401 1243 3478 γοῦν
1266 3391 1285 3459 δ
1312 3391 1429 3477 Ἰωσὴφ
1455 3393 1512 3461 τόν

340 3494 477 3579 Ἰσραὴλ,
500 3497 551 3559 καί
568 3491 623 3560 οῦκ
646 3492 834 3576 ἐβδελῦξατο,
862 3497 912 3559 καλ
932 3493 1002 3578 μετδ
1020 3495 1155 3561 θοίνατον
1176 3494 1324 3561 ἐπιπεσόν
1340 3498 1392 3560 ἐπὶ
1411 3497 1511 3582 πρός·

343 3621 426 3660 ωπον
447 3601 636 3678 κατεφίλησε,
665 3598 717 3660 καί
743 3592 781 3661 οῦ
803 3598 964 3681 γέγραπται
985 3599 1031 3663 ότι
1054 3597 1208 3675 έλοῦσοιτο,
1238 3601 1288 3663 ἵνα
1311 3607 1512 3688 καθαρισθῇ.

341 3690 558 3776 Ἐνεταφίασαν
575 3703 607 3764 οἱ
628 3695 760 3783 όίγγελοι,
791 3695 833 3772 οίς
850 3696 872 3781 ἦ
887 3701 929 3774 είς
946 3697 1025 3781 ἡμᾶς
1043 3703 1173 3766 ἐλθοῦσα
1190 3697 1354 3782 παράδοσις
1368 3702 1452 3782 ἔχει,
1477 3698 1512 3766 τό

341 3803 426 3877 σῶμα
441 3803 599 3876 Μωῦσέοις
612 3807 667 3866 τοῦ
684 3797 781 3884 όγίου,
805 3801 855 3864 καλ
873 3799 929 3865 οῦκ
948 3801 1141 3881 4ἐλοόσαντο,
1169 3799 1227 3866 όλλ’
1244 3799 1312 3866 οῦτε
1331 3803 1514 3886 ἐκοινιόθη-

341 3917 397 3962 σαν
418 3901 449 3963 οί
469 3897 582 3984 όὶγγελοι
604 3899 664 3966 όπδ
685 3908 741 3967 τοῦ
762 3899 850 3986 ἆγίου
872 3901 1015 3984 σοι’ματος.

300 4013 316 4067 ’,
437 4000 499 4063 Καί
531 4001 613 4064 δέδια
641 4003 731 4069 πόλιν
759 4002 801 4087 μή
835 4007 877 4078 είς
915 4007 996 4080 τέλος
1029 4003 1122 4070 ἐλοίσω
1159 4003 1213 4088 τήν
1243 4010 1297 4070 τοῦ
1333 4004 1516 4088 ζητήματος

339 4104 480 4168 ἐπίλυσιν.
532 4098 598 4180 Ἀφ’
628 4104 694 4180 ἑνός
725 4105 758 4170 δὲ
791 4103 812 4188 ἢ
846 4108 986 4190 δευτέρου
1014 4105 1105 4192 λόγου
1136 4105 1297 4189 δοθήσεται
1328 4113 1370 4194 τῷ
1413 4117 1515 4198 σοφῷ

338 4209 522 4286 σοφισθῆναι
552 4205 585 4268 ἐν
610 4209 704 4291 κυρίη)
724 4205 799 4273 κατιί
825 4205 899 4274 ιτόν
921 4207 958 4273 δι’
979 4211 1119 4284 ἐναντίας.
1164 4212 1207 4273 Εἰ
1225 4208 1257 4273 δέ
1276 4209 1327 4273 καλ
1352 4213 1431 4294 περί
1456 4219 1516 4277 τοῦ

372 4389 396 4444 4.
414 4389 548 4448 ἐλούσαντο
564 4392 724 4456 τοδίλλιιδίς.
757 4395 899 4460 ιἰιλςοέλό·
932 4401 1010 4450 λαυίιιε
1029 4383 1161 4460 sufflatus
1184 4405 1217 4450 ιιι
1231 4399 1289 4452 τῶι.
1326 4401 1376 4450 Non
1396 4404 1518 4454 absimili

338 4475 420 4512 σαντα.
932 4469 1002 4516 modo
1021 4470 1215 4529 μσιιεμοσίλιοιιειπ
1240 4465 1305 4519 κατὰ
1322 4481 1376 4516 cum
1402 4483 1518 4520 accusa·

373 4526 430 4578 Οιε.
447 4531 481 4582 V.
496 4559 529 4570 —
555 4532 577 4583 ί.
593 4530 636 4584 τόν
653 4533 724 4582 intell.
740 4528 820 4598 λόγου.
851 4536 895 4584 Ρι-
929 4537 977 4585 tivo
992 4549 1050 4586 σοιν
1064 4540 1203 4596 usurpatam
1219 4536 1423 4597 depromamus
1443 4541 1516 4589 λιαετ.
