3072 4986
255 289 295 352 28
676 297 795 350 εκαοτι
815 297 983 350 εειειιεαιι

123 435 188 502 Κεφ,
207 433 238 504 γ’,
331 413 428 480 Ἔστω
453 415 484 480 δὲ
507 411 526 480 ό
548 411 659 490 σκοπός
686 411 796 478 ιποιντλ
822 419 863 502 τῷ
889 411 1093 498 ἐντυγχάνοντι
1120 417 1188 499 περί
1212 412 1325 492 παντός
1351 421 1411 480 τοῦ

253 515 431 601 ζητήματος,
455 513 523 592 ’ῶς
547 523 606 581 τῶν
628 522 742 600 καιρῶν
763 517 824 580 ἐστι
845 516 895 579 καί
914 513 1028 600 χρόνων
1049 513 1085 578 τά
1112 514 1328 602 8έφευρήματα
1349 513 1410 582 όσα

254 617 397 703 ήθυνήθη
418 615 437 685 ό
459 616 589 702 4μικρός
617 614 704 700 ήμῶν
725 623 797 693 νοῦς
822 619 996 700 ἐξασκηθελς
1021 619 1257 701 καταλαβέσθαι,
1289 619 1339 684 καὶ
1368 616 1409 683 οῦ

255 719 373 797 πάντως
396 746 456 786 που
477 718 713 806 ἐπαγγελλόμεθα
731 716 852 784 πάντων
872 726 932 784 τῶν
950 722 982 784 ἐν
1001 726 1042 807 τῷ
1064 717 1175 809 κόσμῳ.
1210 718 1331 802 ’Λφατα
1347 719 1409 806 γάρ

256 826 317 888 έστι
330 825 382 888 καί
398 820 494 904 φατά,
517 819 658 904 ἀμύθητά
675 845 706 885 τε
726 822 777 886 καί
798 821 830 885 έν
844 818 966 910 ἀριθμῷ
986 819 1051 904 ὅμή
1076 821 1321 905 6καθιστάμενα,
1342 825 1408 902 καλ,

256 925 328 991 ὅσον
345 926 398 1008 μὲν
417 926 458 999 είς
479 921 661 1008 ἀνθρῶπους
683 915 769 1005 ήκεν,
793 918 952 1003 ἀνέφικτα,
974 921 1057 1010 μόνφ
1078 925 1111 989 δέ
1126 931 1166 1012 τῷ
1185 931 1246 991 τῶν
1262 923 1340 990 ὅλων
1360 926 1410 990 θε-

256 1026 352 1116 σπότη
373 1023 583 1112 γινωσκόμενα.
632 1022 671 1091 Τό
691 1024 722 1090 δέ
746 1021 911 1110 ἐπάγγελμα
928 1027 985 1107 ἐχει
1006 1026 1073 1111 περλ
1093 1029 1241 1109 διαφορᾶς
1260 1030 1355 1104 δοξῶν
1375 1051 1411 1092 τε

255 1130 307 1195 καί
326 1126 477 1214 γνῶσεων,
504 1124 728 1212 ἐπαγγελμάτων
748 1152 778 1191 τε
799 1131 923 1202 πίστεως
943 1129 1001 1192 ’ἐκ
1017 1134 1095 1192 θεοῦ
1118 1129 1169 1194 καλ
1189 1124 1340 1208 ἀπιστίας,
1362 1131 1411 1196 αλ·

255 1228 363 1315 ρέσεάν
379 1231 476 1294 τεκαὶ
493 1227 660 1306 κακοόόξου
680 1227 800 1315 γνῶμης
818 1225 1008 1311 ἀνθρωπείας
1024 1226 1085 1295 ῦπό
1104 1231 1334 1312 πεπλανημένων
1356 1256 1407 1295 αν-

255 1335 334 1416 θρῶν
351 1333 383 1396 ἐν
399 1329 501 1420 κόσμφ
522 1331 719 1417 ἐσπαρμένης,
742 1328 820 1408 ἐξότε
838 1328 1001 1414 άνθρωπος
1021 1333 1070 1397 ἐπί
1088 1339 1144 1418 γῆς
1162 1334 1323 1398 πέπλασται
1340 1329 1409 1418 ἀχρι

253 1441 307 1500 τοῦ
324 1429 466 1516 ήμετέρου
479 1431 601 1516 χρόνον,
617 1433 746 1498 τουτέστι
762 1436 908 1516 βασιλείας
929 1440 942 1478 ⁸
956 1430 1198 1501 Οόαλεντινιανοῦ
1212 1434 1263 1499 καλ
1281 1430 1410 1499 Οῦάλεν-

254 1561 305 1611 τος
321 1531 478 1600 ἑνδεκάτου
493 1537 589 1613 έτους,
610 1535 661 1600 καὶ
676 1541 705 1598 Γ
700 1541 849 1618 ρατιανοῦ.
882 1541 948 1598 Τῶν
963 1535 995 1600 δὲ
1012 1531 1065 1617 ἀφ’
1082 1531 1168 1618 ήμῶν
1185 1533 1346 1618 μελλόντων
1364 1539 1410 1612 είς

254 1643 364 1722 γνῶσιν
376 1642 435 1700 τῶν
449 1634 684 1722 ἐντυγχανόντων
697 1634 782 1718 ήκειν
800 1633 940 1718 αίρέσεῶν
953 1661 983 1700 τε
997 1639 1049 1702 καλ
1063 1644 1123 1702 τῶν
1145 1635 1283 1704 ἀνωτάτω
1301 1633 1337 1702 τά
1352 1637 1410 1719 μέν

255 1740 288 1804 ἐκ
315 1742 513 1819 φιλομαθείας
536 1741 634 1820 ίσμεν,
662 1735 698 1803 τά
721 1738 752 1803 δέ
770 1739 800 1815 ἐξ
821 1735 914 1821 ἀκοῆς
935 1737 1166 1822 κατειλήφαμεν,
1193 1749 1256 1815 τοῖς
1278 1740 1310 1804 δέ
1331 1760 1410 1804 τισιν

256 1843 344 1914 ίθίοις
360 1837 413 1905 ῶσί
434 1842 484 1905 καλ
502 1837 673 1922 όφθαλμοῖς
687 1838 900 1924 παρετῦχομεν,
921 1841 972 1906 καί
989 1848 1047 1906 τῶν
1065 1841 1118 1922 μέν
1134 1839 1187 1917 τάς
1205 1845 1286 1926 ῥίζας
1302 1843 1354 1906 καί
1368 1839 1410 1906 τά

255 1939 419 2027 διδάγματα
440 1943 470 2018 ἐξ
490 1939 633 2026 ἀκριβοῦς
653 1945 823 2026 ἐπαγγελίας
837 1940 1003 2008 ἀποδοῦναι
1020 1941 1269 2026 πεπιστεύκαμεν,
1291 1949 1351 2008 τοῖν
1372 1943 1409 2008 δέ

255 2044 345 2130 μέρος
368 2070 395 2108 τι
414 2051 474 2108 τῶν
496 2041 588 2129 θπαβ
605 2041 709 2120 αῦταῖς
733 2044 954 2128 Ιθγινομένων·
977 2047 1006 2121 ἐξ
1023 2037 1066 2109 ῶν
1089 2052 1177 2110 τοῦτο
1196 2045 1249 2127 μέν
1268 2044 1318 2110 θιά
1339 2067 1410 2110 συν-

254 2143 409 2229 ταγμάτων
431 2152 564 2210 παλαιῶν
580 2147 787 2231 συγγραφέων,
809 2147 947 2212 τοῦτοδὲ
966 2143 1004 2212 δι’
1025 2144 1117 2228 ἀκοῆς
1135 2144 1307 2232 ἀνθρώπων
1323 2144 1410 2231 ἀκρι-

154 2277 205 2320 m.
219 2265 240 2310 α
256 2251 319 2330 βῶς
340 2249 569 2332 πιστωσαμένων
593 2245 647 2330 τήν
669 2244 755 2329 ήμῶν
781 2250 901 2314 έννοιαν
923 2245 1061 2333 ἔγνωμεν.
1111 2255 1204 2314 Τοῦτο
1232 2249 1265 2316 δὲ
1289 2247 1323 2315 τό
1345 2255 1410 2313 πᾶν

255 2348 460 2435 συνηγάγομεν
476 2349 660 2432 φρόντισμα,
681 2347 718 2414 οῦ
741 2346 780 2414 δι’
799 2352 912 2416 ἑαυτῶν
932 2348 1170 2432 ἐπιβαλλόμενοι,
1198 2346 1254 2416 οῦκ
1277 2353 1408 2434 ἐνκεντρι-

255 2453 356 2533 βέντες
376 2453 558 2537 ἐπαγγελίαις
578 2447 828 2536 ῦπερβαινοόσαις
845 2449 899 2534 τήν
916 2449 1001 2534 ήμῶν
1020 2455 1223 2538 βραχυλογίαν.
1268 2454 1329 2516 Καὶ
1349 2450 1409 2537 γάρ

203 2639 206 2648 ⁴
255 2553 307 2617 καί
321 2550 415 2618 αῦτόν
433 2560 540 2620 τοῦτον
559 2550 611 2620 τόν
625 2551 729 2638 λόγον,
751 2553 786 2620 όν
803 2562 958 2619 συνθεῖναι
974 2551 1181 2637 ηὐδοκήσαμεν
1202 2561 1277 2620 θεοῦ
1298 2552 1409 2637 βουλή-

256 2675 315 2731 σει,
337 2655 367 2731 ἐξ
386 2652 503 2737 ἀνδρῶν
525 2653 755 2736 ιιφιλοκάλων,
778 2653 883 2722 ἀλλυθι
909 2653 1047 2732 ηάλλως
1063 2657 1112 2722 καὶ
1131 2654 1230 2722 ῦλλοτε
1247 2653 1340 2731 άλλως
1353 2681 1407 2720 νυ-

255 2753 369 2832 ξάντων
384 2754 438 2838 τήν
452 2753 537 2838 ήμῶν
553 2753 719 2836 ἀσθένειαν,
740 2759 790 2822 καί
806 2759 992 2840 βιασαμένων
1007 2755 1095 2840 ήμᾶς,
1118 2755 1159 2833 ῶς
1175 2760 1278 2836 εἰπεῖν,
1299 2765 1408 2842 παρελ-

255 2865 323 2922 θεῖν
346 2860 387 2934 εἰς
407 2865 510 2936 τοῦτο,
531 2854 572 2934 ῶς
595 2854 616 2940 ή
639 2855 724 2940 ἀμῶν
742 2858 875 2941 τιμιότης
895 2858 1052 2946 γράφουσα
1075 2857 1125 2923 θεά
1153 2866 1186 2906 ¹⁸
1199 2867 1407 2945 προςρητικῶν

256 2957 434 3043 γραμμάτων
453 2957 576 3042 ήτησεν,
599 2952 810 3043 ῶτιμιοότατοί
830 2987 888 3044 μου
907 2959 1031 3043 ἀδελφοί
1050 2963 1102 3027 καλ
1129 2959 1409 3042 Μφιλοκαλιότατοι

254 3057 372 3126 Ἀκάκιε
395 3061 446 3128 καί
466 3067 566 3126 Παῦλε
583 3061 849 3148 συμπρεσβῦτεροι·
871 3065 935 3130 ἐπεὶ
956 3056 1012 3128 οῦν
1029 3061 1217 3146 πανταχόθεν
1241 3060 1298 3128 οῦκ
1320 3058 1410 3127 ἀθεεὶ

262 3169 295 3208 ¹⁶
313 3163 516 3246 ιλιασκοπήσας
545 3163 597 3240 τάς
620 3162 746 3246 ψήφους
767 3173 827 3232 τῶν
848 3164 990 3248 αἰτήσεων
1014 3162 1064 3230 διά
1088 3163 1142 3247 τήν
1163 3161 1410 3249 ῦπερβάλλσυσαν

256 3271 315 3332 τῶν
334 3271 387 3330 τοῦ
403 3273 481 3332 θεοῦ
501 3265 616 3332 θοόλων
636 3264 756 3352 ἀγάπην
783 3270 897 3333 Ηείσω
918 3274 1079 3352 παρελθεῖν
1092 3271 1287 3348 κατηξίαμαι,
1310 3263 1347 3331 οῦ
1368 3265 1409 3332 δι’

255 3365 388 3444 εῦεπείας
404 3365 499 3452 λόγων
505 3419 515 3448 ,
537 3365 574 3434 οῦ
592 3366 756 3450 στωμῦλσις
771 3371 828 3434 τισί
846 3377 1012 3455 φθογγαῖς,
1035 3366 1094 3434 ἀλλ’
1102 3365 1187 3457 άπλρ
1202 3375 1237 3460 τῇ
1254 3369 1408 3457 θεαλέκτφ,

152 3635 154 3638 .
306 3593 357 3636 ειν.

122 3691 188 3759 Κεφ·
207 3688 238 3758 τ’·
256 3569 304 3654 ²³⁷
341 3675 402 3734 M
418 3677 588 3761 Νίθᾱνδοοι
604 3675 657 3757 μὶν
676 3670 694 3739 ὅ
715 3672 903 3760 σαγγραφεῦς
918 3682 1025 3760 θηρῶν
1045 3699 1076 3739 τε
1092 3676 1142 3740 καί
1157 3676 1288 3760 ἑρπετῶν
1303 3671 1410 3756 ἐποιή-

255 3793 326 3837 σατο
353 3779 414 3839 τῶν
439 3774 558 3856 φῦσεων
585 3774 640 3860 τήν
663 3783 785 3862 γνῶσιν,
817 3774 897 3844 ἄλλοι
924 3777 958 3844 δέ
982 3783 1160 3863 συγγραφεῖς
1179 3779 1266 3862 ριζῶν
1295 3799 1325 3840 τε
1354 3775 1411 3840 καί

293 3979 351 4030 θεν.
366 3981 398 4030 Π.
420 4008 454 4020 ·-
489 3980 510 4032 1.
527 3983 602 4036 παντί
617 3999 662 4036 σαι
676 3987 728 4036 cod.
738 3988 815 4036 λἀκιι.
881 3981 905 4036 9.
922 3978 981 4050 παρ’
995 3975 1085 4040 αῦταῖς
1101 3985 1192 4032 ommi
1206 3984 1257 4032 τοῦ.
1272 3985 1350 4032 mi
1370 3985 1412 4032 εα-

289 4045 314 4098 2.
331 4039 371 4100 ότι
388 4049 440 4099 cod.
458 4050 512 4099 λἰα.
845 4055 930 4116 primis
951 4055 1042 4102 οταιιίατ
1061 4053 1201 4111 mmmm
1210 4086 1218 4112 ,
1240 4053 1266 4099 ιἰι
1282 4064 1328 4131 φιν
1344 4055 1413 4100 τοῖσι

265 4113 315 4198 ιθ
339 4111 505 4182 λφιυρήματα
537 4118 590 4168 τοῦ.
617 4122 689 4170 Vm&
742 4122 815 4182 ίνλμο
847 4113 905 4186 παρ’
922 4113 1015 4178 αὐτοῖς.
1051 4119 1125 4182 λνλμο
1146 4121 1229 4182 legitur
1253 4109 1289 4170 ἀπ
1313 4109 1411 4182 αῦτῆς,

250 4182 440 4318 ωφίέρόγέῖικόῦς
457 4253 508 4303 σαιλ
525 4255 577 4304 Vm.
846 4187 1091 4320 unffi-‚zhtmm
1107 4255 1158 4303 τοῦ.
1174 4255 1228 4303 Vm

290 4318 314 4369 λι.
333 4316 371 4386 μή
388 4336 436 4371 ποτε
451 4323 519 4371 habat
535 4321 586 4371 cod.
602 4323 656 4370 Ven.
884 4320 923 4372 11.
939 4317 1081 4389 φιλοκάλων
1098 4322 1149 4371 οοιλ.
1168 4323 1241 4371 Vena.
1278 4321 1351 4383 Υειίςο
1366 4335 1412 4387 φι-

290 4383 317 4437 6.
333 4385 512 4455 καθιστάμενα
529 4391 580 4440 τοῦ.
597 4389 693 4452 Rhodia.
849 4383 972 4456 λταόφων.

291 4449 314 4505 7.
332 4472 360 4508 τε
374 4455 434 4510 θεοῦ
450 4454 495 4508 καὶ
510 4450 643 4515 ἀπιατιίας
658 4457 709 4508 κοιλ
727 4459 782 4508 λιιι.
883 4456 922 4508 12.
940 4449 1021 4510 ἄλλων
1037 4459 1129 4508 votem
1142 4459 1263 4508 Ρααυιυι.

290 4519 432 4575 &Itum
452 4527 505 4576 Vm
541 4527 614 4587 λαίαν
632 4515 805 4578 Οῦαλτντινοῖ.
884 4522 923 4577 13.
945 4523 1116 4592 προφητικῶν
1142 4525 1193 4575 τοιλ
1217 4527 1269 4576 Vm.
1292 4539 1413 4591 πμοςρω-
