3078 5012
364 313 499 367 rannun
515 315 576 368 utu.
590 315 610 367 t.
629 313 710 368 nun.
724 313 768 366 tn.
785 313 883 366 naun.
894 293 975 366 xnn.
1181 301 1243 364 eor

92 434 166 500 tutis
188 433 294 498 enutio.
339 431 391 500 Sie
409 435 486 498 eninr
504 434 642 520 loquitur.
687 439 835 497 Generutr'o
852 438 920 496 bueo
936 437 1048 514 maan
1065 440 1191 515 quaml,
1216 445 1346 542 ‘lang'

90 543 205 618 ragnum
225 560 281 600 noa
302 539 416 600 dnbu'tw
432 542 468 599 εἰ.
516 533 631 620 Quibus
647 537 755 602 indieat
771 535 978 622 generationes
997 535 1061 600 illus
1077 557 1151 620 quae
1168 538 1242 601 hene
1254 527 1395 622 &inpia

92 649 317 704 antecesserant
337 661 354 704 a
376 639 432 703 deo
453 639 584 725 prodigia
606 639 729 704 coelitus
751 660 818 704 esse
842 649 1028 702 consecutas.
1074 635 1242 703 Cuiusmodi
1256 635 1395 749 fnlffiss·

91 744 266 828 praestitum
279 751 327 807 eat
339 742 374 806 ab
388 739 466 820 Elia,
490 763 555 806 oum
567 742 644 826 iguis
658 761 674 806 e
687 742 770 806 ooelo
783 742 881 828 lapsus
895 741 1038 806 sarritioia
1050 741 1240 827 consumpsit.
1256 737 1341 830 tunm,
1352 737 1398 818 ἧς]

90 843 219 932 Moyses
232 865 305 908 vero
321 864 400 908 mare
413 843 526 923 dividit,
551 865 691 930 peneusso
710 845 793 910 siliua
808 865 897 929 aquas
912 845 1002 923 ulioit,
1026 855 1113 928 atque
1130 865 1147 908 e
1162 845 1245 908 eoelo

93 969 200 1012 manna
213 946 348 1011 demittit.
379 943 464 1011 lesus
476 944 565 1012 Nave
580 947 655 1012 filius
668 948 760 1012 solem
774 947 853 1011 sistit
866 967 901 1010 au
915 947 1022 1012 lunam.
1055 944 1140 1012 Unde
1154 967 1245 1031 quun-

94 1049 204 1115 tumuis
226 1071 300 1135 quae
323 1049 432 1135 soripta
453 1060 521 1114 sunt
542 1050 685 1136 impostor
704 1049 883 1130 dissimulet,
915 1048 986 1113 nibil
1004 1049 1120 1114 veritati
1137 1070 1244 1114 uouere

93 1153 219 1239 poterit,
243 1154 296 1217 sed
317 1152 355 1216 ab
377 1173 411 1216 ea
433 1173 466 1218 se
488 1151 581 1238 magis
603 1152 753 1218 alienabit.

182 1353 284 1442 Sobel.
302 1355 423 1423 XXVI.
457 1355 518 1422 Pro
531 1379 568 1422 eo
583 1358 659 1443 quod
671 1369 719 1423 est
730 1363 896 1422 Prueun'tdr
911 1363 959 1421 der'
969 1362 1113 1434 abdr‘oa'utn,
1137 1359 1246 1423 reseri-
1258 1371 1352 1430 tanain,
1365 1374 1397 1419 aa.

95 1471 212 1547 pserat,
235 1466 400 1524 haerentis
421 1464 469 1522 dai
486 1466 665 1524 uooub'onern.

181 1561 284 1628 llelnt.
300 1560 422 1628 XXVI.
457 1560 534 1646 Quid
559 1563 703 1648 estquod
725 1565 761 1628 ad
785 1573 814 1628 te
838 1564 1030 1630 refellendum
1051 1585 1109 1628 non
1131 1564 1247 1629 valenti

95 1677 149 1732 aut
161 1666 237 1730 uude
253 1687 311 1730 nou
325 1667 436 1730 aroeesi
452 1677 555 1730 eontra
569 1675 598 1730 te
613 1665 810 1732 testimonium
825 1669 932 1752 quenti
973 1665 1073 1731 Prima
1089 1666 1165 1730 euim
1181 1687 1245 1731 oum

95 1769 310 1855 posterioribus
328 1767 530 1848 oousendunt,
562 1778 594 1832 ut
609 1769 754 1832 scelerata
770 1769 819 1834 illa
837 1781 886 1834 tna
904 1770 1095 1836 eonviuoutur
1113 1769 1245 1834 andacia.

98 1868 176 1937 Cum
192 1871 271 1936 enim
286 1871 367 1952 dioit,
394 1876 503 1934 Tenetis
519 1875 683 1934 buda'tabnae
698 1877 849 1948 seniorum,
874 1885 904 1934 et
912 1878 1076 1954 praeerunt
1089 1877 1248 1936 mabera'uor·

97 1979 173 2036 muno
188 1987 215 2036 et
230 1979 362 2037 abdabeian
374 1979 429 2050 dei,
455 1975 535 2038 diane
548 1975 636 2038 sodes
652 1996 691 2038 ex
707 1997 764 2060 qno
778 1985 908 2060 tempore
922 1975 994 2039 baeu
1007 1975 1073 2040 illos
1087 1973 1248 2039 observan-

97 2088 146 2142 tes
161 2086 281 2162 arguat,
306 2099 340 2141 au
355 2078 536 2162 quandonam
553 2078 702 2143 seniorum
718 2078 775 2143 ista
793 2077 908 2142 traditio
924 2078 1065 2162 eoeperit.
1111 2075 1248 2142 lnneuies

97 2181 232 2266 proleuto
248 2199 311 2244 eam
326 2200 401 2264 quae
415 2177 539 2246 Davidis
552 2179 721 2246 inscribitur
735 2190 800 2265 post
815 2180 938 2244 reditum
953 2199 969 2243 e
983 2178 1156 2265 Babylonia,
1176 2180 1248 2244 Aki-

97 2281 155 2348 bae
169 2303 241 2347 reru
257 2281 341 2367 paulo
358 2292 426 2346 aute
442 2280 651 2368 Babylonicum
667 2281 862 2368 captivitatem
878 2281 990 2346 initium
1009 2281 1156 2347 babuisse.
1190 2284 1248 2346 As·

97 2404 324 2450 samouaeonum
342 2405 429 2470 ponru
445 2385 629 2450 traditionem
645 2385 810 2450 Alexandri
826 2396 857 2448 et
872 2383 1011 2450 Antioebi
1028 2386 1161 2470 coepisse
1176 2395 1249 2450 tem·

99 2486 237 2574 poribus,
261 2487 346 2566 annis
360 2497 428 2552 aute
445 2483 594 2552 Christum
613 2483 711 2552 CXC.
755 2485 856 2571 ltaque
871 2487 927 2551 iarn
943 2498 1002 2550 tum
1018 2509 1070 2572 per
1085 2487 1180 2572 legem
1196 2509 1249 2551 vo·

99 2589 192 2670 eatio,
215 2610 251 2652 ao
264 2609 315 2674 per
328 2590 484 2676 propbetas
496 2601 561 2656 enat
575 2589 671 2654 oblata
688 2587 899 2668 misericordia,
925 2600 956 2654 ut
969 2589 1151 2655 oironlatoria
1165 2591 1250 2655 istius

96 2693 178 2758 ratio
200 2691 327 2756 [unditus
348 2702 510 2758 evomatur.

187 2791 288 2859 Sobol.
307 2791 445 2858 XXVll.
488 2799 543 2858 Vae
567 2797 659 2868 nobb,
694 2799 824 2877 paunmm
848 2797 1006 2877 uedp'ptoutab
1028 2799 1159 2878 eepadrru
1182 2817 1250 2877 pro-
1263 2811 1318 2856 tun.
1331 2816 1364 2860 ta.

92 2901 264 2980 plebarum,
290 2909 319 2958 et
334 2909 433 2978 putres
455 2903 544 2960 uestri
561 2902 725 2960 ororileruut
743 2901 818 2960 t'llor.

186 2997 287 3064 llelut.
302 2995 440 3064 XXVll.
472 2997 713 3086 Quandoquidem
731 3001 886 3087 propbetas
901 3021 989 3066 outae
1007 2999 1062 3065 sibi
1076 3021 1144 3066 esse
1161 2999 1252 3086 signi·

97 3105 187 3180 linat,
212 3113 359 3166 uteorum
377 3121 479 3166 neceto
495 3103 732 3168 interlectoribus
747 3105 923 3189 exprobret,
947 3115 1068 3189 apparet
1080 3103 1198 3167 minima
1216 3103 1252 3167 ab

97 3227 137 3271 eo
154 3204 268 3269 alienms
284 3203 436 3284 extitisse,
460 3205 511 3268 sed
528 3227 650 3286 servos,
663 3199 722 3291 'qui
739 3217 769 3270 et
783 3207 949 3271 aduenienti
965 3205 1006 3269 illi
1020 3206 1097 3268 viam
1114 3204 1252 3290 quodam·

96 3307 189 3374 modu
206 3306 374 3384 munierint,
392 3317 422 3370 et
435 3329 512 3372 noro
528 3318 703 3372 testamento
718 3307 884 3372 testimonio
899 3329 953 3372 suo
966 3307 1118 3391 suffragati
1131 3307 1249 3370 luerint.

98 3407 190 3493 Quod
206 3407 330 3494 Moyses
347 3407 392 3471 bis
408 3409 561 3495 praecipue
579 3409 676 3472 verbis
695 3409 857 3494 praestitit:
890 3413 1055 3490 &optatum
1071 3411 1148 3470 nobie
1161 3413 1324 3473 ammssoaue
1334 3431 1403 3485 tutu.

98 3514 176 3575 tobit
189 3515 316 3574 &aarum
330 3514 398 3572 detes
416 3533 431 3572 e
441 3513 588 3594 fioribus
605 3515 705 3572 verbra
721 3515 797 3573 riom
812 3535 864 3573 nte.
912 3509 972 3576 Sed
990 3521 1020 3574 el
1038 3521 1106 3575 unte
1123 3509 1250 3597 Moysen

97 3613 205 3692 laeob,
226 3613 291 3676 dum
307 3612 348 3677 ita
364 3612 506 3696 loquitur:
526 3619 554 3676 Ε
566 3618 704 3695 garantire,
716 3617 772 3696 fili
782 3620 823 3676 nri
837 3618 919 3688 larda,
938 3617 1099 3676 usueedt‘elt'.
1135 3619 1252 3696 nopote-
1265 3634 1393 3692 (tentae

96 3739 183 3780 soene
200 3717 367 3778 ueuudubtr'.
414 3720 478 3780 Non
495 3720 607 3799 destrae!
617 3722 750 3799 praboeps
766 3741 802 3780 en
817 3721 888 3779 ludu
904 3727 957 3778 eto.
1004 3717 1052 3779 Ao
1066 3717 1149 3801 paulo
1167 3727 1250 3802 poste

98 3826 199 3884 Donec
213 3823 306 3882 aenaim
321 3825 370 3883 oni
383 3825 505 3902 reposito
519 3831 601 3895 sunt,
626 3825 727 3902 etipse
741 3824 897 3901 erpertuta‘o
908 3823 1052 3899 gentium,
1077 3832 1106 3881 et
1117 3825 1147 3880 r'n
1162 3825 1252 3900 aprum

96 3933 202 4006 gentes
217 3925 379 4003 monne.
428 3919 519 3987 lsaias
536 3943 625 4002 vero,
649 3927 739 3997 ane,
764 3921 873 4006 inquit,
899 3925 985 4002 Vri-gu
1001 3926 1154 4002 concupiet,
1181 3919 1251 3986 llie·
1265 3941 1327 3990 ssuat.
1338 3945 1359 4001 t,
1373 3947 1404 3991 tt.

99 4026 212 4090 nemias
227 4025 315 4104 ilem,
338 4029 378 4088 Et
389 4029 469 4087 domu
484 4037 536 4099 ast,
560 4037 590 4086 et
600 4031 663 4107 parab
675 4037 825 4106 eognomt
836 4028 937 4086 r'llurn?
977 4021 1142 4103 Miebueas,
1166 4027 1207 4086 dr
1221 4036 1337 4091 luterem
1346 4047 1370 4091 tt
1384 4051 1403 4093 s.

99 4131 244 4192 Bethleem
258 4139 326 4202 are,
352 4138 383 4192 et
396 4127 481 4214 paulo
499 4137 575 4210 post,
599 4131 648 4190 Ee
662 4137 689 4190 te
703 4131 773 4189 nubi
784 4131 944 4208 egredietur
958 4131 1019 4190 dun
1032 4139 1085 4189 eto.
1132 4125 1174 4189 At
1187 4122 1252 4188 Ma·
1266 4082 1390 4156 Mm’l'

100 4227 232 4310 laubias,
264 4233 367 4293 Statim
384 4236 413 4292 r‘n
432 4233 561 4312 temptum
578 4234 670 4296 mter
685 4233 821 4292 donabus.
866 4227 944 4294 Nam
962 4231 1038 4314 qnod
1055 4227 1091 4292 ad
1109 4223 1251 4292 Davidem
1265 4250 1379 4298 moueat.

101 4343 236 4420 spectat,
268 4332 340 4396 baeu
361 4332 439 4398 iltius
464 4342 509 4397 est
531 4331 708 4419 praedictio:
739 4336 823 4395 Dabit
841 4336 968 4395 domebus
987 4335 1096 4393 domnino
1118 4351 1176 4392 meo
1194 4341 1247 4391 eto.
1263 4303 1349 4451 pastilli}

137 4553 180 4609 θ’).
197 4548 281 4625 ἅρχων
296 4557 408 4608 remum
421 4559 526 4620 prim
541 4557 635 4608 odotett
651 4557 681 4608 de
696 4557 747 4609 oud
766 4559 883 4609 Vutleuno.
