3096 4988
356 317 491 370 raanan
509 317 572 370 aas.
584 318 604 370 t.
621 317 703 370 nom,
714 317 748 368 n.
765 315 864 370 unna.
874 316 964 368 xxx.
1175 303 1231 368 am

85 435 265 504 omanem
280 437 399 502 haeresi
416 437 474 500 iarn
495 445 564 500 ante
582 435 805 521 disputavimus.
850 433 981 500 Etunac
1000 433 1095 500 ehitcr
1110 453 1147 500 en
1169 457 1235 522 pea-

84 539 274 617 strinximna‚
299 558 337 603 oe
355 541 431 622 quad
453 559 543 624 penes
557 557 793 622 unamquamque
812 538 958 600 nationem
974 557 1009 600 ac
1023 548 1134 602 sectatu
1152 560 1235 624 rene

84 643 174 722 riter,
205 641 235 705 id
256 642 281 705 si
302 643 332 706 ia
347 639 413 704 aliis
431 661 547 726 qnoque
566 651 758 718 cerneretur,
788 639 885 702 alieno
907 640 973 702 loen
990 659 1042 721 per
1059 639 1236 706 ohliriunem

84 753 342 809 commemoratum
366 755 495 828 putares.

167 845 250 932 Erga
269 845 364 910 lihion
389 843 505 908 tametsi
526 843 556 907 in
573 842 646 908 Asia
663 863 698 907 ae
714 839 828 906 Romae
847 859 979 905 ermrem
1000 859 1083 906 mum
1101 842 1235 909 dissemi-
1276 855 1338 928 cap.

86 949 220 1027 aeremt,
243 947 430 1012 nihilominus
447 947 632 1031 spinosorum
647 965 767 1008 snorum
785 943 949 1028 germinam
965 945 1170 1030 stolonumqnc
1188 967 1237 1010 ra·
1269 926 1363 982 xlm·

86 1052 165 1116 dices
190 1071 231 1114 en
249 1047 423 1114 Nahathaea
446 1059 535 1132 atque
554 1045 693 1110 Paneade
713 1046 896 1129 potissimam
916 1045 1020 1123 trahit,
1051 1065 1108 1110 nec
1127 1069 1184 1112 nea
1207 1059 1238 1113 et

86 1151 248 1218 Maehitide
263 1149 485 1236 Caohahiaqne‚
509 1150 585 1234 qnod
599 1146 778 1212 Basanitidia
797 1149 931 1232 oppidum
946 1158 993 1212 eat
1009 1159 1091 1212 trans
1105 1151 1236 1230 Adrano,

88 1267 115 1318 et
131 1255 272 1319 ininsula
289 1251 402 1339 Cypro.
450 1250 506 1316 Est
522 1250 577 1314 hoc
591 1249 648 1315 illis
663 1249 782 1332 insuper
799 1249 827 1311 in
848 1270 930 1314 more
952 1251 1094 1334 positum,
1119 1254 1237 1342 nt'adu·

88 1357 265 1422 lcsccntulcs
282 1357 357 1418 citra
377 1363 519 1418 maturam
533 1361 658 1416 nentem
673 1352 709 1415 ad
726 1352 840 1436 nuptias
857 1352 1043 1435 compellant,
1065 1353 1150 1437 idque
1161 1356 1237 1419 adeo

88 1479 105 1524 a
124 1459 274 1544 magistris
289 1467 434 1542 potestate
452 1458 540 1518 lacu.
585 1453 703 1518 llahent
715 1454 794 1516 enim
807 1455 997 1539 presbyteros
1011 1474 1083 1518 sans
1097 1475 1131 1519 ac
1149 1477 1240 1542 syna·

88 1581 181 1645 gogae
206 1561 363 1645 principes.
407 1557 486 1622 Nam
512 1575 693 1642 synagogam
721 1567 885 1618 conventus
907 1575 979 1618 auos
1004 1576 1063 1619 non
1083 1559 1239 1624 eeclesiam

90 1661 250 1740 nominant,
274 1681 309 1725 ac
321 1657 434 1724 Christi
450 1659 543 1722 solum
560 1677 666 1721 numen
681 1677 753 1742 prae
768 1676 801 1720 se
821 1659 931 1722 lerant.
962 1657 1068 1743 Neque
1082 1679 1154 1724 vern
1173 1663 1239 1726 nnis

90 1767 233 1829 duntaxat
251 1763 359 1848 nuptiis
376 1762 531 1826 affinitates
549 1759 673 1824 litterae
687 1758 885 1841 coniungunt,
909 1761 961 1824 aed
976 1762 1001 1824 si
1017 1762 1063 1825 cni
1081 1761 1238 1826 divortium

90 1869 186 1930 iecere
202 1865 337 1942 libuerit,
363 1885 398 1927 an
412 1883 519 1928 noram
537 1861 612 1924 inire
631 1861 858 1937 matrimonium,
882 1862 917 1925 ad
934 1863 1037 1926 tertias
1052 1873 1083 1928 et
1099 1865 1239 1948 septimus

90 1989 182 2052 usgue
199 1967 314 2051 nuptias
329 1965 510 2050 permittunt.
540 1961 665 2046 Quidvis
681 1961 758 2025 enim
775 1961 848 2045 apud
865 1963 931 2026 illos
949 1983 1038 2046 agere
1055 1966 1237 2030 conceditur.

89 2065 184 2134 Porro
205 2070 384 2132 Ahraamum
401 2077 431 2130 et
448 2063 576 2129 isaacum
596 2086 631 2128 ac
651 2061 801 2141 laeohum,
823 2075 855 2127 et
870 2061 1017 2150 Moysen,
1039 2075 1126 2151 atque
1142 2068 1240 2130 Aaro-

91 2191 155 2234 nem
174 2169 348 2246 admittunt,
372 2188 428 2232 nnn
443 2187 509 2232 eam
526 2164 611 2245 lesu,
635 2166 682 2249 qai
701 2161 817 2250 Moysis
836 2168 980 2230 duntaxat
996 2187 1164 2245 successor,
1187 2189 1241 2232 ue·

92 2295 146 2359 qne
163 2272 318 2358 quicquam
336 2269 458 2354 amplius
477 2270 576 2332 luerit.
622 2265 789 2332 Secundum
808 2268 861 2331 hos
880 2270 988 2332 nullum
1004 2269 1091 2332 alium
1112 2289 1151 2332 es
1173 2291 1241 2355 pro·

93 2377 184 2460 phetis
201 2373 380 2450 adsciscunt,
403 2371 454 2435 sad
471 2392 535 2434 cum
552 2371 741 2436 execratione
759 2371 945 2455 proscribunt
958 2389 994 2433 ac
1007 2370 1152 2447 derident,
1173 2382 1241 2455 puta

95 2477 236 2542 llaritlesa
254 2486 286 2537 et
298 2471 487 2538 Salomonem
505 2483 593 2557 atque
611 2471 729 2549 isaiam,
754 2471 946 2548 Hieremiam,
971 2469 1137 2549 Danielem,
1161 2471 1240 2538 Eze-

94 2579 233 2656 chielem,
258 2575 428 2660 quibuscum
447 2573 541 2640 Elium
562 2587 648 2659 atquc
665 2571 813 2638 Elisreum
832 2571 995 2656 repudiant.
1039 2571 1145 2658 Neque
1162 2575 1240 2640 enim

93 2681 206 2744 illorum
226 2678 375 2742 vaticiniis
393 2676 611 2753 assentiuntur,
641 2677 693 2740 sed
716 2677 752 2739 iia
774 2675 1050 2738 maledicentissima
1067 2678 1239 2760 detrahunt;

93 2786 141 2847 aed
159 2801 259 2866 neque
276 2779 354 2844 eliud
380 2791 496 2865 praeter
515 2777 698 2864 evangelium
722 2777 878 2862 recipiunt.
920 2773 1009 2858 Quod
1033 2778 1069 2840 ad
1092 2775 1242 2844 Christum

94 2894 223 2970 speetu,
252 2881 388 2945 veritatis
412 2881 488 2944 hunc
515 2901 582 2945 ease
605 2880 774 2966 prophetem
796 2879 944 2956 sentiunt,
974 2887 1006 2942 et
1023 2875 1171 2944 Christum
1195 2884 1243 2948 dei

94 2985 180 3050 hlium
198 2985 408 3071 progressione
425 2983 548 3068 quadam
564 2981 680 3046 virtutis
694 2993 727 3044 et
743 2981 949 3044 coniunctione
964 2999 1029 3044 cum
1048 2983 1102 3046 deu
1120 2984 1240 3063 lactum,

96 3100 240 3172 quatenns
265 3083 457 3149 mechlinia
482 3085 678 3168 coelestiaque
697 3093 854 3166 provectas
881 3092 938 3146 est.
983 3079 1147 3168 Prophetas
1168 3105 1242 3148 vera

96 3188 328 3264 conseruatis,
360 3188 411 3250 sed
435 3186 645 3270 intelligentiae
666 3205 733 3248 esso
756 3185 912 3269 prophetas
935 3183 1124 3248 arbitrantur.
1168 3183 1243 3248 Pro-

95 3289 160 3356 inde
176 3287 276 3353 lesum
296 3290 389 3353 oolam
410 3287 580 3372 prophetam
599 3296 630 3349 et
643 3285 808 3362 hominem,
833 3287 937 3370 deique
955 3285 1042 3348 lilium
1066 3305 1149 3363 ease,
1174 3287 1243 3350 licet

95 3411 193 3456 means
215 3391 301 3454 hnmn
323 3391 378 3470 ait,
408 3401 440 3453 nt
463 3390 519 3452 inm
544 3388 682 3452 diximus.
727 3385 787 3469 Qui
808 3389 847 3449 oh
870 3385 1019 3470 egregiam
1038 3386 1173 3450 virtutem
1196 3387 1243 3451 dei

95 3493 169 3558 ilios
196 3493 336 3576 appellari
363 3491 515 3556 meruerit.
560 3489 666 3574 Neque
692 3508 765 3552 vero
781 3485 897 3572 Moysis
914 3485 1143 3550 pentateuchum
1167 3490 1242 3552 inte-

95 3615 174 3678 grant
197 3593 370 3671 admittunt,
403 3595 455 3656 sed
478 3593 617 3678 quaedam
643 3592 733 3654 verha
752 3589 1005 3654 circumscribunt.
1051 3585 1184 3669 Quodsi
1206 3593 1242 3654 dc

96 3715 146 3760 ern
159 3697 356 3758 caimetarum
377 3694 446 3758 illud
459 3693 599 3769 obiicias,
623 3713 676 3758 cnr
691 3693 857 3756 Ahraamus
872 3691 994 3755 vitulam
1014 3711 1078 3754 eum
1098 3690 1174 3755 lacte
1190 3711 1242 3756 nn·

96 3799 168 3880 gelia
188 3797 378 3881 adposuerit,
406 3808 457 3859 ant
477 3815 529 3859 eur
544 3793 679 3860 Nndmus
702 3793 751 3856 illa
774 3791 952 3871 comederit,
982 3802 1014 3854 et
1035 3793 1173 3858 divinitus
1196 3815 1242 3858 re·

97 3919 237 3984 sponsam
255 3899 421 3983 acceperitc
453 3901 549 3960 ilceto
570 3908 600 3959 et
621 3899 775 3958 mmrduen:
806 3893 913 3978 quidve
936 3893 1058 3978 insuper
1073 3892 1191 3960 lausans
1213 3907 1244 3962 et

97 3996 222 4063 laeohus
237 3995 407 4084 aehloyaea
422 3999 556 4062 similiter
570 3997 599 4060 in
616 3997 772 4061 solitudine
789 3995 1032 4076 sacrificaverint,
1053 4009 1141 4082 negat
1152 3997 1243 4062 Ebio-

97 4103 155 4165 nite
170 4122 205 4166 sc
222 4099 280 4164 illis
295 4102 429 4176 credere,
453 4111 500 4178 et,
522 4099 590 4184 qnid
607 4119 670 4162 nea
688 4099 792 4175 refert,
815 4095 960 4181 inquiunt,
982 4097 1032 4162 uhi
1047 4101 1139 4163 semel
1153 4121 1243 4163 evan·

97 4205 204 4287 gelinm
222 4204 341 4266 ellatmn
357 4213 420 4281 eat,
440 4221 518 4285 *qtae
540 4203 569 4264 in
592 4201 657 4284 lege
680 4203 868 4263 continentur
887 4199 1047 4264 euoluere?
1090 4198 1241 4264 lindenau

98 4305 186 4389 igitur
199 4315 285 4368 mnes
303 4323 379 4388 qnae
395 4303 433 4366 ad
450 4301 577 4388 Moysen
589 4304 824 4386 Ahraamumque
839 4303 1005 4386 pertinenti
1027 4299 1108 4366 Novi
1127 4301 1204 4364 enim
1225 4323 1242 4366 a

96 4527 162 4576 rituti
174 4525 319 4586 codidie,
336 4525 436 4576 andern
449 4525 533 4586 temnit
544 4523 660 4576 Pacuius.
695 4523 722 4574 ln
739 4523 792 4572 edtt.
808 4524 883 4586 princ.
899 4529 920 4574 et
937 4523 987 4574 end.
1001 4523 1096 4586 medio.
1113 4523 1203 4574 adsunt
