3106 4990
332 356 470 412 esuann
486 357 549 410 cro.
565 359 584 410 ι.
601 358 683 412 τοι.
697 358 741 410 ιιι.
758 357 857 410 anan.
872 357 1002 410 xxxix.
1186 348 1248 412 533

89 479 316 544 conversionem
335 501 351 542 a
367 475 487 543 Christo
506 477 650 563 repudiari
667 477 771 543 infelix
788 477 1010 557 animadvertit,
1036 501 1069 544 os
1084 481 1161 545 illico
1178 504 1248 548 oon-

89 595 135 646 ιιι
152 582 298 646 dominum
316 581 445 668 aperuit,
471 603 504 644 ac
520 580 751 645 maledicentiam
769 602 884 645 omnem
900 583 1040 646 evomuit.
1086 580 1165 667 Quin
1182 605 1246 650 eam

87 697 217 749 mentem
235 685 399 748 bominibus
416 685 532 762 iniecit,
559 695 590 747 nt
606 705 678 746 vero
696 694 863 768 contempto
878 684 933 746 deo
949 685 1035 747 alium
1052 686 1099 769 qui
1117 690 1248 771 nuspiam

86 800 171 852 esset
187 788 379 872 inquirerent.
426 785 492 850 Hoc
511 786 601 870 igitur
618 787 704 850 modo
724 783 882 850 Setbiaaos
903 786 933 848 in
956 787 1085 850 fraudem
1107 789 1248 875 impulsos

86 912 158 954 esse
173 891 363 975 undequaque
380 889 536 953 constabit.
571 885 720 973 Siquidem
736 885 845 952 Sethus
862 889 928 952 oiim
944 903 1076 953 mortuus
1091 902 1148 970 est,
1166 905 1248 957 sunt·

85 1015 146 1078 que
163 995 226 1056 eius
240 994 345 1057 aetatis
361 993 428 1055 anni
447 990 611 1077 perscripti.
658 989 735 1055 Nam
750 1013 815 1055 oum
830 1012 922 1053 annos
942 992 1067 1055 vixisset
1082 990 1141 1056 ΧΙΙ
1158 1016 1247 1080 snpra

84 1083 248 1173 DCCCC,
282 1115 321 1158 ex
340 1094 392 1158 bac
413 1093 472 1160 rita
491 1091 643 1170 discessit,
675 1093 722 1156 ubi
740 1113 831 1157 sexus
850 1094 998 1178 utriusque
1019 1095 1126 1158 biberes
1145 1119 1247 1162 susce·

83 1200 147 1285 pit,
172 1209 201 1262 ut
219 1197 325 1261 divinis
343 1195 436 1260 diteris
454 1195 597 1282 proditum
614 1206 671 1259 est.
718 1193 871 1260 Successit
886 1195 960 1280 patri
977 1197 1068 1276 fitius,
1093 1197 1177 1264 Euros
1194 1221 1246 1263 no·

83 1301 182 1379 ruine,
207 1300 254 1384 qui
272 1321 365 1364 anuos
384 1299 459 1362 vixit
476 1294 664 1376 DCCCCV‚
689 1310 719 1362 et
736 1299 816 1384 prote
833 1319 926 1362 sexus
944 1299 1095 1385 utriusque
1112 1302 1247 1366 similiter

81 1415 190 1467 auctus
205 1403 323 1466 vivendi
339 1403 425 1466 tinem
443 1402 530 1480 iecitq
554 1412 586 1464 nt
603 1403 703 1465 eadem
723 1400 771 1465 ἰΙΙι
789 1401 944 1465 verissima
961 1404 1070 1488 scripta
1088 1415 1243 1468 testantur.

173 1502 325 1589 Quaenam
344 1525 416 1587 ergo
434 1505 508 1566 ratio
528 1504 635 1589 patitur
653 1502 774 1568 Sethnm
792 1505 897 1583 istum,
930 1504 978 1589 qui
996 1517 1025 1569 et
1043 1506 1093 1569 tuo
1112 1517 1244 1593 tempore
1263 1517 1323 1588 Cap.
1338 1521 1372 1572 x

82 1619 220 1673 mortuus
242 1618 288 1671 est
311 1619 341 1672 et
362 1607 437 1670 titios
457 1607 591 1691 reliquit,
625 1607 672 1692 qni
694 1629 776 1671 suum
798 1629 912 1692 quoqne
933 1608 1010 1671 vitae
1032 1620 1146 1694 tompus
1164 1612 1245 1674 obie-

81 1719 172 1789 runt,
197 1707 346 1775 Christum
364 1729 432 1773 esse
451 1709 615 1789 dominum,
647 1709 695 1794 qui
714 1711 979 1795 repraesentandae
999 1711 1146 1775 bominum
1166 1715 1245 1778 ritae

83 1835 122 1878 ac
138 1811 242 1877 salutis
258 1812 404 1877 desiderio
421 1813 457 1876 de
473 1813 587 1896 virgine
604 1814 643 1876 sit
657 1809 755 1876 Maria
773 1821 875 1892 uatus,
899 1814 1054 1876 cumidem
1070 1829 1139 1879 ante
1158 1837 1244 1880 omne

83 1930 201 2001 tempus
217 1926 296 1979 esset
312 1937 328 1978 a
345 1925 427 2000 patre
444 1916 572 2000 genitus,
596 1915 669 2000 apud
686 1935 769 2000 quem
787 1925 926 2000 perpetuo
944 1927 1052 1994 manet,
1078 1918 1149 1980 dens
1166 1919 1241 2005 ipse,

81 2017 279 2102 Verbumqnc
296 2017 480 2082 subsistens?
510 2015 568 2100 Qui
585 2019 741 2104 postremis
757 2017 936 2103 temporibus
952 2019 1076 2082 venitin
1092 2021 1241 2100 mnndum,

83 2134 116 2186 et
138 2143 178 2184 en
202 2120 326 2204 virginis
349 2120 451 2185 matris
473 2133 558 2184 utero
577 2121 669 2184 efficta
690 2121 745 2182 sibi
767 2141 855 2184 carue
878 2131 964 2205 atque
984 2121 1159 2186 circumfusa
1183 2135 1242 2188 tutu

82 2235 235 2310 assumpta
258 2223 343 2288 simul
366 2223 462 2286 anime
484 2222 614 2286 numeris
637 2224 771 2287 omnibns
791 2225 940 2288 atsotutus
964 2225 1049 2288 homo
1072 2227 1164 2290 tactus
1183 2237 1240 2306 est,

83 2338 190 2413 postea
215 2347 287 2391 vero
313 2347 398 2409 quam
425 2325 503 2388 ritae
529 2325 612 2389 nobis
638 2326 779 2410 mysteria
806 2327 1021 2411 praedicasset,
1056 2327 1185 2391 iustitiae
1212 2329 1242 2392 in

84 2429 201 2514 agendo
216 2427 344 2492 cultores
361 2427 519 2514 discipulos
536 2427 703 2506 constituit,
730 2449 764 2490 ae
781 2438 839 2490 tum
856 2450 908 2514 per
923 2450 1006 2509 sese,
1032 2441 1091 2494 tum
1109 2451 1162 2515 per
1176 2430 1242 2496 illos

83 2533 244 2596 humanum
264 2552 357 2614 genus
377 2530 546 2616 disciplinae
564 2551 636 2594 suae
656 2531 838 2594 documentis
856 2533 972 2595 erudiit.
1017 2531 1124 2618 Neque
1144 2543 1240 2598 tamen
1346 2611 1348 2624 Ι

84 2645 136 2699 ιιι
153 2631 361 2699 Setbianorum
379 2633 428 2697 itta
444 2636 579 2719 dogmata
596 2633 728 2712 tradidit,
753 2644 802 2696 aut
820 2634 945 2720 sibiipsi
964 2632 1048 2700 Sethi
1064 2657 1169 2700 rromen
1180 2636 1241 2714 ¹im·

83 2737 201 2824 posuit3
225 2736 252 2800 id
269 2737 345 2819 quod
363 2737 475 2801 strenui
496 2737 535 2799 uti
554 2747 731 2820 nugatores,
755 2757 789 2800 ac
808 2737 889 2800 vetut
903 2738 993 2817 ebrii,
1019 2739 1242 2804 mendacissime

82 2839 267 2926 praedicant.

172 2939 283 3006 Verum
304 2963 369 3005 cum
387 2942 472 3005 bodie
490 2963 631 3006 summam
650 2943 685 3006 ad
704 2943 878 3028 paucitatem
899 2943 1030 3006 baeresis
1049 2944 1104 3006 ista
1123 2943 1242 3008 redacta

81 3047 139 3123 sit,
165 3065 225 3108 nou
243 3065 366 3108 necesso
384 3043 469 3108 babui
487 3045 616 3109 uberiori
634 3045 710 3109 ibam
731 3050 864 3110 oratione
884 3046 1037 3126 reteltere3
1062 3047 1240 3132 proindeque

83 3169 160 3233 quae
178 3149 319 3210 hactenus
333 3157 401 3210 sunt
414 3147 489 3211 dicta
505 3148 658 3211 sufficiant,
696 3145 876 3212 Praesertim
893 3149 968 3233 quod
983 3149 1098 3211 iliorum
1113 3148 1241 3211 amentia

83 3250 250 3337 expugnari
269 3249 352 3312 tacite
370 3259 482 3334 potest,
507 3271 598 3335 seque
615 3252 688 3314 adeo
704 3250 794 3335 ipsam
813 3251 961 3314 convincit
978 3271 1013 3312 ac
1032 3250 1157 3333 detegit3
1182 3272 1241 3314 oon

83 3355 178 3418 sotum
203 3353 278 3436 quod
301 3353 335 3416 ad
357 3353 497 3416 educendi
514 3349 626 3416 Christi
650 3353 792 3416 rationem
812 3351 916 3415 attinet
934 3353 1188 3438 plenissimamque
1207 3353 1242 3416 it·

83 3458 141 3521 lam
158 3454 321 3518 calumniae
338 3454 511 3534 doctrinam,
537 3475 591 3539 qua
607 3451 728 3518 Sethnm
745 3456 868 3518 eundem
884 3476 951 3518 esse
966 3477 1030 3518 cum
1047 3451 1166 3518 Christo
1181 3467 1241 3518 eta·

84 3567 171 3623 tuunt
193 3579 227 3620 ac
245 3557 478 3642 pertinacissime
497 3567 631 3635 tuentur,
662 3557 871 3621 verumetiam
895 3557 970 3641 quod
995 3558 1030 3618 de
1048 3557 1161 3622 duobus
1184 3559 1240 3624 ittts

84 3660 252 3725 bominibus
269 3669 451 3724 asseverant.
498 3657 575 3723 Nam
591 3659 616 3723 si
633 3671 747 3740 mentes
762 3659 841 3740 ittae,
865 3681 937 3744 quas
953 3654 1104 3739 Δυνάμεις
1119 3673 1238 3743 vocant,

83 3763 267 3850 superiorem
294 3763 417 3848 aliquam
444 3762 586 3847 originem
612 3773 792 3846 agnoscunt,
828 3766 957 3848 profecto
983 3783 1057 3846 quae
1087 3784 1103 3826 a
1130 3767 1239 3831 duabus

84 3877 154 3931 sunt
171 3876 273 3949 gesta,
298 3888 355 3930 non
372 3866 436 3928 sine
453 3867 540 3930 unins
558 3867 686 3946 auxilio,
712 3887 796 3949 quam
814 3865 940 3928 omnium
957 3863 1084 3930 Matrem
1103 3889 1170 3932 esse
1190 3869 1240 3930 de·

84 3971 200 4044 finiunt,
220 3970 281 4032 fieri
296 3969 451 4053 perficique
467 3978 634 4054 potuerunt.
677 3969 724 4032 Ab
740 3989 798 4032 tina
814 3968 918 4053 quippe
934 3989 1036 4033 caussa
1053 3970 1155 4034 ambae
1172 3971 1239 4034 ilinc

85 4083 199 4135 mentes
217 4073 365 4156 protectae
382 4081 467 4150 sunt,
500 4071 565 4134 sine
584 4093 641 4155 qua
659 4071 864 4135 nihilomnino
883 4092 922 4135 ex
941 4072 977 4134 iis
995 4084 1155 4157 quaesunt
1173 4094 1239 4157 pro·

84 4174 150 4238 duci
166 4173 272 4257 potuit.
319 4171 362 4238 lta
379 4173 492 4238 taudem
513 4195 547 4237 eo
566 4175 734 4238 necessario
751 4185 915 4254 recurrent,
941 4197 1027 4238 tinum
1045 4186 1076 4238 ut
1092 4175 1239 4239 dominum

84 4297 184 4341 rerum
199 4276 327 4340 omnium
344 4287 373 4340 οι
385 4287 534 4341 auctorem
546 4299 581 4341 ac
596 4279 775 4341 conditorem
790 4277 993 4341 universorum
1007 4279 1171 4354 admittant,
1190 4278 1238 4342 ubi

84 4381 175 4444 semet
200 4379 372 4465 principium
396 4381 511 4444 triricum
536 4400 602 4445 esse
625 4380 839 4466 comprobatum
869 4380 968 4444 tuerit.
1018 4379 1073 4443 His
1096 4382 1237 4445 adversus

85 4481 158 4546 banc
177 4468 315 4546 haeresin
334 4482 505 4568 disputatis,
535 4503 569 4546 ac
588 4485 728 4568 pestifero
745 4483 860 4548 illorum
876 4485 958 4552 vetut
974 4483 1102 4576 aspidum
1122 4505 1236 4558 veneno
