3110 4984
384 345 518 398 tessun
535 345 599 400 Ltts.
611 347 631 397 l.
649 348 730 400 TOM.
747 349 778 398 ll.
796 346 894 398 HAER.
908 348 993 400 XXV.
1207 341 1265 402 165

8 483 10 508 ι
107 489 160 548 per
179 487 244 548 spe:
275 469 368 528 adduc
383 467 548 548 paululum,
575 467 723 547 paululum
739 469 831 528 adduc
848 478 974 547 expecto
1021 466 1121 551 Quare
1139 470 1264 554 ipsumsi

109 567 255 632 Hebraica
278 568 369 633 rerba
393 568 512 630 totidem
534 577 566 632 ιιι
584 568 643 631 illic
666 569 803 652 leguntur
820 567 964 649 descripta
984 569 1103 654 syllabis
1124 570 1261 636 hocloco

104 658 273 734 subiiciunt.
319 667 438 755 Quippe
453 668 536 732 Tsau
554 669 650 733 iatsau
667 668 750 734 Tsau
769 670 863 734 latsau
883 672 1088 734 tribulationem
1105 695 1190 754 super
1209 680 1261 736 trr'»

109 773 275 834 bulationem
304 771 464 855 significat,
500 767 648 835 Caulacau
677 767 823 836 Cariacac
848 794 923 852 rpem
948 795 1033 854 super
1054 797 1144 855 apem,
1180 773 1260 840 Zeer

107 874 204 937 sebam
229 872 310 937 Zecr
328 872 426 936 scham
446 877 537 935 adbuc
549 877 713 954 paululum,
741 876 888 954 paululum
904 877 995 936 adduc
1014 889 1139 956 aspectu.
1188 875 1258 942 Ubi-

106 995 170 1039 uam
188 975 341 1060 igiturest
356 974 471 1038 illorum
489 977 703 1039 commentum?
747 972 803 1039 Ubi
818 974 1007 1039 vanissimum
1025 977 1094 1040 iilud
1112 978 1255 1042 somnium

8 1099 9 1106 ¹
105 1081 182 1142 ictus
208 1079 303 1141 instar
331 1077 366 1142 ab
393 1077 459 1140 istis
488 1079 678 1164 conceptum?
718 1075 803 1142 Unde
832 1076 904 1140 baec
931 1078 961 1140 in
988 1079 1095 1142 mundo
1122 1079 1258 1157 zizania?

8 1171 9 1242 l
106 1176 259 1261 Quaenam
276 1199 369 1262 genus
387 1177 441 1241 boc
459 1177 606 1242 bominum
623 1179 785 1244 necessitas
802 1180 914 1264 coligit,
938 1179 993 1244 sibi
1012 1191 1045 1243 ot
1058 1181 1254 1246 voluntarium

105 1281 227 1344 exitium
245 1280 485 1344 consciscerent?
528 1277 562 1344 Si
579 1281 655 1343 euim
673 1281 815 1345 eiusmodi
831 1281 973 1346 vocabula
992 1303 1056 1346 curn
1074 1303 1175 1346 eorum
1196 1283 1254 1346 viru

104 1383 303 1466 intelligerent
321 1383 483 1466 peruiciosa
501 1381 695 1446 ludificatione
714 1384 918 1462 detorserunt,
952 1383 1107 1448 manifeste
1124 1385 1254 1449 sibimet-

105 1484 172 1568 ipsis
187 1484 258 1547 maii
273 1496 409 1548 auctores
426 1485 560 1548 luerunt:
584 1485 629 1548 siu
646 1505 698 1570 per
709 1485 902 1568 ignorantiam
918 1505 990 1569 quae
1006 1486 1153 1550 nescirent
1167 1507 1252 1550 nsur·

8 1589 9 1594 ’
105 1587 255 1669 paverint,
281 1587 350 1651 nibil
368 1586 414 1649 bis
432 1587 499 1670 fingi
519 1597 616 1672 potest
634 1587 788 1650 infelicius.
835 1583 947 1650 Stolida
967 1587 1071 1672 quippe
1093 1598 1160 1651 sunt
1179 1588 1252 1652 baec

104 1699 187 1771 atque
208 1687 349 1767 ridicula,
381 1708 454 1772 quac
477 1688 607 1772 quisquis
630 1687 768 1752 divinitus
786 1687 967 1774 prudentiam
988 1699 1090 1752 nactus
1113 1690 1152 1753 sit
1173 1690 1251 1754 nulio

104 1791 221 1872 negotio
238 1791 401 1876 pervideat.
435 1787 585 1874 Siquidem
601 1789 756 1876 voluptatis
773 1790 865 1874 gratia
880 1811 944 1853 cunr
959 1791 1084 1876 scipsos,
1103 1801 1162 1856 turn
1178 1813 1252 1876 quos

104 1889 210 1954 babent
224 1902 388 1955 sectatores
404 1891 591 1976 perdiderant
605 1892 785 1976 penduntque
800 1891 939 1976 quotidie.
983 1890 1024 1956 Ει
1039 1893 1153 1976 quidem
1168 1913 1251 1957 erro·

103 1991 142 2054 ris
163 1993 213 2056 illc
236 1994 355 2079 spiritus
378 1993 492 2077 quidam
515 1993 641 2056 velutin
662 1993 730 2057 tibia
749 1993 833 2057 datus
856 2003 920 2072 est,
953 1995 1001 2078 qui
1017 2015 1250 2081 unumquemque
1349 2013 1351 2018 ·

102 2093 298 2180 insipientium
315 2095 461 2159 bominum
475 2094 599 2159 diversis
615 2105 716 2158 contra
731 2095 885 2159 veritatem
899 2094 1106 2180 agitationibus
1120 2119 1249 2162 commo-

103 2207 160 2260 rct.
205 2197 305 2282 Atque
322 2197 396 2260 adeo
414 2196 482 2259 tibia
502 2196 647 2283 serpentis
666 2197 788 2282 liguram
806 2196 912 2262 imitari
932 2198 1063 2277 videtur,
1095 2219 1247 2283 perquem

102 2298 192 2361 malus
207 2299 331 2362 daemon
347 2299 461 2362 locutus
477 2309 533 2378 est,
554 2310 641 2383 atque
656 2297 749 2362 Evam
765 2298 889 2384 decepit.
934 2297 981 2362 Ad
999 2300 1081 2363 cuins
1097 2301 1248 2385 exemplar

102 2419 242 2485 expressa
266 2411 294 2462 et
317 2401 352 2462 ad
372 2400 527 2464 humanum
547 2421 640 2484 genus
658 2400 833 2464 illudendum
854 2401 985 2463 coniecta
1006 2400 1076 2464 tibia
1094 2410 1150 2464 est.
1197 2399 1247 2465 Tu

100 2523 170 2566 sero
184 2511 215 2565 ct
228 2501 305 2564 iliam
320 2501 389 2565 mibi
405 2503 526 2586 effigiem
539 2502 653 2566 intuere
668 2522 751 2586 qnam
768 2503 816 2586 qui
829 2501 900 2566 tibia
915 2502 1032 2565 canitia
1049 2522 1117 2566 sese
1130 2521 1248 2588 reprae-

101 2613 205 2666 sentat.
253 2601 309 2666 Hic
327 2603 402 2666 enim
420 2625 536 2668 sursum
554 2605 657 2668 facicm
673 2603 796 2684 attollit,
818 2625 854 2667 ac
872 2605 1008 2668 deorsum
1022 2603 1161 2683 demittit,
1186 2615 1246 2668 turn
1372 2609 1377 2626 '

101 2707 134 2768 ad
150 2707 259 2769 dextra
279 2703 455 2788 sinistraque
477 2705 597 2791 perinde
619 2717 651 2769 ut
669 2705 718 2768 iiie
740 2705 845 2790 vergit.
891 2704 1006 2792 Quippe
1025 2705 1154 2771 diabolus
1174 2707 1246 2771 iiscc

100 2807 230 2890 gestibus
246 2807 355 2884 ntitur,
379 2817 411 2870 ut
428 2807 632 2871 coutumeliam
648 2807 677 2868 iu
694 2827 816 2892 superos
834 2817 979 2885 ostentet,
1004 2817 1034 2871 et
1048 2830 1122 2894 quac
1138 2811 1167 2872 in
1185 2819 1246 2874 ter·

99 2929 130 2972 ra
145 2919 216 2972 sunt
232 2908 360 2972 iuuditus
374 2919 507 2987 evertat,
530 2918 679 2992 totumque
694 2910 767 2973 adeo
786 2919 929 2974 terrarum
944 2910 1044 2974 orbern
1062 2911 1164 2976 eodem
1181 2912 1246 2976 cxi·

8 3025 9 3028 ’
99 3011 138 3074 tio
151 3011 395 3096 comprehendet,
420 3012 488 3073 duna
503 3010 608 3074 dextra
625 3009 784 3095 pariterue
800 3011 919 3076 sinistra
936 3011 1094 3098 perniciem
1109 3014 1145 3078 iis
1161 3013 1247 3076 affert

99 3113 142 3196 qui
163 3112 193 3174 iu
214 3113 280 3176 eius
299 3133 333 3176 se
352 3113 481 3176 iraudcm
502 3112 703 3190 committunt,
733 3133 768 3175 oc
786 3113 829 3176 sic
850 3125 986 3197 tanquam
1004 3114 1117 3179 musico
1135 3115 1244 3178 instru-

98 3226 194 3278 mento
216 3213 408 3277 fraudulentis
431 3213 510 3278 illius
529 3212 714 3277 sermonibus
737 3214 910 3279 afficiuntur.

180 3313 259 3382 Sunt
276 3326 305 3378 ιι
323 3315 372 3378 aiii
388 3315 504 3399 quidam
519 3335 558 3378 cn
577 3315 792 3379 baereticorum
806 3315 920 3381 illorum
938 3338 1047 3403 grege,
1079 3316 1127 3402 qui
1143 3316 1242 3381 inania
1262 3321 1320 3390 dap.
1338 3323 1370 3374 V·

98 3419 238 3502 quaedam
256 3417 374 3481 nomina
388 3417 568 3500 confingunt,
592 3416 691 3500 itaque
708 3418 822 3481 dicunt:
846 3416 935 3483 luitio
953 3419 1089 3483 tenebras
1106 3439 1141 3482 ac
1156 3437 1243 3481 rora·

96 3521 191 3603 giuem
211 3529 243 3582 et
259 3539 362 3602 aquam
380 3519 491 3597 luisse,
513 3537 588 3602 quac
606 3539 623 3579 a
639 3537 672 3581 se
688 3517 813 3584 invicem
829 3520 949 3605 spiritus
963 3519 1136 3584 secreverit.
1181 3517 1244 3584 Ve-

96 3641 156 3684 runa
171 3620 313 3685 tenebrae
327 3626 433 3683 contra
443 3619 575 3706 spiritum
590 3620 738 3684 iracundia
754 3643 790 3684 ac
802 3623 901 3686 lurore
916 3621 1046 3708 percitae
1060 3642 1175 3686 sursum
1188 3643 1244 3686 cx·

97 3733 249 3787 currentes
265 3743 330 3785 cum
348 3742 384 3784 eo
401 3741 578 3805 congressae
594 3733 676 3786 surrt.
718 3719 790 3788 lnde
806 3719 918 3788 Matrix
937 3723 1037 3788 nescio
1054 3745 1128 3810 qnae
1144 3725 1243 3810 genita

96 3823 216 3908 prodiit,
249 3844 323 3907 quae
343 3822 471 3887 eiusdem
497 3822 623 3910 Spiritus
646 3825 885 3890 cousuetudinem
905 3825 1035 3912 appetiit.
1079 3825 1130 3890 Ex
1149 3848 1244 3913 eaquc

96 3937 218 4010 quatuor
240 3924 362 3988 Aeones
385 3926 516 4011 producti
541 3935 620 3988 snut.
665 3925 713 3989 Ab
735 3927 780 3990 bis
796 3923 873 3991 XlV
895 3927 942 3989 alii
966 3929 1123 4012 procreati.
1169 3926 1241 3993 itero

96 4023 209 4090 Dextra
225 4023 429 4111 Sinistreque,
457 4047 512 4090 nec
529 4049 586 4090 non
603 4023 719 4091 Lumen
737 4049 772 4092 ac
790 4026 959 4092 Tenebrae.
1005 4029 1171 4096 Secundum
1189 4031 1243 4094 bos

96 4147 194 4190 omnes
216 4138 331 4212 turpem
353 4131 495 4212 quendam
518 4127 652 4194 Aconcnr
676 4128 784 4194 editum
806 4140 943 4209 narrant,
975 4151 1098 4220 eamque
1120 4155 1182 4196 cunr
1206 4151 1241 4195 ea

97 4250 176 4312 qnam
195 4229 281 4315 paulo
297 4239 366 4294 aute
382 4231 510 4294 diximus
525 4228 652 4296 Matricc
671 4229 797 4312 coiisse,
826 4243 855 4295 et
873 4231 909 4295 ab
928 4243 1049 4320 utroquo
1067 4235 1138 4298 deos
1154 4244 1241 4317 atque

8 4393 9 4408 ¹
96 4383 257 4434 Maced
274 4383 373 4446 lindio.
391 4387 552 4448 coaptem.
720 4383 744 4434 2.
761 4377 1034 4450 dwdlcucmdlutic.
1051 4388 1149 4449 nnontp.
1183 4381 1242 4444 rode

8 4525 9 4530 1
126 4449 227 4502 Cael.
245 4479 280 4490 -
298 4453 321 4502 1.
342 4453 406 4503 dibri
421 4455 492 4516 vulgo
508 4469 581 4520 φησι.
687 4447 807 4518 ἀγγέλους
823 4456 876 4505 libri
892 4455 955 4506 editi.
