3112 4984
347 289 595 367 enuntietur.
612 315 737 368 romu.
755 315 964 369 nusuxxvn.
1168 277 1227 370 tlt

81 433 210 499 munbi
233 433 285 518 qui
310 434 502 498 adulterinum
524 433 666 518 quoddam
689 444 720 498 ot
741 434 916 500 adscititium
939 457 1042 521 poema
1064 437 1227 516 venditant,

82 539 155 621 qnod
169 557 245 622 opus
259 533 455 600 Perlectionis
469 533 660 618 Euangeliou
674 535 848 615 inscribunt,
865 557 929 600 curn
946 557 1052 602 revera
1065 561 1123 604 non
1137 559 1228 604 evae·

80 641 204 723 pelion,
236 639 287 703 sed
310 638 420 702 doloris
441 639 481 702 sit
501 659 536 700 oc
558 638 652 702 luctus
671 638 823 723 perfectio.
870 636 1017 704 Universa
1035 639 1139 726 quippo
1157 663 1228 706 con·

80 752 282 825 summotaque
305 741 408 805 nonis
434 741 577 804 acerbitas
605 741 635 804 in
664 760 700 804 eo
725 739 829 804 diaboli
854 741 913 804 latu
939 741 1116 807 continetur.
1166 743 1228 808 Atti

79 842 275 928 Evangelinm
293 839 378 906 Euae
404 843 468 906 sine
491 842 550 906 ullo
572 843 681 926 pudore
703 842 846 906 iactitant.
892 839 954 908 Sub
977 843 1061 908 buius
1079 845 1156 908 eninr
1175 866 1228 910 no·

78 947 174 1024 nine,
207 955 309 1030 utpote
330 963 404 1029 quae
426 944 601 1027 cognitionis
623 963 730 1008 nornen
751 965 767 1008 a
789 955 927 1029 serpente
944 967 1067 1030 quocum
1085 947 1228 1011 collocuta

78 1058 132 1125 cst,
156 1047 306 1127 didicerit,
330 1045 469 1131 perfidiae
483 1066 555 1110 suae
571 1046 681 1110 semina
695 1057 877 1132 sparserunt.
923 1047 970 1111 Ac
988 1049 1227 1132 quemadmodum

79 1150 169 1230 ebrii,
202 1169 326 1234 quorum
349 1149 517 1213 inconstans
538 1147 651 1212 animus
672 1159 703 1212 et
717 1147 949 1213 inconsideratus
965 1160 1012 1214 est
1027 1171 1142 1230 sermo,
1175 1171 1227 1214 ne·

79 1273 223 1336 qusquam
241 1251 298 1314 sibi
314 1262 510 1314 consentanea
526 1249 699 1334 loquuntur,
721 1249 773 1312 sed
791 1249 864 1314 alias
879 1250 1000 1315 ridicula
1015 1253 1123 1330 verba,
1152 1251 1227 1316 alias

77 1354 223 1418 moeroris
240 1373 277 1416 ac
293 1351 402 1416 doloris
420 1352 506 1436 plena
524 1353 693 1436 proferunt,
725 1351 827 1415 eodem
847 1373 967 1436 prorsus
985 1353 1071 1418 modo
1088 1374 1156 1418 sese
1174 1354 1226 1418 ba·

77 1455 123 1519 bet
143 1455 182 1518 ab
205 1455 264 1519 illis
285 1454 492 1540 impostoribus
514 1464 578 1517 orta
604 1475 639 1516 ac
662 1464 819 1538 propagata
840 1454 980 1538 nequitia.

159 1554 222 1639 Qui
237 1557 353 1639 quidem
369 1555 483 1620 stolidis
499 1554 674 1619 testimoniis
692 1575 727 1618 ae
742 1557 814 1620 visis
829 1556 858 1619 in
878 1555 927 1621 illo
942 1578 997 1620 sno
1013 1557 1089 1642 quod
1105 1577 1174 1642 prae
1192 1577 1225 1623 se
1244 1571 1303 1642 cop.
1316 1575 1359 1627 111.

78 1661 175 1723 lerunt
194 1657 359 1743 Evangelio
379 1655 519 1722 nituntur.
565 1654 609 1720 lta
625 1658 702 1720 onim
719 1658 869 1742 inquiunts
899 1663 1225 1724 laodaomootecoa-
1338 1673 1345 1700 ¹

75 1768 218 1834 sewum,
243 1783 305 1822 curn
322 1783 386 1822 ecoe
403 1764 481 1822 mileo
493 1781 643 1838 procerum
661 1763 812 1834 homoinem,
836 1771 866 1822 et
882 1765 1008 1824 mutilum
1025 1765 1130 1824 ultim:
1162 1767 1226 1824 ritule

75 1885 165 1926 worm
181 1867 305 1926 ΜΝ·
319 1867 410 1945 metor
423 1865 560 1924 mamb:
576 1866 694 1941 propris
706 1865 797 1941 igo’tm'
808 1867 848 1923 ud
857 1867 1023 1926 amendam
1035 1869 1147 1940 accedo,
1167 1877 1225 1926 mm

76 1969 380 2028 miserrimum
394 1967 606 2026 estollooutns:
628 1967 693 2044 Ego
709 1967 909 2025 ridemsamoo
930 1977 978 2038 tu,
1002 1971 1225 2028 eonsumm-

75 2090 125 2147 με
141 2089 213 2148 ego,
240 2077 269 2127 et
285 2067 448 2147 ebriamque
462 2079 492 2127 tu
507 2087 552 2140 es,
577 2069 637 2126 illic
653 2087 705 2146 ego
719 2087 780 2127 sum
788 2110 797 2139 ,
821 2087 856 2126 ue
866 2087 920 2146 per
935 2072 1026 2128 omniu
1038 2089 1100 2130 soor
1116 2073 1225 2149 driper-

74 2191 137 2244 srrs‚·
161 2181 192 2230 et
206 2173 397 2249 sadeeuruque
410 2171 532 2230 uoluerr'e
545 2190 587 2229 me
600 2171 722 2248 colligis,
748 2189 791 2229 me
803 2189 869 2230 uero
883 2171 1040 2248 oollr'geodo
1054 2175 1224 2250 temetipsam

75 2274 197 2350 colligis.
247 2265 274 2334 0
293 2271 453 2333 doctrinam
470 2290 487 2332 a
504 2268 681 2352 nequissimo
696 2270 837 2332 doemone
856 2271 1030 2354 proiectam!
1071 2267 1224 2335 Undenam

75 2372 191 2435 bomani
212 2371 332 2455 generis
353 2370 471 2455 ingania
494 2370 651 2454 pervertit,
683 2382 713 2434 et
731 2371 766 2434 od
785 2371 1082 2458 stolidamiuimeque
1099 2393 1224 2436 conscu-

74 2485 157 2538 tanea
183 2495 201 2538 a
222 2472 315 2538 verbo
336 2472 470 2537 veritatis
492 2473 638 2558 obripuiti
678 2471 761 2536 Nibil
779 2473 855 2536 enim
875 2473 1079 2558 propemodum
1098 2473 1144 2553 ei,
1175 2475 1224 2559 qui

73 2585 170 2640 mente
192 2587 281 2659 etque
302 2575 453 2660 prudentia
477 2575 625 2658 praeditus
646 2584 708 2654 est,
741 2573 885 2658 scriptura
908 2575 955 2640 vel
979 2576 1141 2661 exemplis,
1174 2588 1224 2642 aut

74 2677 128 2740 nlla
144 2698 182 2742 re
199 2677 276 2754 olio,
301 2677 335 2740 ad
352 2697 405 2740 eos
420 2676 596 2742 relelloudos
614 2676 653 2739 uti
671 2695 793 2740 neeesse
809 2686 866 2740 est.
912 2675 1061 2760 Siquidem
1078 2690 1160 2743 recta
1175 2701 1223 2742 ra-

73 2779 111 2842 tio
135 2779 263 2844 stolidas
285 2779 399 2843 illorum
422 2779 534 2842 lobulas
557 2788 588 2842 et
608 2779 815 2842 adulteriorum
837 2799 872 2842 ac
895 2779 1066 2864 flagitiorum
1089 2779 1223 2846 libidines

74 2881 156 2946 loeile
175 2899 230 2964 per
248 2879 360 2965 seipsa
378 2879 533 2962 dignoscit.
578 2877 661 2944 liaeo
677 2880 766 2964 iqitur
781 2891 868 2965 atque
885 2879 929 2945 bis
946 2882 1050 2948 similia
1067 2883 1224 2948 commenti

73 2979 227 3058 Gnostici,
259 2983 307 3065 qni
325 3001 390 3046 eum
407 2979 525 3046 Nicolai
544 2994 625 3048 secta
644 2983 790 3046 coniuncti
810 2994 894 3062 sunt,
925 2985 1086 3048 aventato
1102 2987 1224 3050 excide·

71 3096 155 3164 mnt3
181 3103 240 3146 noc
258 3103 359 3146 eorum
378 3082 536 3160 duntaxat,
560 3085 664 3168 quibus
682 3104 813 3148 errorem
834 3098 1058 3170 persuaserunt,
1081 3087 1223 3173 deprava-

70 3197 135 3248 rant
151 3184 294 3267 ingenia,
324 3185 376 3249 sed
394 3195 424 3248 et
439 3186 554 3250 animos
570 3205 752 3270 corporaque
769 3186 879 3271 pariter
894 3188 1043 3252 adulteriis
1063 3208 1097 3253 ac
1115 3188 1222 3272 prumi-

70 3307 157 3352 sonae
181 3286 295 3352 libidini
318 3287 455 3351 servilem
476 3288 506 3350 in
531 3287 646 3351 mudum
667 3287 867 3352 subiecerunt.
912 3287 1028 3352 Etenim
1052 3309 1121 3352 suos
1143 3289 1222 3370 ipsos

68 3400 236 3456 conventus
254 3387 419 3472 multiplicis
438 3409 474 3452 ac
491 3390 647 3473 promiscui
666 3391 837 3454 concubitus
856 3390 993 3454 loeditoto
1010 3389 1220 3466 contaminant,

71 3491 117 3554 ubi
143 3503 176 3556 et
202 3491 337 3555 burnonis
361 3489 498 3554 carnibus
520 3502 551 3554 et
573 3493 745 3577 turpissimis
767 3492 902 3556 sordibus
923 3501 1094 3556 vescuntur.
1140 3487 1224 3573 Quos

70 3595 193 3657 omnino
210 3611 441 3656 commemorare
457 3613 515 3656 uon
534 3595 644 3670 audeo,
667 3594 723 3658 nisi
741 3613 787 3656 me
804 3593 899 3676 aliqua
918 3595 1042 3656 fortasse
1060 3593 1222 3658 trecassitas

68 3695 236 3780 impuleritq
268 3693 309 3756 ita
326 3713 373 3758 noe
390 3693 478 3757 animi
496 3695 551 3758 roei
571 3695 728 3758 vehemens
746 3695 859 3778 quidam
876 3695 959 3757 dolor
975 3694 1012 3757 ob
1028 3714 1063 3756 ea
1081 3715 1155 3778 quse
1172 3695 1222 3759 isti

67 3817 224 3882 perperam
242 3805 349 3878 gerunt
362 3805 481 3881 stupore
495 3797 621 3860 delixum
636 3797 756 3872 detinet,
780 3797 848 3858 illud
865 3815 1039 3880 magnopere
1055 3796 1219 3876 mirantem,

69 3910 207 3981 quotam
231 3898 263 3959 iu
287 3898 428 3962 malorum
450 3898 622 3980 gravitatem
647 3919 680 3962 no
703 3898 870 3983 profundans
894 3897 1064 3980 voraginem
1090 3898 1220 3962 diabolus

68 3997 135 4063 illos
159 3999 299 4063 immittat
321 3999 369 4083 qui
394 3999 448 4062 sibi
472 3999 579 4064 luerint
601 3999 750 4076 obsecuti,
783 4000 856 4062 eden
879 4009 1033 4062 uteorum
1055 4010 1168 4064 menites
1190 4011 1223 4063 et

68 4103 177 4181 eorda,
201 4121 324 4177 manus,
348 4122 401 4164 ora
420 4121 600 4185 corporaque
617 4101 726 4184 pariter
742 4111 828 4182 utque
844 4101 958 4163 animos
973 4101 1123 4186 inquinet,
1146 4121 1220 4183 quos

67 4203 97 4265 in
122 4203 213 4266 tastis
237 4203 368 4265 tenebris
389 4203 521 4266 irretitos
546 4211 647 4264 tenere
669 4203 805 4286 potuerit.
851 4197 911 4265 Sed
934 4201 1146 4278 illudimur,
1181 4221 1220 4264 no

67 4304 113 4367 sio
133 4315 226 4370 totam
248 4303 327 4368 illam
349 4303 578 4388 pestilentissimi
595 4303 702 4366 vetreui
723 4303 781 4366 vim
799 4303 880 4388 quasi
900 4305 992 4389 reguli
1012 4303 1160 4369 cuiusdam
1176 4302 1219 4364 la·

67 4459 171 4521 domos,
190 4461 302 4508 Petuntur
313 4459 497 4520 recepitescod.
510 4457 629 4506 lottecar.
663 4457 784 4505 emendato
807 4459 856 4507 cod.
881 4459 953 4510 lotio.
968 4450 1073 4522 lr'idopbos
1095 4451 1140 4520 ooli
1162 4456 1220 4504 sort-

103 4525 220 4578 erant.
237 4553 273 4566 —-
291 4528 315 4577 1.
332 4524 413 4590 δῆθεν
429 4521 475 4591 τήν
491 4526 585 4588 reposui
600 4537 629 4574 ca
660 4528 741 4586 ptura.
776 4526 848 4588 Vutqo
865 4527 1077 4588 sstmstmpttotter
1093 4518 1145 4587 τὴν.
