3072 4986
276 315 294 376 8
636 355 639 367 ·
669 319 837 374 nummu
854 317 1034 372 amonslo

275 443 411 525 πλησίας,
432 445 599 526 συγγνῶναι
613 434 687 522 ἡμῖν
702 435 880 523 άνθρῶποις
894 428 976 515 ούσι,
1002 435 1054 502 καί
1070 435 1143 520 μετά
1158 434 1256 502 πόνου
1272 439 1323 504 καί
1341 434 1431 522 ζήλου

276 548 384 610 δεῒκσῦ
402 541 659 626 φιλοτιμουμένοις
679 537 754 625 ύπίρ
772 542 943 621 θεοσεβείας
957 535 1167 624 άπσλογεῖσθαι
1191 535 1325 620 1Ἰησοῦ,
1356 543 1385 606 εί
1402 565 1431 605 τι

276 641 444 730 όπίρογτον
465 645 507 720 είς
527 640 599 708 αῦτδ
619 640 652 708 τδ
674 640 820 727 πανάγιον
839 642 890 705 καί
912 640 1132 723 πανσεβάσμιον
1153 637 1247 723 ὄνομα
1265 639 1432 725 θελήσσμευ

277 745 351 814 κατά
370 745 427 830 τήν
450 747 554 810 λίδίαν
568 741 694 826 δύναμιν
710 740 1013 828 ῦπεραπολογεῖσθαι,
1039 749 1094 810 τοῦ
1114 749 1192 808 θεοῦ
1208 749 1432 828 συγχωροῦντος

173 925 175 932 Α
277 848 313 914 τά
330 845 405 932 ῦπὲρ
421 846 548 929 δύναμιν
563 843 636 929 ἡμῖν
650 847 826 928 ἐκζητοῦσιν.
862 841 982 927 Ἐπειδὴ
1000 842 1038 909 δι’
1054 842 1197 928 άλήθειαν
1212 842 1284 929 ἡμῖν
1299 842 1317 910 ό
1331 843 1431 932 λόγος,

278 951 331 1016 καί
352 947 390 1014 δι’
406 945 555 1032 εάσίβειαν
577 945 599 1030 ἦ
615 951 805 1032 πραγματεία.
849 948 911 1011 Καί
930 949 972 1012 ἔτι
989 945 1197 1032 παρακλήθητε
1223 949 1300 1012 8ίᾶν
1322 950 1352 1012 εί
1369 973 1431 1014 που

278 1051 403 1140 εῦροιτε,
433 1055 528 1117 καίτοι
542 1075 575 1136 γε
592 1047 632 1132 μή
649 1051 681 1114 ἐν
696 1051 761 1114 ἔθει
775 1045 864 1124 όντας
881 1047 1070 1132 ἐπισκήπτειν
1083 1047 1164 1125 τινάς
1179 1047 1200 1132 ἢ
1216 1051 1430 1132 ἕπτσκωμματί-

277 1160 350 1233 ζειν,
379 1150 428 1218 διά
445 1153 477 1218 δὲ
497 1150 550 1218 τόν
566 1148 642 1238 πρός
659 1148 712 1226 τάς
726 1152 851 1235 αἱρέσεις
866 1157 967 1234 ζῆλον,
995 1152 1048 1216 καί
1063 1153 1104 1228 είς
1119 1149 1293 1237 άποτροπην
1308 1157 1369 1217 τῶν
1383 1153 1430 1216 ἒν-

276 1252 494 1340 τυγχανόντων,
524 1256 552 1318 εί
565 1278 624 1318 που
644 1251 878 1338 παροξυνόμενοι
900 1253 1032 1333 λέξομεν,
1052 1250 1263 1334 ἢάπατεῶυάς
1278 1277 1360 1328 τινας
1377 1280 1432 1318 κα-

275 1363 410 1434 λοῦντες,
440 1353 625 1441 ἦάγάρτας,
653 1352 828 1439 ἢάθλίους.
869 1349 955 1436 adn}
977 1351 1032 1439 γάρ
1054 1349 1207 1440 ἦάνάγκη
1228 1350 1341 1438 ἧπρός
1358 1353 1433 1430 τοῦς

277 1457 383 1545 λόγους
396 1464 449 1522 τοῦ
464 1454 579 1542 άγῶνος
593 1455 807 1541 παρασκευάζει
827 1453 897 1538 ἡμῖν
917 1452 970 1522 τόν
989 1462 1126 1522 τοιοῦτον
1149 1460 1275 1542 ἱδρῶτα,
1295 1453 1333 1520 δι’
1355 1453 1432 1522 άπο-

277 1557 391 1646 τροπήν
411 1564 472 1626 τῶν
495 1556 744 1644 ἐντυγχανόντων,
773 1559 825 1622 καί
847 1555 930 1634 ὅπως
949 1560 1079 1640 δείξομεν
1100 1566 1249 1634 παντελῶς
1265 1555 1430 1642 άιηγσρευ-

279 1662 370 1743 μίνας
392 1667 445 1726 τοῦ
468 1656 610 1746 ἡμετέρου
633 1657 824 1745 φρονήματος
844 1656 897 1734 τάς
916 1662 1034 1725 ἐκείνων
1059 1661 1195 1743 ίργασίας
1216 1663 1267 1726 καὶ
1285 1658 1432 1746 μυστήρια

279 1766 330 1828 καὶ
349 1766 552 1843 διδασκαλίας,
580 1759 619 1828 ἵν’
640 1759 700 1830 άπό
723 1768 785 1826 τῶν
800 1758 894 1847 λόγοιν
917 1762 968 1826 καὶ
988 1767 1041 1844 τῆς
1061 1759 1227 1844 Ι’ὀξύτητος
1247 1769 1301 1845 τῆς
1318 1760 1432 1828 άντιλο-

279 1869 344 1952 γίσς
364 1866 416 1932 καί
443 1862 477 1931 τό
499 1861 639 1950 ἡμέτερον
662 1863 830 1948 ἐλευθέριον
852 1853 1067 1946 άποδείξοιμεν,
1097 1867 1148 1930 καί
1174 1889 1256 1940 τινας
1283 1860 1344 1930 άπό
1369 1871 1434 1930 τῶν

280 1965 378 2034 αῦτῶν
398 1969 574 2050 ίκκλίνωμεν
593 1968 645 2033 καλ
666 1963 716 2032 διά
736 1971 796 2032 τῶν
817 1962 987 2032 δοκούντων
1008 1967 1180 2051 βαρυτίρων
1200 1963 1305 2052 λόγων.

145 2381 209 2448 Κεφ.
229 2377 260 2452 β’.
364 2377 424 2440 Καὶ
442 2378 520 2442 ἔστιν
542 2378 574 2442 ίν
595 2382 631 2464 τῇ
653 2371 735 2463 πάση
748 2377 930 2462 πραγματεία
954 2371 1086 2440 διάτῶν
1103 2378 1324 2462 προειρημίνων
1340 2383 1434 2462 τριῶν

277 2481 415 2561 βιβλίων,
445 2476 565 2565 πρῶτον
592 2478 644 2544 καί
669 2478 807 2561 δευτέρου
834 2477 886 2541 καί
910 2480 1027 2561 τρίτου,
1059 2475 1144 2542 άτινα
1171 2482 1238 2562 τρία
1264 2481 1362 2560 βιβλία
1389 2480 1435 2553 είς

278 2577 350 2645 ἑπτά
374 2577 484 2662 τόμους
504 2582 655 2662 διείλομεν.
696 2575 747 2644 Ἐν
767 2579 799 2644 δὲ
824 2579 935 2666 ἑκάστῳ
959 2576 1041 2668 τόμρο
1065 2576 1197 2663 άριθμάς
1224 2606 1269 2655 τις
1291 2579 1433 2664 αίρίσεων

277 2684 330 2747 καί
352 2680 516 2764 σηισμάτων
530 2683 669 2768 ἔγκειται·
700 2675 776 2762 όμοῦ
798 2681 830 2745 δδ
852 2683 886 2744 αί
903 2685 996 2746 πῦσαί
1018 2682 1091 2746 είσιν
1110 2678 1305 2766 όγδοήκοντα,
1333 2672 1377 2745 ῶν
1399 2685 1436 2745 αἱ

279 2781 435 2866 ὀνομασίαι
457 2785 508 2849 καί
529 2786 563 2848 αί
587 2780 751 2865 προφάσεις
772 2773 868 2846 αύται.
913 2779 1023 2868 Πρῶτη
1052 2780 1275 2868 Βαρβαρισμός,
1308 2784 1433 2868 δευτέρα

279 2882 471 2968 Σκυθισμός,
501 2888 581 2970 τρίτη
596 2881 798 2967 Ἑλληνισμός,
828 2881 948 2970 τετάρτη
966 2881 1163 2968 Ἰουδαλσμός,
1191 2884 1310 2966 πέμπτη
1327 2891 1431 2966 Σαμα-

281 2983 435 3071 ρειτισμός.
482 2983 531 3052 Ἐκ
557 2983 671 3053 τούτων
698 2988 731 3050 σί
757 2989 893 3070 καθεξῆς.
941 2983 1009 3071 Πρό
1031 2991 1162 3072 Χριστοῦ
1189 2986 1242 3069 μὲν
1263 2984 1335 3068 μετά
1351 2991 1431 3069 Βαρ-

279 3086 424 3174 βαρισμόν
443 3089 494 3152 καὶ
516 3085 570 3171 τὴν
590 3085 751 3171 Σκυθικήν
773 3091 1003 3171 δεισιδαιμονίαν
1025 3091 1060 3154 σί
1080 3085 1139 3154 άπό
1164 3094 1220 3154 τοῦ
1240 3084 1431 3170 Ἑλληνισμοῦ

282 3188 432 3272 ιιγύσασσι
445 3181 545 3254 αύται·
568 3191 662 3272 ’ἕκτη
679 3188 892 3275 Πυθαγόρειοι,
912 3186 961 3254 εἴτ’
977 3181 1033 3256 οῦν
1050 3192 1291 3276 Περιπατητικοὶ,
1306 3185 1356 3253 διά
1368 3194 1432 3254 τῶν

278 3294 347 3378 περὶ
366 3289 563 3377 Ἀριστοτέλην
583 3295 781 3377 διαιρεθεῖσα,
811 3289 924 3374 ἑβδόμη
941 3293 1145 3370 Πλατωνικοί,
1176 3289 1268 3378 όγδόη
1284 3293 1430 3371 Στωϊκοί,

278 3392 366 3476 ἐνάτη
379 3390 582 3478 Ἐπικούρειοι.
626 3389 702 3458 Είτα
717 3390 917 3479 Σαμαρειτική
935 3396 1062 3477 αἵρεσις,
1092 3386 1167 3460 σύσα
1188 3396 1221 3460 ἐκ
1238 3399 1293 3459 τοῦ
1307 3390 1432 3460 Ἰουδαϊ-

279 3501 372 3577 σμοῦ,
400 3498 450 3562 καί
471 3495 579 3580 ταύτης
596 3497 721 3579 τέσσαρα
742 3497 833 3578 ἔθνη,
861 3494 968 3577 δεκάτη
989 3498 1194 3580 Τοροῦηνολ,
1216 3493 1357 3576 ἑνδεκάτη
1374 3501 1433 3560 Σε-

279 3600 413 3679 βοναῖσι,
435 3598 587 3681 δωδεκάτη
603 3595 754 3678 Ἐσσηνοὶ,
776 3595 994 3681 τριςκαιδεκάτη
1013 3603 1166 3665 Δοσίθεοι
1209 3593 1288 3662 Eira
1305 3592 1325 3660 ό
1340 3593 1434 3672 αύτδς

279 3700 491 3782 προειρημένος
501 3696 700 3782 Ἰουδαϊσμός,
729 3695 788 3764 άπό
811 3705 866 3763 τοῦ
882 3694 1016 3784 Ἁβραάμ
1037 3698 1090 3766 τόν
1112 3705 1280 3784 χαρακτῆρα
1300 3695 1433 3780 ιίληιγῶς

280 3801 331 3864 καί
351 3797 401 3864 διά
423 3805 476 3862 τοῦ
497 3803 640 3880 δοθέντος
662 3799 758 3884 νόμου
781 3807 822 3888 τῷ
845 3807 966 3890 Μωῦσῇ
989 3802 1183 3878 πλατυνθείς,
1212 3801 1263 3866 καί
1290 3797 1351 3866 άπδ
1374 3807 1433 3866 τοῦ

278 3898 375 3968 Ἰούδα
388 3903 458 3966 υίοῦ
471 3897 591 3984 Ἰακῶβ,
612 3911 665 3970 τοῦ
679 3905 731 3970 καὶ
742 3901 855 3986 Ἰσραὴλ
870 3902 919 3969 διά
933 3905 1046 3986 Δαβίδ,
1068 3909 1122 3968 τοῦ
1137 3904 1189 3970 καί
1204 3901 1434 3986 βασιλεύσαντος

280 4005 314 4068 ἐκ
335 4009 386 4084 τῆς
406 4000 513 4068 τούτου
533 4011 630 4085 φυλῆς
648 4004 682 4072 τό
701 4002 859 4087 ἒπσόννμον
875 4011 928 4071 τοῦ
946 4003 1133 4087 Ἰουδαϊσμοῦ
1148 4007 1323 4090 κληρωθείς.
1367 4007 1433 4068 Καί

281 4102 332 4169 άπ’
358 4102 449 4170 αάτσῦ
475 4111 529 4172 τοῦ
549 4102 736 4188 Ἰουδαϊσμσῦ
762 4105 835 4172 ἑπτά
858 4109 983 4192 αίρίσεις
1004 4099 1104 4172 αύται·
1134 4103 1432 4193 τεσσαρεςκαιδεκάτη

283 4208 496 4292 Γραμματέων,
523 4206 763 4290 πεντεκαιδεκάτη
786 4213 972 4294 Φαρισαίων,
995 4207 1182 4291 ἓξκαιδεκάτη
1202 4211 1431 4289 Σαδδουκαίων,

282 4405 297 4428 n
317 4344 376 4396 Gn.
393 4347 410 4396 ί.
427 4374 461 4385 -
485 4345 507 4397 1.
525 4347 626 4408 λεγοιυλ
638 4341 724 4411 Ἰησοῦ
740 4359 785 4408 μιν
801 4345 837 4407 τίς
906 4344 929 4399 3.
947 4349 1063 4410 amsi
1084 4352 1131 4400 οιελ
1150 4351 1238 4431 λπρτκλλ
1258 4349 1364 4410 periculo
1386 4343 1433 4400 δεῖν

282 4430 305 4472 ο,
323 4415 509 4476 ρυσδΡελουλνι
522 4415 645 4464 delendum
657 4416 771 4465 λοσλεονιλ
784 4429 837 4464 ενοι
874 4415 963 4468 σίτου.
987 4415 1183 4468 Limam&
1205 4415 1297 4468 κίτταν.
1324 4417 1433 4466 Atiam

281 4483 373 4532 υττλτιλε
387 4485 520 4533 induami.
873 4481 913 4536 δντ
929 4499 1028 4547 quocum
1044 4489 1150 4538 ελτνσλιιτ
1164 4485 1233 4534 verbo
1249 4488 1320 4536 σσττλ.

316 4549 341 4600 2.
359 4545 422 4602 ἰδίαν
438 4551 489 4601 οοιλ
508 4552 561 4604 Vm
598 4553 670 4616 λὐίςσ
687 4531 768 4618 ῶγίαν.
