3106 4990
338 246 472 300 rsuram
491 247 552 298 ars.
566 249 586 299 r.
602 247 684 300 rom.
698 249 740 300 ur.
757 245 854 299 saro.
869 247 981 302 xxxv.
1173 237 1232 302 481

83 370 308 454 dogmatumque
327 366 501 446 consensio,
532 379 685 432 uteorum
709 378 809 445 seete,
840 379 975 452 tanquam
997 368 1097 455 biceps
1119 369 1236 454 atrguis,

82 470 219 557 bipartita
237 471 398 535 videretur.
442 467 552 534 Postea
569 471 651 534 velut
664 480 749 556 caput
765 492 782 534 a
797 470 942 556 serpentis
955 493 1078 556 corpore
1093 472 1238 538 divulsum

83 595 120 638 ae
136 573 252 659 spirans
267 573 359 637 adbuc
374 571 506 660 plurimis
527 571 620 636 exitio
636 573 707 653 luit,
730 583 795 636 cum
813 575 907 636 maius
923 574 1057 656 quiddam
1077 597 1134 638 nort
1151 577 1238 638 modo

82 676 254 762 aequalibus
279 675 359 754 suis,
392 676 444 738 sed
470 685 499 739 et
523 674 698 754 maioribus,
729 696 763 738 oe
788 675 901 739 doctius
925 675 1033 739 afferre
1055 675 1236 741 crederetur.

84 775 259 864 Ogdoadem
272 778 351 842 enim
364 788 465 842 censet
481 799 538 842 stou
554 777 698 862 gradatim
714 779 801 841 unius
815 777 929 841 Aeonis
941 778 978 842 ab
993 780 1086 842 altero
1103 799 1240 865 procrea·

84 883 167 946 ticum
184 892 372 968 propagatam
392 880 501 958 luisse,
533 881 584 946 sed
602 901 657 944 ses
674 881 802 965 reliquas
817 881 938 945 Aeonas
955 880 1065 966 pariter
1079 882 1240 966 eodemque

83 995 235 1050 momento
256 1005 273 1046 a
296 1003 433 1068 supremo
451 979 580 1048 Parente
602 994 632 1048 et
653 983 717 1048 eius
735 981 877 1061 Ennoea,
909 983 963 1046 boc
986 995 1031 1048 est
1053 979 1241 1070 cogitatione

84 1106 239 1165 manasse,
273 1086 349 1169 quod
371 1085 427 1150 iste
448 1086 493 1150 sio
513 1098 648 1170 unquam
667 1085 833 1150 obstetricis
856 1096 955 1170 partes
977 1087 1088 1170 egisset
1105 1087 1238 1151 affirmat.

84 1188 190 1274 Quare
208 1209 265 1253 noo
283 1199 316 1252 ut
331 1187 379 1254 alii
403 1209 419 1251 e
440 1186 540 1253 Verbo
557 1187 684 1272 Vitaque
701 1188 856 1253 Hominem
875 1197 905 1252 et
921 1186 1102 1270 Ecclesiamq
1134 1200 1239 1254 autes

83 1291 234 1370 Homine,
265 1302 297 1357 ut
318 1290 488 1376 quibusdem
511 1292 622 1376 placet,
654 1302 685 1355 et
703 1290 838 1356 Ecclesia
854 1288 986 1356 Verbum
1005 1313 1040 1354 oe
1056 1289 1154 1356 Vitam
1174 1311 1242 1378 pro·

83 1394 178 1460 diisse
196 1415 261 1459 eum
280 1394 342 1458 suis
359 1393 408 1457 ille
426 1395 538 1458 statuit.
584 1391 644 1459 Sed
665 1395 692 1458 id
711 1395 769 1458 alia
787 1394 901 1458 ratione
918 1394 1073 1458 deliniunt:
1105 1395 1240 1459 uinrirum

83 1497 165 1583 quod
179 1493 341 1582 Supremas
356 1495 406 1560 ille
423 1493 535 1561 Perens
553 1497 713 1582 producere
732 1497 889 1582 rogitavit,
914 1497 968 1560 boc
984 1497 1127 1561 vocabulo
1143 1494 1241 1561 Patris

83 1599 275 1686 appeliatum.
321 1595 401 1662 ldem
418 1619 507 1684 perro
520 1595 640 1664 Veritas
654 1621 718 1662 cum
734 1609 826 1678 esset,
850 1597 992 1664 Veritatis
1007 1600 1175 1684 insignitum
1190 1620 1243 1663 no-

85 1701 180 1768 mine.
225 1700 423 1785 Quamobrem
440 1723 505 1767 cum
525 1712 676 1766 ostentare
692 1723 726 1766 se
743 1702 849 1781 vellet,
873 1702 995 1787 idipsum
1014 1701 1170 1766 Hominem
1191 1723 1243 1766 oo-

84 1805 242 1870 minatum.
289 1802 373 1888 Quos
392 1815 488 1868 autem
509 1825 573 1870 curo
593 1805 768 1890 produceret
788 1804 867 1890 prius
886 1805 982 1869 auimo
1002 1817 1168 1892 reputaret,
1200 1804 1243 1868 bis

84 1905 244 1972 Ecclesiae
265 1926 371 1970 nomeu
390 1905 572 1972 attributum.
619 1905 715 1972 llomo
732 1929 804 1972 vero
822 1905 951 1972 Verbum
969 1909 1124 1992 produxit3
1157 1918 1244 1993 atque

85 2011 137 2075 bic
150 2008 364 2095 primogenitus
381 2021 426 2074 est
441 2006 548 2074 Filius.
595 2005 655 2074 Sed
672 2007 803 2074 Verbum
821 2007 891 2074 Vita
906 2011 1106 2095 eousequitur.
1146 2013 1244 2093 Atque

84 2111 131 2176 ita
148 2106 269 2196 Ogdoas
286 2110 378 2196 prima
399 2112 561 2176 conlicitur.
607 2110 703 2176 Porro
719 2131 825 2196 magna
842 2123 886 2176 est
905 2113 1065 2176 interillos
1084 2111 1118 2176 de
1139 2109 1245 2176 Salva-

86 2225 156 2278 tore
174 2213 332 2278 dissensio.
378 2210 504 2298 Quidam
522 2215 599 2278 enirn
616 2237 654 2280 ex
671 2215 805 2279 omnibus
822 2213 975 2278 conflatum
993 2215 1179 2293 existimant,
1202 2225 1246 2278 at-

87 2337 148 2402 que
164 2316 232 2380 ideo
247 2311 448 2395 Eudamum,
480 2316 535 2382 buc
550 2327 597 2382 est
613 2315 877 2402 beneplacentem,
902 2328 1055 2396 vocatum,
1086 2317 1161 2402 quod
1179 2337 1246 2382 sum

86 2417 230 2484 Pleroma
245 2439 330 2482 omna
346 2419 491 2484 communi
509 2420 548 2484 sit
562 2421 669 2484 affectu
685 2441 720 2484 ae
733 2419 938 2483 benevolentia
953 2431 1151 2505 prosecutum.
1184 2417 1247 2482 Atii

86 2521 164 2586 eolis
181 2539 222 2584 cx
238 2519 391 2585 Aeonibus
410 2525 529 2600 decem,
562 2523 609 2607 qui
627 2544 644 2586 a
663 2519 906 2607 VerboVitaquc
923 2521 1047 2586 derivati
1064 2533 1149 2602 sunt,
1181 2543 1248 2609 pro·

87 2625 201 2688 lecturo
223 2622 302 2686 illum
325 2634 479 2704 asserunt,
512 2635 660 2688 eteorum
683 2645 699 2686 o
722 2625 825 2709 quibus
845 2636 939 2689 ortum
958 2623 1071 2710 accepit
1090 2625 1248 2689 retinuisse

87 2723 224 2792 nomina.
271 2722 348 2791 Sunt
364 2727 412 2810 qui
429 2727 581 2792 duodecim
599 2747 638 2790 ex
655 2721 823 2804 beonibus,
847 2749 921 2813 quos
942 2726 1038 2791 llcmo
1057 2751 1093 2793 ac
1111 2719 1179 2792 Vita
1197 2749 1249 2812 ge·

87 2829 225 2907 ruerint,
251 2829 425 2914 produxisse
440 2829 580 2908 sentiant,
605 2830 642 2894 ob
658 2829 744 2915 idque
757 2827 863 2895 Eilium
878 2829 1013 2894 Hominis
1028 2830 1141 2910 vocari,
1166 2829 1250 2914 quasi

90 2929 232 2996 Hominis
255 2943 401 3018 nepotem.
447 2929 605 2997 Nonnullis
630 2933 725 3017 plaeet
749 2933 871 2997 eundern
897 2955 913 2996 a
938 2931 1059 3000 Cltristo
1083 2944 1113 2998 et
1137 2930 1250 3018 Spiritu

88 3031 209 3100 Saoeto
224 3033 258 3098 ad
275 3035 496 3100 sustentandum
512 3031 649 3100 Pleroma
667 3038 815 3120 genitum,
846 3037 970 3120 ideoque
987 3034 1136 3100 Christum
1154 3035 1252 3120 appel·

89 3137 201 3217 latum,
226 3147 257 3200 ut
269 3137 334 3202 eius
350 3159 367 3200 a
384 3159 441 3222 quc
456 3147 552 3202 ortum
569 3150 724 3224 acceperat
738 3159 843 3202 nomen
862 3139 1019 3202 obtineret.
1056 3136 1116 3202 Alii
1132 3159 1171 3200 ex
1187 3137 1251 3200 illo·

89 3262 161 3305 rum
179 3261 321 3319 numero,
353 3251 386 3305 ut
403 3241 443 3304 ita
459 3241 571 3320 dicam,
603 3241 738 3326 rhapsodi
757 3261 899 3303 summum
918 3241 1121 3304 urtiversorum
1138 3237 1251 3302 Parau-

89 3356 155 3408 tem
179 3363 215 3406 su
236 3339 358 3427 primum
383 3342 554 3428 principium
576 3343 758 3428 primumque
780 3343 958 3424 cogitatione
981 3341 1073 3406 maius
1095 3341 1251 3406 llomioem
1377 3416 1379 3427 Δ

89 3444 199 3510 vasari
224 3445 382 3523 deliniunt,
413 3446 499 3530 idque
523 3465 657 3528 maguum
680 3445 748 3510 illud
772 3455 803 3508 et
818 3465 956 3508 arcanum
980 3464 1047 3508 esse
1065 3443 1249 3530 mysterium,

90 3549 174 3634 qnod
194 3546 244 3612 illa
262 3546 370 3612 esteris
386 3547 520 3612 omnibus
535 3548 715 3611 antecellens
730 3546 885 3631 omrrinque
901 3547 1055 3610 contiuens
1072 3544 1174 3610 Virtus
1191 3545 1253 3610 tto·

90 3650 185 3716 minis
202 3650 397 3736 appellatione
414 3661 587 3730 censeatur,
611 3651 767 3715 etidcirco
785 3647 969 3715 Salvatorem
986 3650 1174 3735 semetipsum
1189 3647 1252 3714 llo-

89 3753 185 3819 minis
209 3753 360 3818 nominare
382 3754 482 3819 lilium.

190 3852 344 3922 Eiusmodi
376 3869 422 3921 est
449 3858 546 3940 inepta
573 3855 622 3919 illa
649 3875 687 3920 ac.
712 3855 898 3919 commentita
920 3851 1076 3920 Colorbasi
1104 3855 1249 3934 doctrina,
1276 3870 1336 3936 cap.
1353 3871 1384 3922 tt.

89 3981 184 4048 quatu
209 3979 316 4043 magno
340 3959 495 4024 verborum
520 3959 644 4045 strepitu
670 3968 757 4042 atque
782 3979 885 4044 pompa
911 3957 940 4021 io
968 3957 1100 4022 homines
1124 3959 1250 4022 invexit.

90 4061 196 4148 Quam
216 4061 325 4145 siquis
342 4061 498 4146 diligenter
511 4061 742 4141 animadvertat,
775 4061 859 4124 lacile
876 4079 916 4124 ex
933 4061 1133 4145 superioribus
1151 4063 1254 4126 baere-

89 4166 164 4232 ticis
181 4162 326 4247 intelliget
341 4183 456 4228 omnem
472 4163 549 4227 illam
567 4163 736 4250 opinionum
754 4163 925 4228 varietatem
942 4164 978 4228 ab
995 4163 1153 4228 ambitione
1170 4183 1254 4228 arro-

89 4350 235 4410 assedere
251 4349 331 4400 voluit
350 4350 400 4402 boc
418 4351 498 4418 ipsum
518 4353 599 4404 Homo
617 4353 658 4403 dl·
691 4354 752 4403 ttlud
769 4349 801 4404 rol
818 4367 847 4402 ca
865 4346 977 4419 ὀνόματα
994 4356 1120 4404 acoemeto
1136 4358 1208 4415 putet.

89 4437 167 4478 ctum
180 4429 228 4470 est.
255 4421 349 4470 Patoutt
361 4423 433 4482 tpttrtr
445 4415 508 4474 adst
521 4436 566 4482 pro
579 4416 665 4474 adada·
730 4426 755 4472 d.
773 4419 802 4473 ἐκ
819 4421 869 4472 τῶν
885 4422 932 4475 τοῦ
948 4421 984 4472 ed.
998 4423 1095 4484 Peleu,
1112 4423 1226 4472 merrdose.

129 4492 156 4546 7.
178 4485 212 4544 ari
237 4482 395 4550 διασώζονται
416 4490 500 4539 babent
521 4493 581 4540 librl.
616 4493 664 4540 Sed
1249 4511 1255 4518 ·

149 4573 244 4627 corpu·
258 4567 393 4616 fleereeeot.
407 4567 436 4614 tt.
1012 4577 1049 4642 3¹
