3106 4990
293 280 354 342 520
715 259 1023 340 οιαοτικειειικιιιι

293 411 353 488 καὶ,
379 406 455 472 Οάπλ
473 405 509 472 δι’
524 399 561 471 οδ
578 404 595 471 ό
610 403 676 482 υἱός
689 411 743 472 τοῦ
756 402 922 490 άνθριόπον
936 407 1140 486 παραδίδοται.
1179 399 1280 479 Λάιός
1293 400 1348 489 γάρ
1363 399 1443 468 ’1015-

295 515 349 586 δας
367 513 434 594 περὶ
458 511 565 576 ἑαυτοῦ
588 507 620 574 τό
643 515 704 573 πᾶν
724 505 873 590 όπέφηνε,
903 509 954 572 καὶ
974 505 1029 589 τόν
1050 513 1110 571 τόν
1130 504 1330 572 ἐπαινούντων
1352 502 1447 570 αότόι

295 611 398 678 άνοιαν
412 611 463 676 καλ
480 615 587 677 ἑαυτοῦ
601 609 733 696 ἤλεγξεν,
761 614 788 675 εί
802 612 852 675 καλ
868 608 964 689 άκιον,
994 605 1052 674 ἄλλ’
1067 608 1149 691 ὅμως
1162 606 1233 691 μετά
1247 608 1280 673 τό
1295 612 1395 691 λαβεῖν
1410 605 1445 673 τό

293 721 405 798 τίμημα
423 713 458 778 τά
474 713 631 802 τριάκοντα
650 712 791 800 άργόρια,
820 711 942 798 ὕστερον
962 713 1171 794 μεταμεληθεὶς
1186 711 1237 776 καλ
1254 707 1446 794 άποστρέφας
1542 759 1543 772 ,

294 817 330 884 τά
346 816 486 903 άργόρια,
518 815 558 892 οδς
574 814 667 881 κακόν
682 842 710 881 τι
726 813 897 901 πεπραγός,
926 813 1018 880 κακόν
1032 816 1085 896 μέν
1100 816 1194 902 έαυτηῖ
1203 865 1211 891 ,
1238 811 1334 879 κακόν
1349 814 1381 878 δέ
1394 815 1446 877 καὶ

295 929 356 996 τοῖς
377 917 588 1003 σταυροόσασιν.
632 917 666 982 ‘0
688 919 720 984 δέ
740 917 844 1003 κόρους
861 914 977 1003 άγαθόν
999 915 1035 983 δι’
1053 919 1160 983 έαντοῦ
1174 919 1312 982 ἐπιτελῶν
1327 913 1399 998 ἡμῖν
1415 941 1446 980 τε

294 1025 400 1110 καὶτῷ
418 1021 518 1110 κόσμῳ
535 1019 642 1088 ἑαυτόν
657 1024 882 1106 παραδέδωκεν,
910 1023 960 1086 ἰ’να
977 1022 1096 1106 γένηται
1109 1017 1182 1102 ἡμῖν
1197 1023 1334 1102 σωτηρία.
1369 1016 1447 1102 ”Apu
1543 1031 1544 1054 ¹

296 1118 351 1192 οὖν
365 1122 431 1207 οόχλ
446 1132 486 1213 τῷ
501 1123 604 1213 Ἰοόδμ
620 1132 661 1212 τῷ
676 1121 808 1212 προδότῃ
825 1120 1027 1208 ὁμολογοῦμεν
1040 1121 1094 1205 τὴν
1107 1119 1205 1205 χάριν,
1228 1118 1298 1185 άλλό
1314 1127 1356 1210 τῷ
1371 1119 1446 1202 anj-

296 1253 364 1311 μονι
379 1234 503 1309 σωτῆρι,
526 1234 566 1314 τῷ
583 1225 637 1309 τόν
650 1225 750 1310 ψυχὴν
765 1227 849 1291 θέντι
862 1224 936 1308 όπέρ
951 1223 1036 1309 ἡμῶν
1052 1233 1111 1290 τῶν
1127 1227 1210 1289 έδίων
1224 1220 1318 1288 αότοῦ
1334 1220 1448 1309 προβά-

297 1355 369 1411 των,
391 1330 497 1406 καθοδς
512 1327 602 1405 αότός
620 1326 691 1395 εἶπε.
738 1335 812 1404 Πῶς
825 1326 880 1413 γάρ
897 1324 1049 1410 όνομίσας
1063 1326 1180 1414 άγαθδν
1195 1328 1353 1392 ἐπιτελέσαι
1369 1325 1446 1390 δίστε-

296 1461 351 1518 ρον
365 1433 440 1516 λέγει
456 1431 518 1510 δτι,
548 1432 813 1514 Μεταμεμέλημαι,
843 1429 1062 1516 παραδεδωκοδς
1078 1427 1150 1514 αἷμα
1169 1427 1288 1506 άθωον,
1310 1425 1446 1494 καλόντί·

298 1552 407 1619 στρειγτ
419 1532 456 1598 τά
473 1532 615 1619 όργόρια,
637 1533 743 1610 καθός
756 1527 794 1616 ἦν
808 1536 875 1619 περὶ
891 1531 981 1600 αότοῦ
995 1534 1195 1620 γεγραμμένον
1209 1534 1317 1607 ἐντοῖς
1333 1530 1450 1618 προφη-

298 1663 376 1716 ταις,
401 1638 461 1700 Κιιλ
477 1634 642 1721 ἀπέστρεψε
657 1636 729 1713 τυός
744 1635 900 1721 τριάκοντα
916 1634 1080 1722 α’ργόρους,
1101 1633 1154 1718 τόν
1169 1633 1257 1717 τιμὴν
1268 1641 1323 1700 τοῦ
1338 1659 1450 1716 τετιμη-

298 1743 390 1825 μένου
412 1737 493 1824 παρά
513 1746 573 1804 τῶν
595 1743 669 1805 νόῶν
684 1737 815 1823 Ἰσραήλ·
845 1741 896 1804 καλ
914 1738 1002 1803 πάλιν
1021 1741 1053 1804 ἐν
1070 1735 1144 1827 άλλιμ
1161 1735 1316 1826 προφήτῃ,
1348 1739 1391 1800 Et
1407 1741 1449 1801 δί-
1545 1811 1546 1840 ῃ

298 1841 385 1909 καιόν
404 1844 482 1907 ἐστιν
497 1839 584 1924 άμῑν,
615 1841 682 1907 δότε
699 1840 751 1906 τόν
768 1839 880 1923 μισθόν
897 1867 970 1924 μον,
1000 1839 1214 1923 ἢάιιεέπασθε·
1243 1843 1292 1904 καλ
1312 1837 1400 1904 πάλιν
1420 1841 1452 1904 έν
1545 1845 1546 1848 ’

300 1943 375 2033 άλληο
393 1944 552 2033 προφήτῃ,
584 1947 643 2008 Καὶ
661 1947 774 2010 ἐδωκαν
792 1942 826 2010 τό
844 1942 985 2030 όργόρισν
1000 1942 1054 2027 τόν
1072 1942 1160 2026 τιμὴν
1176 1947 1229 2009 τοῦ
1246 1943 1451 2024 τετιμημένον,

300 2050 351 2114 καὶ
372 2044 450 2126 εέπε,
481 2045 586 2122 Κάθες
602 2045 675 2112 αότδ
693 2050 735 2122 ελς
749 2046 783 2113 τό
802 2044 1013 2133 χωνευτήριον,
1042 2049 1087 2112 έδε
1103 2048 1130 2110 εέ
1145 2043 1377 2129 δόκιμόνέστιν,
1409 2042 1453 2120 τός
1546 2082 1547 2134 η

301 2150 504 2232 ἐδοκιμάσθην
529 2146 612 2215 3όπό
634 2156 693 2215 τῶν
711 2153 785 2216 υέῶν
804 2147 932 2236 Ἰσραήλ.

165 2269 232 2338 Κεφ.
248 2266 282 2337 η’.
387 2256 447 2317 Καὶ
462 2252 541 2318 πόσα
555 2254 633 2318 ἐστὶν
647 2250 707 2317 άπό
722 2260 775 2334 τῆς
790 2257 877 2328 θείας
889 2259 1008 2338 γραφῆς
1022 2252 1166 2337 συλλέγειν
1180 2251 1248 2334 περὶ
1264 2256 1323 2316 τοῖν
1336 2257 1453 2317 τελειω-

182 2367 233 2411 1¹⁸¹·
246 2354 290 2398 ²⁸³·
304 2358 420 2422 θέντων
438 2359 469 2421 ἐν
481 2364 521 2445 τῷ
536 2360 629 2444 κυρίῳ
645 2352 746 2437 ἡμῶν,
769 2351 805 2420 οό
821 2353 896 2420 κατά
912 2353 966 2437 τὴν
978 2352 1082 2422 Ἰοόδα
1097 2351 1173 2439 πρός
1189 2351 1222 2418 τό
1240 2350 1355 2439 άγαθόν
1367 2354 1454 2438 ένέρ-

303 2484 398 2545 γειαν,
427 2456 498 2523 άλλά
520 2456 595 2524 κατά
616 2457 670 2540 τόν
689 2465 743 2524 τοῦ
760 2465 892 2543 σωτῆρος
910 2453 995 2540 ἡμῶν
1012 2460 1062 2524 καλ
1078 2461 1184 2543 κυρίσν
1198 2455 1300 2539 Ἰησοῦ
1318 2461 1457 2538 Χριστοῦ

302 2568 355 2626 τοῦ
370 2567 447 2626 θεοῦ
461 2557 536 2644 όπέρ
551 2558 652 2643 ἡμῶν,
683 2558 719 2626 οά
733 2560 808 2625 κατά
823 2558 970 2646 άνάγκην,
1001 2559 1070 2624 α’λλά
1085 2562 1117 2625 έκ
1132 2561 1326 2646 προαιρέσεως
1339 2559 1457 2625 ἑαυτοῦ

303 2662 491 2748 παράδοσιν,
521 2665 571 2728 καὶ
593 2666 765 2744 οἰκονομίαν
781 2669 836 2727 τοῦ
853 2669 997 2747 σταυροῦ,
1029 2659 1103 2746 όπέρ
1121 2669 1175 2745 τῆς
1189 2660 1275 2745 ἡμῶν
1289 2665 1458 2743 σωτηρίαςς
1547 2645 1548 2658 ¹

309 2761 386 2829 Οἶδα
404 2764 437 2828 δέ
458 2767 500 2840 είς
520 2765 615 2829 πολόν
635 2766 724 2850 ὄγκον
742 2764 823 2850 όγων
841 2763 894 2841 τάς
912 2771 1088 2850 μαρτυρίας,
1117 2762 1158 2841 τίς
1172 2766 1246 2851 λέγει
1262 2765 1349 2830 πάλιν
1361 2761 1460 2842 ἄλλος

305 2864 471 2951 προφήτης,
488 2869 624 2932 Γενέσθαι
637 2865 658 2951 η’
670 2869 790 2944 ἐπαυλις
803 2865 895 2933 αότοῦ
909 2870 1027 2952 ἔρημος,
1048 2869 1099 2933 καλ
1113 2867 1167 2950 τὴν
1182 2866 1342 2949 ἐπισκοπὴν
1355 2865 1458 2936 αὐτοῦ

304 2969 389 3053 λάβοι
405 2971 514 3054 ἕτερος·
536 2969 570 3046 δς
584 2968 699 3053 πρηνὴς
714 2970 869 3057 γενόμενος
886 2968 1005 3052 ἐλάκησε
1021 2972 1125 3054 μέσος,
1149 2972 1200 3034 καὶ
1216 2969 1336 3052 έξιγόθη
1349 2969 1457 3036 πάντα

305 3071 341 3138 τά
363 3071 531 3157 1σπλάγχνα
546 3071 646 3137 αότοῦ.
679 3075 739 3138 Καὶ
754 3071 786 3138 τό
804 3075 895 3158 πέρας
911 3071 1020 3162 άγγόνῃ
1038 3070 1219 3158 χρησάμενος
1234 3075 1322 3150 ἔδειξε
1336 3071 1367 3136 εδ
1385 3081 1458 3139 πᾶν

306 3183 359 3258 τῆς
372 3174 462 3240 αὐτοῦ
475 3179 620 3258 σωτηρίας
633 3177 774 3254 διολέσας,
791 3181 833 3264 τῷ
846 3179 993 3240 διαπεσεῖν
1006 3182 1059 3257 τῆς
1072 3177 1187 3252 ἐλπίδος
1202 3173 1276 3241 κατά
1289 3174 1341 3258 τόν
1354 3171 1459 3244 αότοδ

307 3277 430 3344 άτιικτον
449 3279 499 3342 καλ
517 3285 650 3362 προπετῆ
670 3276 746 3343 κατά
764 3285 819 3344 τοῦ
837 3277 983 3344 δεσπότου
999 3275 1092 3343 αὐτοῦ
1111 3277 1269 3362 ἐπιβουλὴν
1284 3279 1333 3344 καί
1351 3280 1458 3346 ἕνεκεν

307 3383 501 3466 φιλαργυρίας
517 3377 561 3446 ἐπ’
577 3378 781 3462 άρνησιθείαν·
813 3377 853 3456 οἷς
870 3383 920 3446 καί
938 3384 971 3446 οἱ
983 3377 1141 3446 άπόστολοι
1156 3379 1218 3447 ἄντ’
1232 3379 1323 3448 αὐτοῦ
1342 3383 1381 3458 είς
1397 3385 1458 3450 τόν

309 3481 406 3548 αὐτῶν
422 3478 555 3566 άριθμόν
571 3487 716 3550 Ματθίαν
733 3484 927 3566 κατέστησαν,
948 3485 1092 3569 λέγοντες,
1113 3481 1178 3565 Ἀφ’
1194 3477 1231 3549 οδ
1247 3487 1360 3571 παρέβη
1371 3482 1458 3552 Ἰσό-

309 3589 363 3662 δας
384 3583 522 3650 άπελθεῖν
543 3588 585 3662 εἰς
605 3584 658 3651 τόν
679 3583 771 3651 τόπον
791 3585 843 3650 τόν
861 3589 947 3651 ίδιον.
992 3593 1087 3652 Ποῖον
1103 3585 1140 3669 δη
1158 3593 1278 3666 τοῦτον,
1307 3585 1364 3652 ἄλλ’
1379 3584 1401 3669 ἢ
1418 3587 1459 3654 δν

309 3685 480 3769 άπεφήνατο
503 3687 583 3778 αὐτῷ
605 3685 622 3754 ό
643 3687 738 3773 σωτήρ
759 3690 849 3775 λέγων
870 3687 916 3754 ότι
937 3690 1015 3754 ἐστὶν
1034 3687 1100 3766 υίός
1119 3687 1263 3766 άπωλείας
1279 3692 1354 3755 ἔνθα
1372 3691 1459 3774 ἔσχεν

310 3787 375 3854 άντλ
397 3795 512 3874 μερίδος
532 3796 648 3877 μερίδα,
677 3793 727 3857 καλ
746 3788 811 3856 α’ντὶ
829 3793 993 3875 ἐπισκοπῆς
1009 3790 1203 3876 άπσστολικῆς
1222 3791 1275 3858 τόν
1289 3792 1382 3860 τόπον
1398 3801 1459 3878 τῆς

310 3889 461 3968 άπωλεέας.

398 4098 473 4182 Περὶ
487 4094 593 4162 τούτου
612 4098 643 4163 δέ
658 4101 765 4176 ἱκανός
779 4101 852 4183 έχειν
864 4099 901 4166 τά
917 4101 1054 4184 εἰρημένα
1068 4103 1239 4183 νομίσαντες
1253 4105 1384 4186 καθεξῆς
1397 4105 1457 4170 πά-

313 4208 357 4266 λιν
376 4198 423 4282 έφ’
444 4200 543 4284 έτέραν
562 4201 667 4282 ἴωμεν,
697 4195 720 4268 ό
743 4201 904 4289 άγαπητολ,
936 4202 997 4268 ’τά
1018 4201 1117 4270 σκολιά
1136 4202 1225 4268 πάλιν
1245 4207 1297 4270 καὶ
1315 4205 1458 4292 θηριοόδη

346 4338 370 4392 ³.
386 4333 435 4392 άπδ
452 4341 502 4391 cod.
518 4341 591 4390 Vane.
900 4339 985 4414 λοβόλα
1002 4343 1123 4411 δήγματα
1139 4346 1190 4394 cod.
1207 4345 1280 4396 λὀλλι.
1314 4343 1348 4400 τά
1366 4346 1458 4402 σκόλια

350 4405 406 4458 διν.
419 4409 483 4459 Vm.
496 4435 528 4447 -
547 4411 568 4458 1.
587 4404 714 4478 σπλάγχνα
730 4413 781 4462 cod.
792 4415 866 4464 λἀλλτ.
899 4409 943 4464 καλ
956 4409 1043 4480 λοβάλα
1055 4409 1198 4480 διδάγματα
1210 4413 1330 4476 τδρτδκτ.
1351 4413 1386 4469 τά
1397 4415 1459 4470 σκό-

317 4472 495 4560 ίγκαταῃυνλῃο
511 4479 621 4558 ιαλγμιοι
638 4484 677 4528 ιιι.
900 4481 941 4532 λια
958 4479 1001 4533 καὶ
1017 4477 1134 4547 δηριόδη
1150 4473 1294 4546 διδάγματα
1309 4481 1354 4535 καλ
1372 4482 1460 4554 ίοβέλα

350 4545 375 4594 ’λ
391 4559 423 4596 τα
440 4542 528 4598 σκόλια
543 4545 614 4598 παλιι
631 4543 674 4598 καί
691 4543 806 4614 θηριώδη
824 4545 868 4601 κοιλ
899 4549 950 4598 cod.
964 4551 1060 4613 δδισλρ.
1094 4545 1126 4604 τά
1144 4543 1232 4602 σκόλια
1251 4547 1324 4604 πάλιν
1347 4553 1394 4606 καλ
1410 4555 1460 4622 δη-
