3100 4984
364 327 500 380 rauaau
518 327 579 378 urs.
595 329 615 378 1.
630 326 713 378 rou.
729 327 761 380 u.
778 325 877 377 unua.
891 325 1004 376 xxxn.
1198 313 1261 383 389

106 470 176 513 uum
192 447 220 514 id
237 467 305 514 esse
321 447 428 535 poterit
447 447 521 532 quud
539 447 565 512 ci
583 446 736 511 subiicitur
753 447 889 510 dexuum
905 457 957 510 aut
974 445 1143 510 sinistrum:
1174 455 1260 531 atque

105 553 147 617 ita
165 552 303 616 adunam
323 552 465 636 quandam
485 560 617 614 caturam
635 549 773 615 universa
790 554 975 636 reserentur,
1006 581 1064 644 qua
1080 557 1151 624 nibil
1167 569 1261 637 neque

105 654 241 740 superius
258 653 297 718 sit
313 673 408 738 neque
425 653 548 716 inlerius
563 651 748 731 irrlimunave,
774 665 977 742 praeterquam
992 683 1067 746 quae
1084 663 1120 726 ab
1137 681 1173 726 eo
1190 677 1261 720 con·

104 759 266 836 ditescat,
291 756 403 840 eritque
419 755 552 820 veritatis
567 754 667 839 guaris
684 755 757 819 baud
774 757 948 841 obscurum,
974 785 1060 828 unum
1077 766 1161 830 deum
1179 785 1257 844 esse,

104 870 237 946 patrem,
269 859 357 923 lilium
377 857 717 942 etspiritnmsauctum.
765 857 826 924 lam
843 861 868 924 si
886 885 960 928 unus
978 865 1050 931 deus
1070 878 1132 945 cst,
1166 888 1258 951 aquo

103 973 176 1027 sunt
192 961 302 1041 omnia,
326 959 398 1026 nibil
413 980 509 1045 neque
521 959 685 1040 sinistrum,
708 983 802 1048 neque
819 964 873 1027 alia
889 966 1004 1033 ratione
1020 970 1160 1034 deficiens
1173 969 1260 1033 inerit

102 1065 178 1150 ipsi,
209 1085 304 1150 neque
326 1061 449 1128 interius
473 1074 590 1148 praeter
609 1063 659 1128 illa
681 1085 754 1149 quae
777 1070 956 1152 procreavit.
1002 1067 1110 1137 Cetera
1128 1081 1194 1158 post
1210 1094 1259 1157 pa·

103 1181 179 1235 trem
202 1168 291 1232 lilium
312 1165 503 1251 spiritumque
520 1177 653 1231 sanctum
674 1166 825 1254 praeclare
843 1172 879 1234 ub
897 1193 934 1235 eo
952 1175 1090 1259 producta
1109 1186 1194 1255 sunt,
1226 1195 1260 1237 ac

103 1273 178 1337 citra
201 1271 288 1334 ullam
311 1267 450 1334 iuvidiam
474 1269 592 1354 egregie
614 1271 784 1336 constituta.

192 1370 277 1457 Quod
296 1373 322 1437 si
340 1371 483 1436 eiusmodi
504 1372 618 1456 quidam
639 1373 723 1438 nobis
742 1395 758 1438 e
775 1374 895 1440 latebris
911 1376 1032 1442 eductus
1047 1399 1171 1465 serpens
1187 1379 1259 1442 obii·
1284 1382 1344 1450 cap.
1360 1385 1392 1436 ¹¹·

102 1479 163 1543 ciat
179 1477 216 1540 ab
232 1497 290 1540 uuo
306 1497 373 1540 esse
391 1477 496 1541 dextra
511 1475 622 1561 pariter
637 1486 667 1539 et
679 1476 812 1556 sinistra,
837 1481 912 1563 quod
928 1479 1021 1566 ipsum
1039 1481 1068 1544 iu
1083 1501 1186 1546 corum
1200 1502 1261 1545 me·

102 1581 152 1644 dio
169 1589 322 1659 versetur,
346 1578 459 1664 sibique
475 1599 550 1663 quae
565 1578 668 1642 dextra
685 1590 753 1642 suut
768 1581 929 1663 adsciscat,
953 1583 1048 1669 iisque
1065 1586 1208 1669 gaudeat,
1232 1595 1262 1648 et

103 1686 208 1749 eadem
228 1683 400 1748 dextrorum
424 1703 458 1744 ac
478 1681 595 1746 luminis
617 1681 742 1766 appellet
761 1684 895 1764 nomine,
927 1699 1029 1750 contra
1049 1707 1121 1752 vcro
1140 1687 1260 1751 sinistra

105 1799 244 1870 tanquam
261 1805 278 1848 a
294 1805 327 1848 se
342 1783 438 1846 aliena
454 1793 485 1846 et
497 1783 527 1846 iu
541 1783 625 1848 laeva
642 1793 724 1869 parte
741 1785 881 1852 collocata
896 1789 1040 1874 repudiet,
1061 1789 1138 1854 dicat
1151 1810 1261 1874 quaeso

103 1891 183 1955 unde
203 1887 281 1952 illam
300 1885 490 1971 geometriam
512 1885 660 1966 hauserit,
694 1898 726 1951 ut
744 1888 879 1953 dextram
897 1891 1104 1975 sinistramque
1122 1892 1186 1956 sine
1206 1893 1261 1956 nlla

103 1990 267 2058 mutatione
289 2000 471 2054 constantem
495 1990 646 2054 commode
674 1992 822 2054 metiatur.
872 1990 950 2056 Nam
977 1995 1051 2079 apud
1076 2015 1132 2058 nos
1156 1997 1261 2060 dextra

103 2096 264 2160 sinistrave
285 2091 464 2178 quorundam
488 2093 603 2156 ratione
621 2093 835 2173 membrorum,
868 2117 942 2180 qnae
962 2097 1021 2160 lixa
1038 2107 1125 2177 suut,
1157 2098 1261 2162 merito

104 2206 268 2275 vocantur,
293 2215 367 2279 quae
386 2195 544 2280 permutari
562 2195 688 2260 invicem
707 2208 867 2281 nequeunt.
914 2195 999 2282 Quae
1015 2219 1087 2264 vero
1102 2209 1187 2264 extra
1207 2221 1261 2264 nos

102 2313 189 2376 suut,
216 2298 289 2362 alias
306 2299 410 2362 dextra
428 2297 517 2376 bunt,
541 2295 614 2362 alias
631 2298 761 2363 sinistra.
807 2297 925 2363 Etenim
944 2301 1043 2385 quise
1062 2301 1097 2364 ad
1116 2302 1260 2364 orientem

102 2402 283 2480 obverterit,
316 2401 361 2464 hic
381 2401 416 2464 ad
436 2401 572 2464 dextram
588 2413 717 2467 austrum
734 2403 798 2466 sive
815 2402 964 2466 meridiem
985 2402 1118 2481 babebit,
1142 2413 1261 2487 septen-

104 2507 218 2571 triones
236 2505 271 2568 ad
287 2503 446 2567 sinistram.
494 2500 548 2568 Sin
565 2503 746 2568 occidentem
762 2523 866 2569 versus
883 2525 951 2568 sese
965 2506 1157 2583 couverterit,
1178 2528 1261 2570 mun-

102 2610 130 2675 di
154 2606 197 2673 illi
222 2605 358 2671 cardines
383 2605 509 2670 diversis
533 2605 697 2670 nominibus
720 2607 898 2686 afficientur,
930 2629 1061 2692 quaeque
1084 2608 1170 2695 paulo
1191 2620 1259 2672 autc

103 2715 211 2776 dextra
233 2711 329 2774 lucrat
350 2707 506 2787 meridies,
538 2709 568 2772 in
587 2709 734 2772 sinistram
755 2709 930 2788 mutabitur,
963 2697 1036 2796 quae
1056 2712 1091 2775 ad
1111 2711 1259 2776 sinistram

103 2833 230 2899 vergere
248 2811 399 2875 dicebatur
414 2811 540 2875 bominis
557 2811 737 2896 aquilonaris
754 2813 855 2897 regio,
880 2813 915 2876 ad
932 2814 1085 2878 dexteram
1100 2834 1167 2878 esse
1182 2814 1261 2878 dice·

103 2929 163 2981 tur.
209 2911 334 2979 Ubinam
352 2934 424 2996 ergo
442 2923 593 2979 veterator
610 2914 665 2978 iste
683 2935 765 2978 suam
782 2915 861 2979 illam
881 2917 1055 2980 modulando
1071 2917 1127 2980 deo
1143 2939 1261 3000 geome-

102 3020 189 3084 triam
206 3015 336 3102 reperiat
372 3011 400 3079 0
417 3015 616 3080 incredibilem
633 3017 796 3081 lutilltatem
811 3030 898 3103 atque
915 3019 1052 3084 universa
1069 3020 1257 3084 misceutem!

103 3120 192 3207 Quod
209 3139 281 3184 vero
299 3128 364 3204 post
381 3118 501 3202 triginta
517 3119 583 3184 illos
600 3118 721 3184 Aconas
734 3120 878 3184 delectum
895 3121 1032 3184 extitisse
1048 3133 1166 3200 narrat,
1190 3121 1262 3184 libet

102 3227 138 3289 de
158 3245 195 3290 eo
212 3220 369 3286 sciscitari.
416 3219 497 3285 Heus
517 3223 564 3285 tul
610 3219 701 3286 Potes
721 3223 818 3286 dicere
838 3225 915 3287 unde
932 3223 1009 3287 illius
1028 3225 1158 3287 delectus
1176 3234 1260 3287 natu·

102 3348 166 3392 ram
185 3347 220 3390 ac
237 3325 449 3388 desciscentem
469 3320 614 3388 Virtutem
635 3327 831 3409 cognoveris?
875 3321 909 3390 Si
928 3325 1004 3388 esaim
1023 3345 1039 3388 a
1059 3324 1259 3412 superioribus

102 3429 261 3517 pullulasse
278 3428 375 3506 dicas,
400 3448 458 3490 nou
476 3437 622 3508 creatam,
646 3428 697 3491 sed
713 3428 853 3512 genitam,
878 3449 998 3492 rumex
1015 3439 1112 3491 tuaac
1128 3427 1260 3512 magistri

103 3533 145 3597 tui
163 3529 310 3597 sententia
330 3550 405 3614 quae
424 3529 541 3594 condita
560 3543 629 3595 sunt
648 3552 706 3594 non
727 3541 825 3594 creata
846 3531 973 3611 luerint,
1004 3531 1056 3594 sed
1076 3529 1194 3615 genita,
1226 3551 1260 3594 ac

104 3635 229 3722 quaevis
248 3643 352 3698 natura
368 3633 489 3718 quadam
505 3632 542 3696 ab
557 3633 650 3698 altera
666 3634 928 3698 communicatione
943 3635 1121 3698 transfusum
1138 3633 1167 3697 id
1184 3623 1283 3718 quod=

103 3739 192 3803 babet
211 3736 360 3822 acceperit
378 3746 466 3820 atque
485 3733 515 3799 in
538 3736 630 3799 lucem
652 3735 809 3822 prodierit,
837 3738 896 3800 iam
918 3729 981 3821 ipse
1000 3734 1188 3828 coulessione
1212 3748 1260 3801 tua

102 3839 236 3908 induaris
256 3850 383 3925 oportet.
428 3835 546 3902 Etenim
568 3839 593 3902 si
613 3860 629 3901 a
648 3839 849 3925 superioribus
866 3839 1015 3924 posterior
1033 3839 1081 3904 illa
1100 3835 1204 3904 Virtus
1225 3861 1259 3904 ao

104 3944 239 4008 delectus
256 3942 407 4022 extiterit,
431 3941 567 4025 indeque,
591 3953 622 4005 ut
639 3942 678 4006 ita
695 3943 808 4027 loquar,
833 3942 992 4029 pullularit,
1016 3941 1073 4006 erit
1088 3943 1175 4028 plane
1192 3963 1260 4007 coe·

103 4045 221 4112 testium
235 4055 474 4110 ornamentorum
489 4043 647 4130 particeps,
664 4045 894 4131 quandoquidem
908 4065 1062 4111 commune
1074 4046 1181 4131 aliquid
1194 4066 1259 4109 cum

101 4146 271 4214 Pleromate
293 4145 380 4210 babet
401 4147 450 4212 illa
468 4148 631 4234 posterior,
662 4159 777 4212 etcum
798 4149 961 4232 posteriore
978 4146 1132 4228 Pleromaq
1164 4169 1259 4232 neque

101 4247 179 4316 aliud
197 4250 233 4314 ab
249 4249 344 4314 altero
359 4249 523 4330 dissidebit,
548 4272 612 4314 cum
630 4262 754 4336 utraque
770 4252 970 4316 communibus
986 4252 1110 4317 invicem
1127 4249 1259 4314 terminia

102 4439 200 4500 stane
217 4437 379 4506 memleben.
415 4443 452 4504 cl.
468 4455 543 4504 sacpro
559 4456 613 4505 cop.
628 4440 649 4491 l.
701 4442 827 4503 Petuntur,
843 4455 873 4491 ce
892 4443 999 4492 tuscana·
1015 4441 1101 4491 codicis
1116 4442 1261 4490 cuctmttmc.
1307 4457 1310 4464 Δ

134 4509 159 4559 4.
176 4511 224 4570 tto,
238 4515 363 4572 procurate
379 4512 493 4561 cursorio
508 4510 561 4574 (qut
574 4511 669 4572 quidem
700 4513 773 4560 antec
787 4511 850 4559 enim
864 4511 952 4560 eduum
966 4512 1083 4572 uncturus
1097 4506 1142 4560 acet
1155 4504 1203 4566 τὰς
1216 4502 1261 4560 ed·

101 4579 170 4628 metit
187 4587 277 4628 contra
294 4586 322 4628 te
336 4577 419 4644 ipsum
435 4577 551 4645 mmaria)
570 4581 670 4630 comsit
701 4577 746 4631 τοῦ
763 4573 863 4643 ὁπλίζῃ.
