3110 4984
365 303 499 358 emunit
515 305 606 358 HM.
621 305 704 360 ΊὉΜ.
722 307 754 358 ii.
771 305 871 360 neue.
884 305 982 359 xxtv.
1189 297 1248 358 147

107 445 156 510 que
181 423 328 510 origimm
353 425 479 509 eeoepit.
525 421 585 510 Qui
607 425 721 510 quidem
745 425 970 511 praestigismre
995 425 1045 490 iiio
1068 445 1124 490 eno
1146 427 1246 492 nondi-

104 526 230 613 ratpoto,
254 547 340 611 queen
361 526 391 589 iu
408 521 497 612 Syria
515 526 687 610 reliquerat,
712 527 820 592 maiora
835 528 925 591 mutto
946 528 1114 612 praedioare
1136 528 1244 614 eoepit.

103 641 132 694 ut
150 627 369 694 sublimioribus
391 648 477 712 quum
505 629 554 692 iiie
580 629 740 693 traetendis
762 629 944 712 dogmatibus
972 629 1111 694 maiorem
1132 631 1246 696 audito·

102 731 177 795 ribus
197 732 261 796 suis
285 731 381 794 iusum
405 732 533 809 feneret,
555 729 717 815 iisdemque
736 729 896 815 impensius
911 729 1071 810 arrideret,
1096 751 1130 796 no
1148 732 1245 818 plures

102 833 188 897 sodali
206 854 262 897 suo
279 829 431 896 Saturuiio
451 842 614 896 sentatores
638 832 800 916 eoiiigeret.
846 829 949 916 ltaque
970 831 1109 898 fabulosis
1127 834 1245 917 quibus·

101 937 161 998 dam
178 933 301 998 odientis
316 935 437 998 somniis
458 933 534 998 buuu
549 935 579 998 in
597 935 712 998 modum
729 954 856 998 exorsus
869 943 927 997 est.
971 929 1033 998 Sed
1049 943 1080 998 ut
1097 935 1173 1019 quod
1195 956 1244 1000 res

46 1071 48 1077 ·
100 1045 143 1100 est
156 1038 267 1116 dionm,
292 1057 351 1100 nou
366 1035 416 1100 itte
432 1056 485 1121 per
503 1056 572 1100 sese
590 1056 625 1099 no
640 1047 744 1121 suopte
765 1035 884 1119 ingenio
901 1035 963 1099 diro
980 1034 1029 1100 itia
1047 1057 1082 1100 ae
1104 1035 1245 1120 pestifera

100 1139 230 1222 dogmtta
246 1139 356 1224 primus
372 1139 564 1222 excogitavit,
588 1139 639 1202 ned
655 1159 672 1202 a
687 1137 838 1203 Sotorniio
854 1157 890 1200 ae
903 1133 1025 1201 Simone
1038 1133 1141 1222 Mago,
1158 1157 1244 1222 quem

101 1261 184 1326 snpra
202 1239 414 1320 refutavimus,
438 1239 550 1304 erroris
568 1251 740 1324 arguments
762 1251 910 1302 mutuatus
932 1251 994 1319 est,
1026 1238 1174 1323 quaestio
1196 1260 1244 1302 rn-

100 1345 176 1406 tiooe
192 1353 321 1405 uastare
336 1353 367 1405 et
381 1341 494 1405 maiore
511 1363 576 1406 oum
593 1361 697 1428 pompe
714 1361 852 1404 eunrrnre
866 1341 1001 1404 instituit.
1033 1339 1121 1419 Erat,
1138 1341 1242 1424 iuquit,

99 1443 257 1527 ingenitum
276 1465 364 1506 uuum
380 1443 569 1530 principium,
594 1443 641 1528 qui
657 1443 738 1507 solus
762 1455 809 1506 est
829 1443 956 1506 omnium
975 1439 1112 1520 Perses,
1136 1443 1172 1505 ab
1189 1442 1243 1506 boe

99 1555 251 1630 procreata
270 1542 379 1623 Mens,
402 1541 539 1608 sMerrte
556 1543 705 1624 Verbum,
729 1544 765 1608 ab
787 1545 841 1608 buo
862 1541 1039 1622 Prudentis,
1063 1565 1080 1608 a
1103 1565 1157 1628 que
1175 1541 1244 1608 Vtr-

97 1658 141 1710 tus
155 1657 187 1710 et
207 1643 360 1732 Sapientia
376 1647 493 1731 prodiit.
538 1645 586 1709 Ab
609 1658 731 1730 utreque
753 1667 841 1731 porro
856 1641 1053 1730 Principum,
1076 1643 1244 1710 Potesteten

96 1759 125 1813 et
146 1749 269 1833 Angeii.
316 1745 432 1812 Deinde
454 1745 588 1811 Virtutes
609 1747 778 1833 Angebque
802 1747 851 1812 isti
875 1747 996 1832 primum
1021 1769 1056 1812 oe
1077 1768 1243 1833 supremum

96 1851 207 1914 eoelum
234 1849 327 1914 moliti
344 1849 477 1934 Angelos
497 1871 613 1914 rursum
638 1849 712 1913 aiios
733 1859 941 1935 propagarunt.
985 1844 1044 1930 Qui
1068 1859 1099 1914 et
1119 1850 1174 1934 ipsi
1196 1871 1244 1914 se·

96 1955 218 2017 eundum
242 1952 357 2016 eoelum
380 1950 510 2016 febrienti
534 1962 621 2031 suot,
652 1961 683 2014 et
706 1950 781 2015 aiios
805 1951 926 2035 insuper
940 1946 1074 2034 Angelus
1097 1952 1244 2036 produxe·

95 2066 172 2118 runt.
217 2053 258 2118 flt
280 2053 400 2117 tertium
418 2052 554 2118 adieoere
577 2053 708 2118 ooeiume
737 2064 825 2138 atque
848 2051 889 2116 iu
907 2051 1074 2136 singiliatim
1098 2073 1155 2117 uno
1178 2065 1244 2138 post

95 2157 169 2220 abiud
193 2157 280 2220 eoeio
301 2155 479 2228 indentidem
502 2155 661 2220 constituto
681 2155 719 2220 ed
743 2149 917 2219 CCCLXV
939 2153 1107 2238 porfirium,
1131 2175 1242 2238 quosa

95 2259 186 2344 primo
209 2277 406 2344 supremoque
428 2257 464 2321 nd
486 2255 514 2320 id
537 2257 613 2341 quod
636 2256 719 2321 uobis
741 2257 871 2320 uitiorum
893 2263 939 2320 est
961 2265 1144 2320 enumerant.

173 2561 237 2630 Sed
258 2563 332 2627 baee
353 2563 490 2646 figmento
507 2563 624 2628 nonnisi
648 2563 821 2648 insipientes
842 2561 961 2626 aiiioere
982 2571 1120 2648 possunt,
1145 2572 1178 2626 ut
1198 2561 1242 2626 iu·
1263 2574 1322 2646 cip.
1344 2580 1375 2629 tt,

89 2668 169 2732 senis
190 2666 308 2730 iilorum
326 2664 412 2750 nugis
429 2663 514 2728 fidem
532 2665 763 2729 accommodent.
809 2661 965 2751 Sapientes
983 2683 1055 2727 vero
1073 2663 1187 2728 iaeiiem
1205 2665 1242 2728 nd

88 2768 301 2834 revincendum
323 2767 450 2851 ineptam
474 2767 559 2830 buius
575 2765 838 2844 numerationem,
862 2775 922 2830 tum
941 2763 1116 2830 seutentiam
1130 2765 1241 2830 indies-

87 2871 176 2948 beot,
201 2869 330 2952 illudque
347 2869 425 2934 unito
447 2869 567 2952 negotiu
581 2869 739 2953 detegent,
762 2877 899 2952 quartum
912 2887 1056 2952 quemque
1069 2866 1241 2932 immensum

87 2972 114 3036 in
132 2971 311 3058 pronitatem
329 2980 454 3034 menum
470 2991 553 3034 suam
571 2981 658 3054 atque
681 2969 808 3033 animum
822 2969 976 3054 eblegnrit.
1020 2965 1138 3032 Etenim
1161 2969 1241 3034 vetut

86 3075 204 3159 poetioo
221 3072 344 3157 quodem
365 3072 465 3136 iurore
481 3071 632 3156 perculsus
650 3071 758 3136 iuieiix
771 3071 944 3150 bumunuio‚
969 3071 1123 3156 uuiouique
1142 3072 1241 3134 coeio·

84 3197 147 3240 rum
168 3174 294 3262 prineipi
320 3185 400 3238 serta
417 3173 534 3238 uomina
549 3173 740 3258 praeseribit,
763 3173 868 3257 quibos
883 3193 901 3236 a
917 3194 951 3238 se
967 3174 1099 3238 eonictis
1115 3171 1238 3236 numini·

82 3278 136 3344 bus
152 3299 171 3342 e
188 3277 305 3340 leuibus
321 3286 351 3340 et
365 3275 518 3341 imbeoiiiis
533 3273 659 3361 ingeniis
675 3295 828 3341 assensum
843 3273 999 3360 exprimat,
1017 3295 1052 3338 ao
1068 3274 1169 3338 iraude
1183 3291 1236 3336 sun

79 3382 303 3444 ereunventm
326 3377 356 3443 iu
375 3377 497 3442 esitium
515 3380 631 3442 ardunae
648 3377 855 3461 interitumque
873 3376 1032 3461 pertrtbot.
1075 3371 1237 3440 Praetereo

79 3482 206 3566 magieis
224 3479 338 3543 artibus
362 3479 438 3543 idern
458 3480 601 3564 impostor
617 3499 653 3542 no
669 3478 836 3564 praestigiis
858 3489 999 3564 perpetuo
1016 3475 1071 3542 init
1090 3474 1234 3538 addietum.

78 3579 136 3665 Qui
156 3583 194 3646 ab
205 3581 332 3667 Angelis
351 3581 450 3644 eitimo
466 3581 533 3645 buis
546 3579 631 3644 ooeio
650 3579 842 3664 proximoque
858 3579 943 3644 uobis
956 3576 1104 3642 attributis
1119 3595 1157 3638 ae
1166 3572 1235 3640 Vir·

78 3695 141 3748 tote
174 3705 252 3768 quae
282 3681 349 3747 istio
381 3684 493 3748 residet
523 3692 622 3747 creatu
649 3681 831 3768 postmodnm
861 3679 1003 3744 inferiora
1031 3688 1134 3744 oenset
1163 3676 1235 3744 bueo

77 3785 193 3850 unia.
241 3783 353 3850 florum
370 3805 409 3850 en
425 3785 609 3871 Angelorum
625 3804 747 3850 numero
763 3802 850 3847 unum
868 3781 1019 3846 eonstituit
1035 3781 1120 3846 deum
1135 3800 1233 3865 quem,

76 3899 107 3950 nt
125 3888 170 3950 ab
195 3886 264 3951 abiis
289 3887 464 3970 distinguat,
497 3884 614 3952 ludaeis
637 3885 781 3950 duntaxat
797 3881 966 3970 praeponit,
998 3893 1086 3968 etque
1107 3883 1232 3948 eundem

76 3987 174 4072 ἰμιω
193 3989 223 4052 iu
248 4008 349 4052 eornm
366 3987 549 4072 Angelorum
564 3987 697 4052 ordinem
720 3987 813 4051 reiert
836 3981 941 4068 quibus
961 3983 1133 4050 histriouioo
1149 4003 1232 4050 more

78 4101 179 4154 restas
197 4089 408 4176 appellationes
424 4089 538 4154 indidit.
576 4089 624 4154 itt
640 4089 691 4153 iiio
707 4107 780 4152 reru
796 4089 951 4152 tornatum
971 4086 1116 4154 bominem
1132 4087 1231 4165 donet,
1291 4157 1297 4164 ,

75 4313 284 4361 maurone.
302 4309 561 4376 Vniponunupupboin
709 4305 766 4359 b.'
751 4303 793 4360 o're
810 4300 947 4361 odebero.
956 4300 1169 4370 touettndrob
1177 4305 1239 4358 editi

105 4375 268 4436 emon.
293 4379 573 4442 memoremur..
559 4379 642 4428 neon
676 4377 948 4440 unumunurn.

74 4444 174 4510 Min.
192 4448 391 4509 monoperae,
415 4447 644 4509 ruomurrpesau
709 4441 1233 4506 (iderabiebntnbtpuefsrsmtpbwest

72 4517 173 4566 aad.
190 4517 264 4566 istie.
675 4512 766 4564 meod.
783 4513 880 4574 samm.
895 4511 1055 4572 stadem

964 4594 1031 4659 tu*
