3096 4988
364 427 501 480 rinnon
518 427 581 478 nro.
592 428 611 477 t.
629 427 751 480 somn.
772 427 967 479 usnam.
1176 421 1234 484 301

93 549 253 614 mitterent.
298 545 344 612 hc
360 569 419 613 non
434 547 604 612 sacerdotes
619 547 712 612 solum
728 547 782 612 hoc
796 549 872 632 ipso,
896 547 972 632 qood
987 569 1023 612 ne
1040 548 1160 614 sabbato
1176 552 1239 635 qui-

92 652 156 716 dem
175 662 277 716 essent
292 650 407 731 feriati,
430 651 557 716 saltatum
573 650 643 714 illud
659 649 696 714 iri
712 651 760 714 diu
777 660 845 714 ante
861 651 1116 734 praenuntiabant,
1140 656 1192 720 sed
1211 666 1240 719 et

91 755 275 820 circumcisio
298 755 363 840 ipsa
385 753 529 820 solvebat.
582 750 657 818 Com
685 752 761 816 enim
790 751 910 816 sabbato
935 773 1007 836 puer
1029 751 1238 840 saepenumero

91 866 281 937 nasceretur,
306 857 369 922 eius
387 857 444 922 diei
461 853 831 942 religionem'eircumoisio
848 854 984 934 tollebat,
1008 868 1093 942 cupae
1111 858 1151 922 ita
1170 861 1239 925 dna-

89 959 145 1024 bus
166 959 226 1025 illis
246 962 336 1025 rebus
355 960 467 1024 sabbati
484 959 637 1044 abnegatio
650 957 811 1043 sigrrilioatn
829 971 896 1022 ante
915 959 1038 1024 videtur.
1083 959 1147 1025 lloc
1161 962 1237 1026 anim

90 1072 219 1141 constat,
244 1083 296 1127 eos
309 1062 358 1147 qui
373 1073 472 1128 natum
486 1063 516 1126 io
530 1063 652 1126 sabbato
669 1081 790 1147 puerum
804 1061 1056 1142 circumciderant,
1079 1063 1143 1126 sire
1160 1075 1240 1128 octa-

89 1185 160 1228 vum
177 1165 253 1229 diem
269 1177 404 1230 anaante
422 1165 581 1230 obseruare
597 1164 723 1242 vellent,
755 1165 830 1248 quod
849 1163 875 1228 is
890 1165 919 1228 in
935 1164 1084 1229 sabbatum
1100 1166 1239 1230 incurris·

89 1277 150 1344 set,
175 1267 278 1332 eodem
291 1268 357 1354 ipso
373 1261 602 1345 circumcidisse,
625 1288 661 1330 ao
675 1265 797 1352 proinde
812 1265 907 1350 oper'm
921 1267 1027 1352 eliquit
1043 1268 1150 1352 egisso,
1174 1269 1240 1333 soh·

88 1369 249 1454 batumque
271 1370 412 1435 uiolasse.
464 1368 520 1436 Sin.
541 1369 700 1454 abrogandi
727 1367 839 1433 sabbati
864 1381 941 1433 notu
963 1369 1131 1452 differrent,
1163 1393 1240 1436 nono

91 1473 209 1537 demum
226 1473 273 1536 die
291 1472 541 1538 circumcisionem
559 1471 738 1550 adhibuisse,
762 1481 849 1556 atquc
863 1471 947 1536 lanios
962 1473 1035 1539 adeo
1049 1473 1143 1557 legens
1158 1495 1241 1560 prae·

90 1574 285 1660 stitntnmque
306 1576 417 1640 dierum
440 1587 507 1640 octo
529 1594 682 1639 atomorum
703 1573 822 1638 minime
845 1575 986 1640 mouisse.

180 1674 241 1742 Sed
264 1699 301 1742 ne
325 1679 388 1764 ipsa
411 1677 524 1764 quidem
550 1677 642 1764 prima
668 1689 732 1742 erat
756 1678 886 1763 perlecta
903 1678 1103 1758 circumcisio,
1136 1701 1236 1744 reram
1287 1689 1347 1756 Cap.

90 1778 169 1864 signi
195 1779 290 1844 instar
312 1782 349 1844 ad
372 1801 472 1846 eorum
495 1803 568 1866 quae
597 1791 700 1867 postea
728 1779 983 1864 consequebantur
1008 1783 1238 1848 recordationem
1254 1755 1378 1810 mm·

91 1903 254 1963 concessa,
277 1905 312 1948 ao
330 1886 502 1970 praesertim
528 1883 565 1949 ob
585 1883 742 1963 abraami,
774 1883 981 1966 addiximus,
1005 1885 1238 1964 haesitationem,

92 2008 158 2050 com
175 1985 256 2050 illum
276 1987 348 2051 dous
365 1987 526 2072 redarguit,
548 1998 611 2050 tom
626 1987 660 2050 ad
680 1986 800 2050 maioris
817 1985 910 2065 illius,
935 1971 1022 2072 atque
1038 1988 1241 2074 aequaliteriu

92 2087 129 2152 iis
148 2089 198 2174 qui
217 2089 331 2173 quidem
351 2090 460 2174 dignati
478 2090 587 2154 luerint
605 2088 702 2152 omnia
721 2087 909 2172 perficientis,
933 2089 1157 2157 adumbraudam
1171 2091 1243 2156 ima·

92 2190 206 2274 giam
252 2189 369 2256 Etenim
391 2191 418 2256 si
435 2192 652 2276 ingenerandae
675 2190 838 2256 sanctitatis
854 2192 1030 2257 coelestisne
1053 2194 1138 2278 regni
1163 2194 1243 2257 velut

93 2293 272 2359 hereditatio
293 2294 358 2360 inre
376 2295 546 2359 conserendi
564 2295 659 2380 gratia
677 2304 756 2358 esset
773 2293 921 2374 instituta,
945 2315 1128 2380 consequeus
1151 2306 1240 2375 esset,

95 2393 237 2476 Sarrana,
260 2417 294 2460 ac
311 2395 494 2476 Rebeccam,
523 2409 554 2460 et
571 2395 654 2461 Liam
672 2418 707 2461 ac
727 2395 903 2476 llachelem,
934 2409 964 2460 et
982 2395 1185 2478 lochnhotam‚
1209 2419 1243 2462 ao

93 2497 224 2564 hieriam
238 2495 355 2585 Moysis
372 2521 522 2579 sororem,
547 2511 719 2585 ceterasque
737 2509 853 2564 sanctas
865 2499 1004 2564 mulieres
1021 2521 1056 2565 eo
1071 2521 1137 2564 esse
1150 2520 1242 2584 regno

94 2603 246 2687 privatas,
270 2622 327 2666 nec
341 2603 499 2668 coelestem
519 2603 595 2666 illam
618 2603 808 2667 hereditatem
825 2623 911 2686 posse
929 2623 1102 2687 capessere,
1127 2613 1243 2688 propte·

93 2725 147 2770 rea
169 2706 247 2790 quod
265 2705 406 2770 Abraami
431 2704 653 2770 circumsionem
679 2725 822 2790 usurpare
845 2705 1046 2789 nequiverint,
1078 2727 1180 2790 quam,
1211 2717 1243 2770 ut

92 2808 145 2871 isti
162 2809 277 2886 volunt,
301 2809 374 2872 deos
389 2807 430 2872 illi
445 2808 568 2892 largitus
585 2819 642 2872 est.
677 2806 763 2892 Quod
781 2807 805 2872 si
826 2807 946 2872 coelesti
962 2807 1028 2872 illae
1045 2829 1149 2892 regno,
1169 2819 1241 2873 tam-

94 2910 152 2974 etsi
171 2909 363 2974 circumcisae
380 2931 439 2974 oon
462 2911 587 2990 luerim,
617 2911 736 2975 minime
754 2920 928 2990 caruerunt,
959 2910 1030 2974 nihil
1052 2909 1142 2994 igitur
1157 2913 1243 2978 modo

94 3013 194 3076 carnis
212 3012 263 3076 illa
278 3011 461 3077 circumcisio
478 3014 607 3099 prodest.
654 3011 694 3076 Et
709 3013 860 3098 veroquid
878 3024 941 3092 est,
964 3014 1039 3098 quod
1055 3012 1152 3078 Ebion
1170 3015 1243 3080 odeo

94 3116 132 3179 de
150 3113 375 3180 circumcisione
393 3137 447 3180 sua
460 3115 618 3201 glorietur,
642 3137 707 3180 cunr
721 3127 750 3180 ot
765 3115 907 3180 idolorum
921 3115 1049 3180 cultores
1063 3128 1093 3181 et
1107 3119 1245 3183 sacerdo-

98 3229 145 3282 tes
158 3217 300 3304 Aegyptii
322 3217 436 3304 seipsos
459 3239 574 3304 qunque
599 3218 818 3283 circumcidant.
864 3216 950 3302 Quod
972 3230 1002 3283 et
1026 3217 1185 3298 Saraceni,
1216 3230 1246 3282 et

96 3318 267 3386 lsmadlitae
291 3343 326 3385 ac
341 3319 536 3401 Samaritani,
561 3319 679 3399 ludaei,
702 3317 851 3400 ldumaei,
883 3331 913 3384 et
932 3319 1099 3386 llomeritae
1123 3321 1243 3386 laniunt.

97 3421 233 3507 Quorum
251 3423 280 3487 id
300 3425 430 3510 plerique
445 3445 504 3488 non
521 3425 617 3510 aliqua
633 3425 715 3509 lege,
739 3424 792 3488 sed
807 3424 1017 3488 consuetudine
1033 3425 1154 3507 quadam
1173 3423 1246 3486 citra

96 3527 186 3591 ullam
209 3525 354 3590 rationem
376 3528 548 3613 suscipiunt.

182 3625 321 3713 Denique
333 3630 487 3715 plurimum
502 3651 520 3693 a
535 3650 580 3694 rnc
595 3630 734 3716 temporis
748 3629 854 3692 insumi
875 3647 997 3692 necesse
1013 3627 1070 3706 sit,
1100 3629 1125 3692 si
1148 3629 1176 3692 in
1199 3649 1246 3692 re·

98 3730 239 3796 lellcndis
251 3731 329 3796 illias
345 3733 430 3817 ongis
451 3733 606 3798 inhaerere
625 3733 759 3810 volucro,
782 3732 831 3816 qui
852 3731 907 3794 hoc
924 3751 981 3794 uno
997 3729 1152 3794 salvatoris
1170 3732 1246 3795 dicto

97 3835 210 3899 frustm
228 3833 347 3898 nititur:
377 3835 492 3915 Sufficit
504 3839 641 3918 ᾰιὶιοφιιὶο
658 3840 687 3897 aa·
701 3839 742 3896 sa't
754 3839 830 3896 achat
844 3837 978 3913 moghter
993 3838 1069 3910 crha,·
1093 3844 1125 3898 ut
1139 3834 1245 3921 etipse
1270 3829 1354 3876 Ml·

98 3949 222 4024 propter
244 3958 309 4000 msa
332 3959 417 4022 quam
443 3938 473 4001 in
500 3960 533 4003 se
550 3938 656 4001 mento
671 3932 808 4001 Christus
828 3935 975 4021 expressit
997 3935 1247 4001 circumcisionem
1281 3883 1360 3938 m

99 4061 185 4104 eoam
209 4051 385 4125 arroganter
402 4051 541 4106 ostentet.
583 4032 795 4104 Verumtamen
812 4037 948 4122 quoniam
966 4036 1002 4100 oh
1022 4034 1132 4104 Christi
1154 4039 1249 4103 imita·

100 4143 211 4208 tionem
229 4165 267 4207 ca
282 4163 315 4207 so
332 4144 475 4207 sententia
494 4163 583 4231 pecus
604 4142 652 4206 illa
673 4141 818 4218 defendit,
842 4140 939 4204 dicere
956 4139 1030 4204 haud
1050 4141 1176 4206 uerebor
1197 4163 1248 4206 ne·

100 4267 248 4330 quaquam
271 4245 348 4310 illam
369 4265 404 4309 eo
427 4246 587 4331 pertinere.
632 4240 738 4309 Statim
759 4242 835 4308 euim
856 4242 990 4308 dominus
1009 4245 1115 4308 adiecit
1135 4265 1193 4307 nou
1215 4263 1248 4308 se

101 4349 159 4413 deo
178 4349 236 4414 ista
257 4347 387 4426 dixisse,
412 4349 463 4412 sed
484 4347 521 4413 ob
542 4350 714 4432 ingruentes
732 4345 948 4430 exagitatioues
966 4343 1197 4431 ludaeorumquc
1218 4346 1248 4408 iu

133 4487 162 4538 2
179 4483 267 4552 μιαροὶ
289 4485 366 4548 ἱερεῖς
390 4499 442 4537 meo
468 4491 501 4537 est
525 4487 661 4537 emendotio.
747 4481 766 4532 ti
785 4481 994 4533 circcmoisionem
1011 4482 1110 4533 habent.

99 4557 215 4606 Purattu
226 4556 319 4605 ootetot
332 4553 407 4621 ἱερεῖς
423 4557 565 4616 simpliciter.
598 4555 662 4604 Lttn'
747 4551 847 4602 .Vcrto
862 4549 906 4604 sol
919 4546 953 4605 δι’
968 4547 1045 4604 adrod
1060 4549 1250 4616 καταλυθεῖσαν,

99 4625 188 4673 nomm
217 4627 334 4690 praepete.
378 4625 504 4673 Comortns
536 4623 661 4674 connects.-
693 4634 753 4684 oone
774 4622 845 4683 nutoo
866 4622 1042 4682 dandrontur,
1064 4621 1184 4681 receptae
1200 4621 1251 4670 cod.

100 4689 204 4758 quando
216 4688 295 4742 αἰαιιι
308 4689 430 4742 idolatrae
444 4700 470 4743 ct
485 4690 600 4742 scelerati
609 4693 659 4742 ho-
696 4691 815 4742 Vodoono.
