3106 4990
317 255 379 318 478
741 263 863 318 samm
880 265 1047 317 ΕΡΙΡΗΛΝΠ

318 381 422 448 άκτῑνα
438 390 492 464 τῆς
507 379 663 464 άληθείος,
686 379 728 458 όίς
745 407 777 467 γε
793 379 867 464 ῆμῖν
885 379 1026 458 πολλάκις
1041 381 1115 448 κατά
1131 381 1241 458 πλάτος
1257 385 1371 468 εἴρηται
1390 385 1468 473 ἐατῆ

318 484 395 568 πρός
416 487 542 566 ἑκάστην
562 489 675 570 αἵρεσιν
695 481 854 551 όπυθέσει·
886 481 927 560 οίς
945 483 1104 562 ἐξόπαντος
1121 491 1285 570 φαρᾶσθαι
1300 487 1352 550 καί
1368 493 1469 552 τοῦτον

319 586 450 673 άγόρτην
466 591 516 654 καὶ
533 586 735 654 θανατοποιόν
753 586 901 662 ίσοτόπιος
916 596 981 662 ταῖς
997 589 1225 672 προειρημέναις
1240 591 1409 666 ἐπιδείξεως
1423 588 1467 671 χά-

319 716 365 774 ριν
380 693 429 756 καί
447 696 612 778 περιεργίας
626 689 662 756 τά
678 687 786 776 μεγάλα
800 697 893 754 ταῦτα
909 687 1094 756 καττόσαντά
1108 715 1138 754 τε
1155 692 1207 756 καί
1219 689 1466 774 μηχανησάμενον.

166 920 234 987 Κςφ,
257 912 304 982 κγ’,
410 894 615 981 Παρελθόντος
636 897 668 960 δέ
689 897 740 960 καλ
757 893 811 977 τῆν
829 893 937 961 τούτου
954 901 1136 982 μοχθηρίαν,
1169 898 1220 961 καλ
1236 903 1296 960 τοῖν
1312 893 1362 961 ἐπ’
1380 894 1467 962 αότοῠ

321 1003 514 1083 Μαρκωσίιον
531 999 709 1084 λεγομένων,
731 1000 781 1063 ἐπὶ
802 995 855 1074 τάς
869 999 937 1080 ἑξῆς
952 997 1140 1081 σπεύσωμεν,
1163 991 1401 1082 οίέπιπόθητοτ,
1421 997 1468 1074 τάς

318 1099 416 1166 αάτοῑν
433 1104 514 1186 ῥίζας
530 1099 619 1166 πάλιν
633 1097 857 1186 άνερευνάντες,
888 1103 938 1166 καί
955 1108 1015 1166 τῶν
1030 1108 1153 1186 καρπῶν
1169 1099 1267 1167 αὐτῶν
1283 1100 1339 1184 τῆν
1355 1105 1467 1186 πικρίαν

319 1203 522 1283 ἀφανίζοντες,
552 1202 605 1284 τῆν
621 1227 651 1268 τε
669 1200 839 1286 άνατροπῆν
854 1203 905 1268 καί
921 1201 957 1268 τά
973 1202 1036 1269 κατ’
1052 1202 1162 1280 αάτοάς
1178 1201 1275 1270 πάντα
1292 1203 1467 1270 ἐπιδεικτόν-

318 1332 379 1386 τες,
403 1305 458 1372 οόκ
475 1309 516 1382 είς
530 1304 645 1387 βλάβην
658 1312 717 1370 τῶν
734 1305 978 1391 ἐντυγχανόντων,
1000 1303 1071 1370 άλλά
1086 1308 1128 1382 τίς
1142 1304 1327 1392 άποτροπῆν,
1351 1305 1426 1392 πράς
1438 1305 1467 1372 τά

320 1408 360 1492 μὴ
377 1408 535 1490 πλησιάσαι
550 1415 601 1498 μιᾷ
616 1415 675 1474 τῶν
692 1409 914 1492 προειρημένων
930 1409 1083 1493 αἴρέσεων,
1106 1407 1200 1490 ῆτιδν
1216 1411 1382 1492 μετέπειτα,
1404 1407 1467 1474 άλλά

321 1511 501 1597 ἀναγνόντας
517 1509 553 1574 τά
569 1512 752 1596 γεγραμμένα
767 1509 836 1594 παρ’
853 1507 970 1590 αότοῖς,
993 1513 1044 1576 καλ
1062 1510 1186 1596 γνόντας
1202 1510 1238 1576 τά
1255 1510 1403 1600 ᾀδόμενα,
1423 1513 1466 1578 ιιαλ

321 1613 518 1699 καταγνόντας
534 1620 587 1695 τῆς
601 1612 726 1696 ἑκάστης
740 1611 837 1678 αὐτῶν
851 1611 965 1696 πλάνης
981 1614 1077 1683 τεκαὶ
1095 1613 1281 1697 ἓρπετάδοας
1295 1620 1465 1700 μοχθηρίας,

198 1748 248 1794 μσς.
262 1733 306 1776 258.
322 1715 504 1801 άποφεόγειν
520 1741 550 1780 τε
564 1717 624 1794 καί,
647 1713 689 1791 σός
704 1713 804 1796 εἶπον,
827 1714 867 1798 μῆ
881 1713 1056 1798 πλησιάζειν.
1100 1716 1226 1797 Διψάδα
1241 1716 1298 1802 γάρ
1316 1743 1384 1784 τινα
1400 1721 1468 1802 ἐχιδ-

319 1819 375 1885 νάν
397 1840 487 1899 φασιν
512 1821 543 1882 οἱ
563 1817 766 1904 ἱστορήσαντες
789 1821 836 1882 ίοῡ
857 1816 952 1900 λόμην
972 1817 1088 1886 τοιάνδε
1113 1821 1254 1900 ἐμποιεῖν.
1297 1817 1349 1886 Ἐν
1374 1820 1469 1894 τόποις

321 1921 375 2008 γάρ
393 1943 480 1998 τισιν,
512 1919 590 1985 όπσυ
607 1920 709 1986 πόελοι
724 1924 756 1986 έν
772 1930 836 1996 ταῖς
853 1921 972 2003 πέτραις
987 1917 1007 2002 ῆ
1022 1919 1141 2004 λιβάδες
1156 1923 1211 1986 είσί
1226 1925 1331 2006 μικραί
1346 1920 1407 1988 άπά
1425 1947 1469 1987 τιε-

321 2032 399 2108 τρῶν
413 2022 544 2106 χεόμεναι
564 2026 606 2098 είς
621 2021 773 2107 όποδοχῆν
789 2049 869 2102 τινα,
898 2020 919 2106 ῆ
938 2021 1012 2106 ον’τῆ
1028 2023 1122 2105 διψάς
1137 2023 1218 2110 ὕδωρ
1233 2022 1412 2108 εόρέσιιονσα
1424 2027 1469 2090 καί

319 2135 430 2194 πιοῦσα
449 2125 501 2192 τόν
524 2124 570 2192 ι’όν
591 2125 726 2209 ἐμβάλλει
747 2125 817 2208 μετά
837 2126 870 2192 τό
893 2116 971 2191 πιὲῖν
992 2129 1033 2201 είς
1054 2124 1106 2202 τάς
1126 2129 1342 2211 προειρημένας
1360 2127 1470 2201 στάσεις

321 2238 380 2296 τῶν
395 2227 522 2304 όδάτων,
546 2227 618 2303 άςτε
631 2236 690 2294 πᾶν
706 2236 778 2306 ζῶον
794 2227 958 2311 πλησιάσειν
971 2229 1023 2298 καί,
1037 2235 1132 2294 ποτοῦ
1145 2230 1290 2314 κορεσθέν
1304 2233 1408 2295 δοκεῖν
1423 2232 1469 2312 μὲν

322 2329 502 2411 ω’φελεῑσθατ
519 2333 551 2396 ἐκ
568 2337 621 2396 τοῦ
635 2336 819 2414 μεταλαβεῖν,
853 2329 946 2406 εάθός
962 2329 1089 2416 δὲπαρά
1106 2328 1139 2396 τό
1156 2327 1307 2414 όποδόχον
1325 2339 1386 2398 τῶν
1402 2329 1467 2396 άδά-

321 2461 381 2500 των
402 2437 434 2500 ἐκ
456 2441 510 2498 τοῦ
532 2435 581 2499 ιὀῡ
602 2441 655 2514 τῆς
671 2436 801 2514 διψάδος
817 2429 1035 2516 ὑποδεξάμενον
1049 2437 1243 2499 καταπίπτειν
1257 2435 1307 2500 καί
1325 2434 1467 2518 θνῆστειν.

321 2535 404 2601 Ἀλλά
426 2538 476 2602 καί
498 2540 527 2600 εί
546 2564 612 2601 τινα
634 2535 765 2619 πλήξειεν
785 2533 806 2617 ῆ
830 2532 906 2617 αότῆ
927 2533 1035 2616 διψάς,
1063 2533 1122 2600 άπό
1140 2543 1194 2600 τοῦ
1211 2539 1425 2622 περισσοτίρως
1440 2539 1470 2601 ἐν

323 2637 398 2727 αότῆ
416 2645 578 2704 καυστικοῢ
596 2641 644 2704 λοῦ
661 2640 710 2704 ἐπί
726 2636 821 2723 όρεξιν
838 2641 931 2720 δίψης
946 2639 998 2703 καλ
1013 2635 1147 2719 πόματος
1163 2640 1359 2723 προτρέποιτο
1374 2638 1470 2713 πάθος

322 2751 375 2824 τῆς
392 2739 570 2826 άλγηδόνος,
592 2743 813 2825 προςφέρεσθαί
826 2764 856 2804 τε
873 2737 918 2805 αἐί
932 2742 984 2805 καλ
1000 2745 1095 2805 πίνειν
1115 2743 1286 2826 ιἐρεθίζειν.
1333 2747 1469 2824 ’Νομίζιι

322 2846 355 2909 δέ
369 2871 397 2908 τι
412 2841 592 2924 ω’φελεῖσθαι
604 2843 681 2928 πρός
697 2839 859 2930 τῆν’λάμην
874 2840 892 2908 ό
906 2844 1026 2928 πληγείς
1040 2839 1145 2918 όσάκις
1158 2847 1212 2924 τῆς
1224 2847 1368 2926 τοιαύτης
1379 2854 1467 2908 θωνα·

321 2945 456 3030 τηφόρου
474 2943 635 3031 άλγηδόνος
646 2945 799 3031 λαμβάνει,
822 2943 892 3010 άλλά
907 2947 939 3010 ἐν
954 2943 1033 3033 αὐτῷ
1049 2953 1091 3034 τῷ
1104 2944 1186 3034 τόπρι
1202 2951 1410 3030 πληρωθείσης
1422 2951 1469 3026 τῆς

322 3047 461 3135 γαστρός,
485 3050 535 3114 καὶ
551 3050 654 3130 μηκέτι
668 3045 902 3130 ὑποδεχομένης,
926 3045 1048 3132 ὕστερον
1062 3046 1118 3113 σάν
1130 3055 1171 3136 τῷ
1186 3047 1297 3130 πόματι
1310 3047 1344 3114 τό
1359 3055 1467 3128 πνεῦμα

322 3149 453 3234 άφλησιν.
501 3149 587 3216 Οὕτω
606 3152 656 3216 καλ
672 3143 760 3226 οὗτος
774 3147 835 3215 άπό
851 3148 984 3233 πόματος
999 3148 1052 3216 τόν
1067 3149 1202 3216 θάνατον
1217 3160 1280 3226 τοῖς
1295 3148 1366 3237 παρ’
1380 3147 1465 3216 αὐτοῦ

320 3253 520 3337 ῆπατημὲνοις
539 3256 725 3340 ἐξεργάζεται.
771 3245 873 3337 Οδπερ
894 3254 942 3318 tofi
963 3255 994 3317 ἐν
1012 3251 1137 3336 δυνάμει
1152 3260 1228 3319 θεοῦ
1247 3255 1405 3338 ῥυσθέντας
1420 3251 1465 3315 ἐπὶ

321 3355 375 3433 τάς
395 3357 461 3440 δξῆς
483 3360 580 3440 λ’ωμεν.
1241 3395 1243 3400 v

498 3573 501 3580 ⁴
582 3605 735 3674 κατι
783 3603 1238 3690 ιιοκοειικειοκ,

494 3717 791 3812 πεντεκαιδεκάτη,
822 3717 845 3812 ἠ
871 3723 929 3792 καὶ
955 3719 1136 3816 τριακοστὴ
1164 3727 1297 3815 πέμπτη

408 3866 598 3952 Κολόρβασος
619 3866 734 3942 τούτοις
754 3869 853 3932 ἕπεται
875 3866 935 3933 άπά
956 3847 1010 3949 τῆς
1030 3874 1084 3932 τοῦ
1105 3869 1321 3952 προειρημένου
1340 3864 1464 3950 Μάριον

323 3975 455 4058 γοητείας
476 3968 526 4034 τόν
546 3973 651 4054 ἔρανον
669 3969 879 4052 ποιησάμενος,
910 3967 980 4034 άλλά
996 3971 1047 4033 καὶ
1067 3967 1126 4034 άπό
1145 3976 1197 4051 τῆς
1214 3976 1269 4034 τοῦ
1287 3969 1462 4050 Πτολεμαίου

323 4078 403 4158 ῥίζης
417 4071 570 4138 σκολόπων
583 4076 668 4154 δίκην
683 4071 847 4154 άναφόσας,
869 4073 971 4155 1ἕτερα
986 4071 1074 4136 πόλιν
1087 4073 1168 4156 παρά
1182 4071 1332 4146 ἐτοότονς
1346 4073 1461 4150 ἐνοχλεῖν

322 4183 362 4264 τῷ
377 4175 478 4263 κόσμῳ
496 4176 624 4258 κέντρων
638 4178 722 4256 δίκην
737 4173 886 4258 ἐπενόησε,
903 4178 998 4257 δῆθεν
1012 4179 1129 4256 μείζονα
1143 4177 1319 4254 φαντασίαν,
1341 4169 1380 4248 άς
1392 4166 1459 4234 §w-

323 4287 379 4342 θεν
394 4277 492 4360 ῆκων,
521 4273 738 4360 μηχανώμενος.
783 4280 844 4342 Καὶ
864 4275 899 4342 τά
918 4277 971 4358 μέν
987 4284 1089 4361 πρῶτα
1106 4274 1162 4342 σάν
1182 4282 1223 4365 τρλ
1240 4274 1361 4365 Μάρκρι
1375 4267 1461 4352 άπάψ

359 4433 417 4485 (λιν.
430 4435 529 4484 xxm,
547 4460 580 4471 -
600 4436 621 4484 1.
639 4435 746 4485 θειτιλλιο
762 4431 882 4500 ἐρεθίζω.
1024 4453 1030 4461 ·
1225 4468 1237 4498 ,

356 4501 381 4552 ’λ
398 4502 492 4568 νομίζει
508 4505 560 4554 cod.
575 4503 648 4553 Vane.
665 4507 686 4553 ιλ
702 4504 756 4554 inde
772 4505 827 4554 ιιλθ.
842 4505 923 4554 Ρείον.
960 4505 1033 4566 Vulgo
1048 4500 1163 4570 νομίζειν.
