3110 4984
359 314 494 367 ιιιιιιιιι
512 313 575 366 ιιι.
588 313 608 366 ι.
625 312 707 366 rost.
719 314 751 366 ιι.
770 313 869 366 nass.
886 313 984 365 xxiv.
1189 301 1248 366 15³

101 433 207 498 duobos
234 455 275 498 ex
302 435 402 498 decem
432 433 559 498 miiiibus
587 431 731 516 operiant.
777 429 856 516 Quin
885 443 916 496 et
943 433 1006 498 suis
1033 432 1182 519 discipulis
1209 435 1250 498 ite

100 536 252 622 praecipite
284 534 377 616 Doto,
400 536 512 620 inquit,
536 555 656 620 operam
671 547 704 599 ut
722 536 820 600 omnia
839 535 1043 618 cognoscatis,
1068 555 1154 600 nemo
1178 557 1250 600 vero

98 660 148 702 ros
165 649 338 724 cognoseat.
385 635 544 704 Caeterum
566 649 624 702 tom
648 638 712 722 ipse
725 658 810 721 quam
833 637 882 721 qui
900 637 964 701 eius
988 648 1099 702 sectam
1122 637 1251 723 amplexi

99 753 162 806 sunt
177 740 295 826 quoties
310 742 531 826 interrogantur
547 736 671 804 ludaeos
686 739 801 823 quidem
821 759 855 802 se
871 757 938 804 esse
955 750 1081 823 negant,
1106 737 1252 806 Gbristio·

98 863 148 906 nos
162 863 238 907 vero
253 843 380 907 nondum
397 843 499 908 tuisse.
547 839 599 908 Sic
616 841 763 926 abnegare
783 852 922 926 perpetuo
940 841 1043 920 iidem,
1068 863 1190 927 eamque
1208 853 1252 907 ta·

100 945 154 1009 cite
184 945 260 1032 apud
289 965 322 1009 se
351 945 517 1023 custodire,
554 965 609 1008 nec
634 945 682 1008 ulii
713 947 880 1030 patefacere
901 965 972 1008 suos
1000 944 1142 1025 instituit3
1175 946 1251 1028 quud

99 1048 231 1112 nimirum
250 1057 416 1131 suspectam
432 1047 538 1111 babeat
551 1047 615 1132 ipse
632 1047 841 1133 turpitudinem
860 1067 962 1124 suam,
986 1069 1050 1110 cum
1069 1057 1127 1109 tam
1149 1045 1252 1110 irama-

15 1147 16 1234 Τ
98 1150 139 1214 ιιὶι
162 1149 289 1214 ineditas
311 1160 398 1234 atquc
421 1148 533 1234 impuro
550 1148 703 1234 disciplina
724 1149 865 1212 audacter
886 1147 1017 1232 evulgari
1035 1170 1092 1212 non
1111 1150 1228 1213 audeat.

15 1247 16 1258 ³
180 1250 279 1316 liuius
304 1271 379 1315 vero
402 1252 545 1336 pessimae
571 1262 671 1315 sectae
698 1249 882 1315 occasionem
908 1250 1080 1336 initiumque
1102 1249 1181 1314 dedit
1202 1251 1250 1314 itta
1269 1267 1386 1335 capvt.

100 1355 230 1439 paruo
249 1375 285 1418 eo
302 1352 478 1439 disputatio,
502 1355 647 1418 undenam
664 1354 769 1418 maium
789 1351 932 1436 originem
953 1352 1097 1416 babuerit.
1139 1351 1251 1416 Verum

99 1456 297 1540 unnsquisque
320 1455 482 1520 cuiusmodi
499 1455 556 1533 sit,
579 1453 833 1520 administratione
853 1475 888 1518 oc
904 1453 1104 1538 negotiatione
1126 1473 1180 1517 sua
1203 1453 1253 1516 de·

100 1557 230 1620 durabit.
276 1555 464 1641 Proindeque
482 1557 622 1622 maiorum
642 1557 808 1641 negotiator
823 1578 882 1620 oon
897 1557 1040 1622 bonorum
1058 1567 1105 1620 est
1116 1554 1166 1619 itte
1184 1553 1252 1620 mali

99 1661 223 1737 artifex,
248 1660 489 1744 quemadmodum
508 1659 654 1745 scripturn
672 1667 814 1722 testetur:
841 1662 898 1738 Qui
911 1669 1053 1741 quaerunt
1063 1661 1153 1732 molo,
1178 1661 1252 1720 molo
1261 1677 1404 1735 manant.

99 1785 140 1824 eor
156 1765 378 1844 approbandant.
415 1759 494 1824 Nam
516 1781 611 1846 neque
626 1761 732 1825 maium
751 1761 905 1844 aiiquaudo
923 1761 1034 1840 extitit,
1058 1781 1153 1844 neque
1168 1760 1253 1824 radix

100 1865 151 1927 uita
175 1863 328 1948 nequitiae
353 1863 424 1942 iuit,
458 1883 553 1947 neque
574 1863 693 1928 omnino
718 1863 824 1927 melum
843 1863 967 1926 solidum
993 1863 1127 1948 quiddam
1150 1873 1197 1926 est
1218 1882 1254 1926 ee

100 1966 277 2030 consistens.
323 1961 438 2049 Quippe
460 1964 565 2029 natum
588 1966 762 2049 quandoque
788 1964 896 2029 nullum
925 1964 995 2043 iuit,
1026 1966 1078 2029 sed
1104 1985 1143 2028 ex
1168 1983 1254 2028 occe-

99 2068 180 2131 sione
197 2067 395 2132 introductum
413 2077 442 2129 et
458 2067 599 2132 adscitum
615 2068 644 2130 io
661 2087 834 2151 unoquoque
850 2065 928 2130 inest
939 2067 987 2151 qui
1002 2067 1071 2130 iilud
1086 2065 1251 2130 committit.

101 2166 227 2251 Quodsi
252 2168 370 2232 minime
391 2169 590 2233 committatur
609 2190 667 2232 noo
689 2169 783 2247 ineat,
815 2169 843 2231 id
862 2167 939 2253 quod
963 2189 1050 2253 supra
1071 2169 1253 2232 demonstro-

99 2272 205 2334 rimus.
238 2268 357 2334 Etenim
377 2270 511 2334 dominus
526 2293 591 2334 cum
609 2272 748 2334 universa
768 2281 917 2348 creasset,
940 2273 1026 2344 Ecce,
1045 2269 1150 2354 iuquit,
1173 2272 1254 2330 culm
1267 2293 1359 2340 nm

100 2375 167 2434 tono
177 2384 251 2434 sont
264 2378 375 2448 omnm5
400 2393 457 2456 quo
471 2373 548 2436 istud
565 2373 659 2458 ipsum
677 2373 864 2450 ostenderet,
888 2393 946 2436 uon
965 2391 1033 2434 esse
1050 2381 1135 2435 retus
1154 2372 1254 2432 admo·

100 2479 163 2538 dum
181 2473 303 2551 malum,
328 2495 423 2558 neque
438 2474 533 2551 initio,
557 2475 724 2559 priusquam
741 2473 778 2538 ab
796 2474 911 2538 bomine
928 2472 1082 2558 inciperet,
1103 2471 1251 2534 extitisse.

101 2573 156 2640 Per
172 2597 230 2640 nos
246 2575 326 2638 enim
341 2577 372 2638 iit
389 2585 440 2638 aut
457 2597 515 2639 noo
533 2576 575 2640 bt.
620 2574 670 2640 Es
687 2598 724 2641 eo
741 2597 814 2660 ergo
830 2574 944 2639 scilicet
957 2575 1032 2658 quod
1050 2573 1146 2658 quivis
1162 2573 1255 2637 bomi-

101 2700 165 2742 nnm
184 2678 292 2740 malum
314 2679 412 2742 iacere
431 2677 535 2762 possit,
559 2689 609 2742 aot
628 2678 745 2742 minime
763 2680 873 2755 iacere,
897 2675 921 2740 si
940 2676 1041 2755 iaciat,
1065 2675 1171 2741 maium
1188 2675 1254 2740 cxi·

101 2791 173 2856 stet,
199 2781 225 2842 si
245 2799 304 2842 non
323 2779 428 2859 iaciat,
452 2779 559 2844 uuiiuor
580 2781 637 2843 crit
652 2780 782 2844 omniuo.
827 2776 886 2844 Ubi
906 2777 997 2864 igitur
1014 2778 1100 2844 radix
1116 2778 1165 2842 iiia
1186 2777 1256 2842 mali

102 2881 311 2965 puritatisque
334 2891 440 2945 natura
462 2881 646 2945 subsistens?

183 2981 351 3047 sumntum
369 3003 440 3048 vero
457 2983 581 3048 stoiidus
598 2994 661 3061 est,
686 3004 750 3048 cum
771 2983 913 3048 arirtute
929 2983 1098 3068 productam
1120 2979 1252 3047 Mentem
1272 2995 1397 3064 eapvtt.

101 3084 225 3162 asserit,
250 3081 388 3148 abdente
405 3082 554 3163 Verbum,
579 3106 614 3150 nse
632 3086 687 3148 boe
701 3082 907 3163 Prudentiam‚
940 3084 1014 3150 banc
1034 3082 1181 3150 Virtutem
1200 3081 1256 3148 Sa·
1303 3091 1314 3124 ⁹

101 3187 300 3272 pientiamque
323 3186 491 3271 peperisse,
520 3208 537 3251 a
560 3187 665 3272 quibus
688 3184 856 3252 Potestntes
880 3197 911 3250 et
929 3187 1064 3252 Virtutes
1091 3185 1256 3268 Angelique

100 3288 274 3372 prodierint.
321 3284 381 3352 Sed
407 3289 451 3353 bis
475 3289 610 3354 omuibus
635 3288 816 3374 superiorem
842 3290 985 3374 quandam
1006 3287 1073 3354 Vim
1097 3285 1197 3350 statuit
1219 3303 1256 3348 ec

99 3387 299 3474 Principium,
332 3391 407 3474 quod
430 3391 570 3456 Abrnsax
593 3392 735 3476 oppeiiat,
767 3391 833 3455 idco
857 3391 933 3477 quod
958 3392 1022 3454 eius
1046 3387 1128 3452 vocis
1153 3386 1256 3450 literae

101 3487 278 3557 CCCLXV
303 3511 455 3557 numerum
476 3493 623 3571 efficiunt,
657 3503 744 3578 atque
766 3513 807 3557 ex
829 3513 865 3556 eo
893 3493 1046 3556 coobctnm
1073 3488 1151 3552 iiiam
1174 3509 1257 3552 suam

100 3593 133 3657 de
149 3589 330 3659 CCCLXV
347 3593 437 3658 coelis
453 3595 578 3660 inbutam
594 3595 786 3680 comprobare
802 3593 916 3658 nititur.
947 3590 1061 3677 Quibus
1080 3589 1173 3656 coriis
1188 3589 1257 3654 toti·

102 3697 163 3760 ιιι
184 3715 226 3758 ex
242 3694 456 3762 mattremoticis
474 3696 638 3762 rationibus
661 3698 738 3763 situs
759 3717 794 3760 ac
821 3697 952 3761 iocorum
973 3692 1184 3777 descriptiones
1208 3711 1258 3756 ac-

102 3798 289 3862 commodare
309 3797 388 3862 omui
410 3819 465 3884 ope
490 3819 526 3864 ac
543 3800 641 3863 studio
658 3800 819 3864 contendit.
864 3797 942 3862 Nam
964 3795 1078 3860 iliorum
1099 3796 1259 3860 vanissima

102 3899 286 3964 tbcoremata
304 3920 370 3964 cum
391 3900 471 3985 ipse,
504 3912 564 3964 tum
581 3901 629 3986 qui
648 3923 686 3965 ex
704 3901 773 3966 eius.
787 3899 939 3985 disciplina
957 3908 1043 3976 sunt,
1067 3898 1110 3962 sic
1127 3897 1258 3981 arripuc-

104 4011 188 4080 rant,
213 4010 248 4064 ut
271 3999 302 4063 io
327 4021 411 4064 usum
428 4005 611 4066 conformata
633 4023 717 4066 suum
741 4003 776 4066 nd
793 4001 936 4065 idolorum
954 3999 1185 4087 propugnatricis
1206 3996 1258 4060 iai·

105 4121 215 4186 raeque
240 4111 270 4163 et
297 4101 479 4168 adulterinae
500 4103 651 4168 doctrinae
675 4123 809 4192 caussam
836 4112 924 4188 atque
948 4101 1092 4186 originem
1117 4101 1258 4164 transier-

106 4214 180 4266 rent.
217 4199 302 4286 Quae
317 4203 430 4288 quidem
446 4206 582 4270 similium
596 4205 833 4292 supputationum
849 4204 1025 4292 comparatis
1040 4201 1182 4287 exemptis
1193 4219 1259 4262 cor-

108 4391 195 4456 murm
208 4393 264 4441 nort
280 4390 339 4450 [σας
354 4395 407 4452 τοῖς
420 4391 566 4458 παθητικοῖς
583 4393 666 4458 (norm
699 4389 811 4443 locorum
833 4389 984 4460 digestiones
1009 4387 1115 4458 poeticis
1132 4383 1259 4436 divisioni·
1367 4371 1373 4378 ⁰

106 4463 181 4518 mota
200 4461 335 4510 emendarit
357 4461 496 4528 οοηιιιιιιιι)
520 4459 667 4525 διαιρέσεσι.
701 4461 746 4510 bm
762 4477 835 4530 paras
850 4459 1001 4514 constituere
1016 4454 1119 4508 studens
1134 4457 1185 4506 cett.

107 4525 233 4578 Ceremiam
258 4529 341 4579 uertit:
375 4526 470 4590 Quibus
495 4527 572 4580 coelis
594 4528 669 4579 etism
