3080 5002
348 315 484 369 ιιιιιιιιι
501 315 564 368 ιιι.
577 315 596 367 ι.
613 313 694 367 nom.
705 315 751 366 ιιι.
769 311 868 375 unsa.
879 312 974 364 xnrv.
1177 299 1238 371 ιιι

67 435 168 502 Haeo
183 437 260 502 enim
278 437 376 502 omnia
391 457 445 523 pro
462 457 498 501 ea
514 456 570 521 qua
587 433 735 522 praeditus
752 444 797 498 est
814 433 850 498 ab
873 431 951 497 omui
968 432 1187 518 perturbatione
1203 432 1238 495 li·

66 541 150 604 bere
172 540 341 619 divinitate,
373 538 534 602 denuntiet.
581 535 641 607 sea
668 537 704 601 ob
729 558 791 600 eam
817 535 956 600 videlieet
980 553 1131 613 caussam,
1161 537 1238 621 quod

67 643 283 728 unusquisque
304 663 387 708 suam
403 643 433 706 in
451 643 581 706 inaudem
600 641 706 726 aliquid
721 640 844 704 moliens
863 639 939 704 ultro
957 637 1043 724 rapiti
1058 658 1112 701 soo
1130 639 1237 702 malum

66 747 225 826 arcessit,
257 767 321 810 eum
351 743 468 810 iuterim
498 744 682 830 corruptelae
710 744 794 808 buius
821 753 941 807 nostrae
969 741 1234 825 damnationisque,

67 871 154 934 quae
179 848 258 913 illine
280 849 431 934 seqnitur,
456 848 568 933 eulpam
592 849 664 912 deus
687 848 765 912 nullo
787 849 873 910 modo
895 846 1050 910 sustineat.

168 949 367 1037 Quamobrem
384 950 490 1036 ubique
510 971 542 1016 se
562 951 666 1036 prodet
687 951 779 1038 ipsum
802 947 948 1035 prioribus
967 969 1001 1012 ae
1024 944 1236 1032 posterioribus

68 1055 174 1120 sectis
191 1055 381 1140 implicatum,
406 1075 439 1118 ao
456 1075 489 1118 se
506 1075 523 1118 e
541 1053 712 1140 perditionis
729 1053 852 1117 liliorum
870 1071 992 1114 numero
1009 1068 1076 1113 esse
1092 1057 1236 1112 monstra·

69 1157 134 1238 bit,
163 1179 229 1222 eum
246 1157 273 1223 id
297 1158 451 1222 manifeste
466 1157 578 1222 veritas
600 1157 662 1243 ipsa
684 1156 830 1233 declarat,
854 1155 1005 1240 ipsumque
1025 1151 1122 1215 lumea
1146 1171 1236 1215 evan-

69 1261 146 1344 gelii
167 1271 259 1325 totum
276 1271 421 1326 terrarum
436 1260 535 1324 orbem
554 1279 609 1324 suo
625 1259 781 1345 splendore
799 1257 965 1335 collustret,
989 1277 1023 1318 ae
1039 1252 1173 1318 sineerae
1188 1275 1236 1318 re·

70 1363 199 1448 ligionie
216 1363 292 1428 lilios
307 1365 341 1428 ad
357 1365 480 1428 salntem
499 1362 641 1427 beneflcio
658 1362 791 1427 veritatis
806 1361 940 1424 adducat.
970 1356 1129 1442 Postquam
1147 1357 1236 1442 igitur

70 1465 257 1530 brevissimo
276 1466 326 1530 illo
345 1467 496 1553 proposito
514 1465 598 1530 uobis
622 1467 656 1530 ad
679 1463 881 1550 disputandum
899 1471 1070 1548 argomento
1089 1481 1235 1525 enrersum

71 1591 89 1633 e
110 1567 239 1632 latebris
259 1579 427 1655 serpentem
448 1569 529 1633 velut
550 1568 660 1653 exiguo
683 1568 741 1632 telo
764 1567 944 1631 eouleeimns
965 1578 1051 1651 atque
1075 1576 1235 1628 emortuam

72 1672 218 1736 haeresin
234 1671 313 1737 illam
331 1673 518 1758 reliquimus,
543 1672 578 1736 ad
602 1671 730 1755 reliquas
751 1668 988 1756 progrediamur,
1012 1669 1075 1747 dei,
1100 1679 1131 1733 ot
1146 1687 1235 1753 saepe

73 1774 207 1862 professi
225 1795 345 1855 sumus,
369 1775 521 1860 implorata
542 1775 622 1860 prius
641 1795 713 1858 ope,
738 1795 795 1858 quo
813 1773 890 1837 illius
908 1773 1062 1839 veritatem
1086 1769 1235 1856 explicare

72 1897 236 1964 possamus.

381 2117 571 2196 codrus
597 2117 939 2211 resumemus,

281 2263 364 2335 quae
391 2248 444 2315 est
467 2241 615 2318 boereeie
642 2240 781 2333 XXIV,
808 2240 879 2316 sire
905 2237 1031 2316 XLIV.

162 2388 327 2455 Lueiauum
358 2392 492 2477 proxime
518 2395 651 2479 sequitur
673 2393 812 2480 Apelles,
844 2415 902 2456 nou
931 2391 980 2456 ille
1003 2401 1122 2456 sanutus
1146 2399 1174 2452 et
1197 2389 1233 2453 ab
1253 2397 1313 2465 Cep.
1333 2396 1351 2445 ι.

75 2494 213 2580 apostolo
227 2496 465 2574 commendatos,
490 2497 541 2560 sed
558 2497 693 2561 diuersus
716 2496 752 2561 ab
773 2517 808 2560 eo
823 2495 937 2580 quidam
959 2515 1049 2579 aquo
1065 2492 1232 2578 Apelleiaoi

76 2597 275 2683 eognomioati
298 2609 377 2661 suunt.
425 2595 480 2663 llio
502 2595 626 2664 Luoiani
651 2600 866 2684 condiscipulos
887 2608 917 2663 et
931 2595 1095 2662 Marcionis
1118 2595 1234 2660 auditor

76 2701 146 2780 luit3
172 2700 411 2784 quemadmodum
432 2721 521 2786 saepe
540 2701 572 2766 tia
597 2714 628 2766 ut
646 2701 756 2786 spinosi
781 2702 902 2766 lrutiees
928 2699 1007 2764 multi
1033 2719 1072 2762 eu
1102 2720 1159 2763 ona
1185 2719 1233 2764 ra·

76 2803 140 2866 diae
165 2801 351 2867 luxurientes
374 2803 526 2888 pullulent.
574 2802 756 2891 Qunamquam
776 2805 824 2869 ille
842 2805 958 2869 diversa
984 2803 1020 2868 ab
1045 2803 1110 2867 aliie
1133 2823 1233 2888 quam·

76 2904 200 2990 plurima
216 2906 330 2970 statuit.
377 2903 455 2971 Nam
473 2919 503 2970 et
520 2908 664 2972 adversus
681 2909 851 2993 magistrum
868 2928 952 2971 suum
970 2918 1000 2970 et
1021 2908 1164 2970 adversus
1181 2927 1233 2970 ve·

76 3009 193 3072 ritatem
211 3009 304 3094 ipsam
323 3030 453 3074 armasse
472 3011 656 3090 revidetur,
681 3033 738 3096 qno
762 3011 792 3074 iu
816 3031 917 3075 errore
937 3010 1117 3074 versantium
1141 3007 1232 3072 bomi-

77 3133 144 3175 nooa
172 3111 305 3195 privatim
330 3111 386 3175 sibi
410 3113 473 3198 ipse
496 3113 624 3178 saboiam
648 3125 814 3199 quaereret.
867 3111 1020 3176 Eiusmodi
1045 3120 1114 3175 snut
1135 3121 1231 3175 autem

76 3215 140 3278 eius
155 3213 300 3298 dogmata.
347 3211 447 3298 Negat
461 3215 521 3294 ita,
547 3217 586 3280 uti
605 3213 720 3281 Marcio
736 3217 852 3294 delinit,
876 3235 945 3278 sese
961 3235 1022 3278 rem
1040 3213 1148 3276 babere
1165 3234 1232 3298 pro-

77 3317 202 3400 indeque
218 3315 298 3380 illnm
315 3317 452 3402 opinione
470 3319 595 3403 lapsum,
620 3331 652 3382 nt
666 3320 815 3384 conlatata
831 3338 883 3404 per
900 3315 1027 3402 seipsam
1042 3315 1155 3380 insania
1171 3317 1231 3380 eol·

76 3420 131 3483 lisa
149 3439 247 3483 seeum
272 3420 479 3505 eonlraetaque
499 3421 631 3486 videatur
649 3421 798 3506 impietas,
823 3433 851 3484 et
875 3422 909 3485 ad
935 3417 1122 3504 semetipsam
1145 3438 1229 3482 erer-

77 3521 191 3587 teodam
211 3522 292 3587 velut
316 3522 437 3608 quedam
462 3523 678 3610 eoospiretioue
698 3525 860 3603 oooeitata,
892 3545 956 3587 eum
980 3523 1097 3587 interim
1121 3521 1230 3586 veritas
1298 3531 1301 3540 ’

78 3623 190 3688 stabilis
209 3645 244 3690 ae
264 3625 346 3688 lirmn
364 3637 549 3710 permaneat,
575 3647 628 3690 neo
646 3627 756 3690 auxilio
772 3627 940 3711 cuiusquam
961 3626 1106 3710 indigeat,
1129 3636 1231 3711 utpote

78 3747 152 3812 quae
167 3748 221 3812 per
235 3747 303 3792 sese
319 3727 487 3807 cohaereat,
512 3739 541 3792 et
556 3731 631 3814 apud
647 3729 745 3808 deum,
769 3730 817 3814 qui
835 3749 941 3793 revera
958 3729 1153 3815 sempiternus
1171 3739 1228 3808 est,

77 3841 214 3916 perpetuo
233 3832 387 3895 consistat.
434 3829 527 3917 igitur
544 3830 678 3918 Apelles,
702 3832 824 3917 eiusque
846 3831 932 3896 iaotio
952 3832 1046 3896 omnis
1062 3833 1103 3896 ita
1120 3833 1227 3896 sentit:

76 3955 134 3997 non
151 3951 217 3996 esse
232 3930 380 4020 Principio
399 3936 467 4014 trio,
491 3955 586 4019 neque
604 3935 671 4013 duo,
697 3946 728 3999 ut
739 3931 873 3999 Lucieno
889 3955 922 3998 ao
937 3931 1084 4000 Marcioni
1099 3936 1227 4015 videtur,

75 4037 127 4102 sed
152 4056 238 4100 ouum
266 4058 333 4102 esse
358 4035 473 4102 Bonum
500 4043 603 4116 deum,
635 4060 781 4123 annumque
801 4035 999 4123 Principium,
1023 4059 1058 4103 ao
1080 4035 1228 4103 Virtutem
1282 4105 1285 4121 ,

77 4160 161 4204 ranam
181 4139 307 4205 nominis
330 4152 495 4227 expertem.
542 4136 600 4224 Qui
625 4141 739 4225 quidem
760 4143 832 4206 dens
855 4162 931 4204 unus
955 4161 1099 4224 unumque
1114 4137 1228 4203 Priori-

77 4243 152 4330 pium
177 4243 283 4306 oollam
312 4265 413 4309 eorum
440 4263 515 4329 quae
540 4243 570 4306 iu
597 4244 651 4306 boe
677 4245 783 4308 mundo
806 4254 949 4330 geruntur
973 4265 1070 4308 euram
1092 4242 1225 4328 suseipit.

77 4341 214 4412 Ceterum
235 4345 310 4411 idem
329 4347 378 4412 ille
396 4358 515 4411 sanetas
534 4347 685 4433 bonusque
703 4350 792 4426 deus,
818 4349 865 4434 qui
886 4371 903 4413 a
927 4347 1067 4434 principio
1088 4346 1159 4410 deus
1182 4357 1228 4410 est

78 4499 189 4566 ἰιιιιησιν
215 4503 267 4551 eod.
292 4504 366 4553 t'otr'c.
410 4496 481 4570 ἅγιος
505 4498 566 4562 θεὸς
589 4499 634 4554 καὶ
667 4496 740 4569 ἅγιος
761 4501 821 4566 θεὸς
844 4503 888 4556 και
903 4499 1002 4570 α’γιιός
1019 4498 1033 4555 ὁ
1052 4498 1149 4557 domim
1166 4501 1227 4566 set<

78 4563 187 4638 dpabdr,
211 4564 226 4621 ti
244 4562 341 4624 duobos
356 4569 472 4638 ἐποίησιν
488 4571 541 4622 edit.
554 4573 630 4634 prino.
667 4569 711 4625 καὶ
727 4565 827 4642 etpost:
844 4571 959 4638 ἐποίησιν
975 4574 1029 4624 edit.
1044 4575 1125 4628 Petam
