3112 4984
367 275 501 330 usuautt
518 277 580 330 utu
592 277 612 328 l.
628 277 709 330 Told.
722 277 755 330 ll.
770 277 868 331 naun.
884 279 979 330 XXVI.
1193 271 1252 334 l'ld

99 397 179 461 εἰη
195 393 332 482 aperiens
346 395 389 459 ita
405 397 540 480 detegam
557 407 589 459 ut
603 396 639 459 atl
656 417 757 460 eorum
772 396 822 480 qui
838 397 909 460 leaeo
924 408 1027 463 nostra
1043 400 1142 484 legent
1156 402 1255 486 perui·

98 500 181 562 ciem
203 496 299 583 potius
321 519 408 582 quam
429 499 464 560 ad
483 497 715 562 emendationem
735 499 888 562 redundet.
934 497 1084 582 Siquidem
1102 503 1150 566 vel
1167 523 1256 568 auree

99 601 188 684 ipsas
205 601 306 685 polluit
327 611 385 663 tam
407 599 536 664 inlicitae
555 599 694 662 audaciae
714 599 745 662 in
767 600 896 663 divinum
917 621 1023 665 numen
1045 605 1255 669 contumeliosa

98 703 220 780 series,
251 723 285 766 ac
304 701 351 765 vel
370 700 432 765 sola
449 702 578 765 narratio
597 701 781 785 turpitudinis
799 702 891 786 ipsius
911 712 940 765 et
958 701 1174 769 sordidissimae
1195 709 1257 770 loe·

99 803 256 868 ditatione
271 803 430 866 lutulentae
447 803 590 886 flagitiosa
607 802 695 866 ratio.
740 801 818 866 llinc
832 814 878 866 est
895 806 969 887 quod
986 826 1004 868 a
1021 805 1167 871 oouuullis
1182 807 1256 873 scite

97 905 260 969 admodum
280 903 456 970 Borboriani
478 907 532 968 hoo
555 917 600 970 est
621 905 742 968 coenosi
764 904 962 970 nominantur.
1005 906 1067 970 Alii
1088 903 1256 973 Coddiaoos

100 1017 236 1087 recaut3
265 1019 311 1072 est
326 1009 405 1071 euim
423 1003 524 1072 Codda
541 1007 616 1070 idem
636 1003 761 1092 Syriaco
778 1008 852 1090 quod
871 1007 1022 1093 paropsis,
1053 1020 1105 1073 aut
1123 1011 1255 1089 cadousq

98 1129 158 1193 pro
181 1128 219 1170 eo
236 1109 308 1191 quod
327 1129 413 1173 nemo
432 1108 577 1173 communi
596 1129 662 1172 cum
679 1109 737 1172 illis
755 1110 794 1172 uti
812 1109 876 1172 cilo
895 1109 1003 1194 possit,
1031 1113 1082 1174 sed
1099 1114 1257 1198 separatim

98 1211 312 1274 contaminatis
334 1212 391 1274 illis
411 1211 516 1296 apponi
539 1210 651 1288 soleat,
683 1231 779 1294 neque
797 1212 945 1295 quisquam
972 1212 1008 1275 ob
1028 1233 1129 1276 eorum
1145 1215 1257 1298 spurci·

101 1314 182 1376 tiem
201 1313 247 1376 rel
264 1334 336 1398 pane
354 1335 418 1376 cum
437 1314 492 1377 illis
508 1314 587 1376 vesci
603 1312 796 1376 communiter
814 1324 910 1396 queat.
957 1310 1051 1396 Quam
1068 1315 1105 1378 ob
1123 1336 1258 1378 caussam

99 1415 156 1498 qui
177 1435 244 1476 eum
261 1413 317 1478 illis
334 1414 481 1492 habitant,
510 1416 591 1480 velut
608 1435 625 1477 a
644 1414 788 1478 communi
806 1415 955 1478 corrsortio
971 1427 1142 1499 segregatos
1157 1427 1258 1502 putan-

102 1527 152 1580 tes
179 1511 346 1580 Coddiauoa
368 1517 559 1602 appellarunt.
604 1513 694 1579 lidem
715 1537 803 1600 porro
820 1514 965 1580 Militares
984 1517 1013 1579 iu
1035 1517 1192 1603 Aegypto,
1221 1539 1258 1583 ae

104 1615 297 1681 Plribionitae
312 1629 381 1682 suut
394 1618 475 1696 dicti,
493 1619 528 1682 de
544 1639 598 1702 qua
614 1638 648 1680 re
663 1617 792 1681 nonnihil
808 1629 893 1681 autea
907 1619 1146 1703 significavimus.
1182 1617 1259 1684 Sunt

104 1719 158 1804 qui
176 1717 346 1784 bochaeoa
360 1731 478 1798 vocent,
496 1719 546 1784 alii
559 1717 734 1783 Barbelitas.
766 1716 928 1783 Enimvero
945 1741 1008 1784 oum
1023 1720 1162 1785 universa
1176 1743 1259 1806 prae-

105 1820 275 1884 termittere
298 1842 456 1904 nequeam,
490 1822 627 1886 nonnulla
651 1822 820 1884 necessario
846 1823 882 1884 de
908 1822 965 1884 illis
988 1823 1155 1906 attingenda
1177 1834 1257 1888 suut.

103 1921 193 1986 Nam
208 1933 238 1985 et
254 1933 372 1986 unctus
387 1919 511 2008 llloysas
526 1922 617 1986 divini
634 1923 752 2007 spiritus
768 1923 864 1986 alllatu
879 1921 1013 2008 scripsite
1040 1927 1150 2006 Siquis
1161 1931 1259 2006 porri·

106 2028 217 2086 miliana
234 2029 349 2098 milerr‘t,
379 2047 431 2086 nec
448 2029 670 2098 deauaemoerit,
701 2027 868 2086 eaecradr'ln'r
883 2037 950 2087 esto.
995 2022 1096 2108 Quare
1114 2047 1172 2089 uou
1192 2047 1259 2112 poa·

106 2147 178 2189 sum
199 2125 345 2210 ingentem
368 2126 448 2190 illam
472 2126 589 2190 caedem
616 2147 650 2189 uc
673 2125 855 2212 parricidiale
878 2126 990 2190 lacinus
1013 2127 1257 2212 praetermittere,

107 2249 173 2291 oon
194 2249 327 2312 possum,
358 2229 495 2312 iuquam,
525 2228 593 2292 illud
611 2249 669 2290 uon
686 2227 804 2291 omnino
821 2230 971 2312 detegere.
1017 2225 1164 2292 Fortassis
1180 2229 1259 2293 euim

107 2331 134 2393 si
153 2330 341 2414 praecipitem
360 2331 435 2393 lanc
451 2331 580 2408 ruinam,
603 2330 683 2393 velut
698 2329 781 2393 exitii
798 2340 931 2415 puteum,
956 2329 1143 2414 prudentibus
1161 2343 1261 2394 ostea-

106 2431 206 2507 dero,
234 2442 341 2496 metum
363 2433 400 2495 iis
422 2453 457 2496 ao
479 2443 622 2497 terrorem
643 2431 798 2509 incutiam,
828 2442 861 2495 ut
880 2453 937 2494 uon
957 2431 1043 2494 modo
1064 2430 1172 2514 fugiant
1191 2431 1259 2516 ipsi,

107 2533 167 2598 κά
189 2543 218 2595 et
233 2542 394 2598 tortuosum
413 2517 541 2598 illumin
561 2555 594 2597 ea
611 2531 753 2617 uoragine
771 2544 936 2618 serpentem
955 2555 993 2596 ao
1007 2532 1172 2596 basiliscum
1191 2533 1263 2619 lapi·

107 2636 201 2698 dilrua
216 2634 356 2728 obruant,
388 2646 420 2698 ut
436 2636 532 2699 nullus
548 2635 684 2719 deinceps
702 2635 809 2698 audeat
824 2635 977 2698 accedere.
1021 2634 1120 2718 Atque
1137 2633 1210 2698 haee
1224 2636 1262 2700 de

106 2737 173 2800 illis
192 2735 328 2801 hacteuus
346 2737 420 2801 dicta
435 2747 534 2815 sunto,
559 2757 650 2822 pauca
664 2737 700 2800 de
713 2737 812 2800 multis
827 2747 912 2820 atque
928 2757 968 2800 ex
984 2747 1065 2822 parte
1081 2737 1262 2802 solummodo
1342 2813 1346 2820 .

105 2837 252 2903 blidam.

201 2937 288 3003 Nunc
306 2941 341 3004 ad
359 2941 514 3026 pestilerae
531 2941 645 3006 illomm
663 2940 812 3004 doetrinae
826 2941 906 3005 velut
922 2941 1021 3004 sedem
1039 2961 1074 3006 ac
1089 2942 1261 3027 voraginem
1280 2955 1339 3024 cap.
1353 2958 1396 3012 tv.

109 3063 161 3106 ne
184 3043 346 3106 conseram.
392 3041 484 3107 Varia
505 3043 582 3106 euim
605 3042 680 3128 apud
701 3042 767 3106 illos
792 3045 922 3106 melariae
938 3043 1089 3127 disciplina
1106 3044 1263 3129 voluptatis

107 3155 173 3210 eet.
220 3140 349 3207 Primum
368 3145 443 3228 qood
462 3166 630 3209 communes
647 3145 725 3208 inter
739 3164 773 3207 se
792 3145 914 3209 lemicae
932 3143 1049 3208 habeat.
1092 3144 1140 3208 Ae
1157 3145 1182 3208 si
1199 3144 1263 3228 quis

107 3243 249 3310 eiusdem
265 3255 365 3310 aeetae
383 3247 555 3331 peregrinus
572 3245 740 3322 advenerit,
771 3245 885 3330 signum
903 3247 1044 3330 quoddam
1063 3245 1119 3309 viri
1142 3266 1159 3307 a
1180 3245 1263 3308 lemi-

107 3349 185 3424 nis,
215 3347 339 3411 feminae
360 3369 379 3410 a
401 3347 473 3412 viris
495 3347 651 3433 accipiunt.
703 3345 786 3410 llaec
808 3359 903 3411 autern
929 3347 1071 3411 eiusmodi
1094 3354 1156 3410 este
1187 3341 1262 3410 Cum

107 3447 265 3515 edutaodi
287 3469 321 3512 ac
342 3449 551 3535 complectendi
569 3469 675 3512 caussa
692 3470 806 3512 manum
828 3449 996 3534 porrigunt,
1028 3465 1091 3510 eam
1109 3445 1187 3510 iufra
1204 3446 1264 3532 pel·

107 3569 197 3616 nam
217 3549 423 3614 contrectando
448 3571 482 3614 sc
501 3550 666 3614 deiricaodo
685 3551 791 3614 leuiter
807 3549 940 3626 titillant,
971 3567 1064 3632 eoque
1082 3545 1167 3631 signo
1185 3549 1264 3614 eiua·

109 3655 187 3718 uem
202 3649 353 3734 religionis
372 3650 512 3737 hospitem
531 3672 597 3715 esse
615 3651 827 3715 demonstrant.
872 3647 942 3714 lude
959 3659 1145 3734 posteaquam
1164 3662 1265 3717 mutuo

107 3777 146 3820 ue
165 3751 343 3836 agnoverint
360 3753 396 3814 ad
413 3753 577 3817 convivium
595 3753 776 3837 acciguutur.
820 3749 906 3836 Quod
922 3753 1031 3834 ipsum,
1061 3750 1177 3816 tametsi
1194 3773 1265 3839 pau·
1387 3835 1391 3840 Ι

107 3874 207 3944 peres
228 3853 304 3934 aiat,
336 3853 446 3938 ingenti
468 3855 616 3939 epularum
639 3864 779 3939 apparatu
800 3855 926 3936 vinoque
949 3862 979 3915 ct
1000 3853 1135 3918 carnibus
1156 3853 1265 3918 instru-

109 3954 280 4023 ctissimum
301 3955 453 4041 praebent.
496 3953 596 4019 Finito
616 3955 753 4020 convivio
775 3977 839 4019 oum
858 3951 993 4017 satietate
1010 3975 1102 4020 venas
1119 3956 1265 4020 distende·

107 4061 199 4137 rirat,
227 4058 262 4121 ad
285 4056 431 4122 libidinem
454 4059 642 4143 proritantur.
694 4056 772 4121 Tum
795 4055 841 4119 vir
865 4055 901 4119 ab
923 4077 1019 4121 uxore
1040 4057 1192 4122 discedens
1218 4055 1263 4120 eie

109 4181 186 4226 m
197 4159 370 4244 alloquitur:
395 4163 500 4241 Srtrge,
516 4172 546 4223 et
553 4163 652 4242 fiatri
664 4163 810 4220 caritatem
823 4160 932 4222 wlede.
969 4153 1012 4222 lla
1029 4161 1064 4224 ud
1079 4157 1262 4223 concubitum

110 4261 248 4328 renitor.
291 4258 386 4324 Pudet
406 4283 453 4326 me
475 4263 551 4326 baua
573 4263 627 4326 lide
648 4281 721 4344 quae
738 4260 813 4344 apud
829 4259 895 4326 illos
913 4260 1078 4345 turpissime
1096 4270 1265 4346 perpetrau-

111 4377 165 4428 tur
185 4381 354 4450 exprome,
379 4364 614 4448 quemadmodum
638 4364 679 4426 ait
696 4362 863 4448 apostolusr
897 4367 974 4442 Quae
994 4366 1070 4443 opud
1085 4367 1160 4442 r'pror
1169 4363 1260 4441 fluat,
1277 4381 1400 4446 apsqu

111 4479 200 4546 aare
213 4477 260 4528 eat
272 4475 302 4528 et
317 4468 418 4526 dicere
464 4463 577 4530 Verum
593 4485 669 4548 quae
689 4463 754 4528 illos
772 4465 868 4529 iacere
887 4463 957 4528 uilril
975 4463 1079 4548 pudet,
1108 4481 1203 4546 oeque
1218 4481 1264 4528 mu
