3112 4984
346 294 480 348 rustall
499 295 562 347 tus„
575 297 594 347 l.
611 296 693 350 ΤΟΜ.
710 297 742 346 ll.
759 297 858 348 nnus.
871 297 994 349 xxvm.
1187 289 1248 350 227

94 417 120 476 in
137 411 193 477 sliu
206 413 348 496 quaedum
365 415 440 478 mals
458 425 646 479 transversos
663 415 791 478 lectores
806 414 996 500 abripinmus.
1041 413 1202 481 Enimvero
1221 419 1247 482 si

94 515 154 598 quis
178 515 277 579 iudieii
299 515 429 581 nonnibil
451 517 573 596 hubent,
604 516 701 580 innuis
724 515 842 580 omnino
866 527 897 580 et
918 517 1040 583 ridioula
1060 519 1174 584 illorum
1196 521 1247 584 do-

93 617 181 680 etrina
205 617 457 702 comprobabitur,
488 640 562 704 quae
580 629 610 684 et
629 618 664 682 ab
683 618 824 703 apostolis
844 617 979 682 lalsitutis
996 621 1147 699 nonviotu,
1179 632 1209 685 et
1228 643 1246 684 n

92 718 271 803 sapientibus
287 719 440 797 damnate,
469 731 499 785 et
520 741 537 784 a
558 721 613 784 deo
632 719 753 806 ipsaque
778 722 851 783 adeo
877 719 1011 785 ueritatis
1030 722 1245 807 praedieatione

91 831 134 884 en
152 819 261 884 eleeto.

172 918 333 987 Caeterum
354 921 440 986 iidem
458 922 499 986 illi
518 921 730 1002 Meriutbiani,
762 923 807 987 sie
828 921 906 988 enim
927 923 1113 1009 accepimus,
1145 927 1244 1010 appel·
1257 937 1394 1005 cipvut.

90 1023 198 1088 lautnr.
230 1021 334 1089 Utrum
351 1045 425 1090 vero
443 1021 604 1090 Cerintbus
620 1025 682 1111 ipse
700 1023 870 1089 Meriutbus
883 1025 940 1089 aliu
958 1026 1076 1090 numine
1093 1027 1133 1090 sit
1148 1028 1243 1092 dietus

91 1123 198 1208 liquido
217 1128 333 1190 nesoire
348 1148 394 1190 me
412 1127 523 1190 fateor:
547 1147 585 1190 an
600 1137 718 1212 praeter
738 1128 814 1191 hune
833 1128 909 1191 alter
928 1145 964 1190 eo
982 1127 1100 1192 nomine
1115 1130 1243 1216 appella·

91 1234 135 1288 tus
153 1227 305 1307 extiterit,
329 1229 447 1291 adiutor
462 1229 540 1292 illins
556 1239 586 1292 et
600 1230 717 1309 sosius,
740 1230 769 1292 id
786 1229 900 1313 quidem
917 1231 972 1294 soli
991 1231 1046 1295 deo
1061 1242 1240 1317 compertum

90 1337 144 1391 est.
192 1327 258 1392 llos
274 1329 350 1392 enim
371 1350 460 1415 saepe
477 1329 533 1392 ism
552 1329 697 1410 diximus,
720 1353 779 1395 non
802 1329 896 1416 ipsum
915 1332 1009 1396 solum
1026 1329 1241 1418 Hierosolymis

89 1431 259 1514 frequenter
279 1431 419 1515 apostolis
435 1432 597 1508 restitisse,
628 1433 725 1497 sedet
743 1432 792 1517 qni
816 1453 882 1496 eum
906 1432 935 1496 in
955 1433 1029 1498 Asis
1049 1445 1118 1498 sursit
1132 1436 1237 1498 seonti.

88 1530 185 1615 Atque
202 1543 235 1596 ut
257 1553 331 1596 unns
347 1531 482 1618 idemque
500 1534 557 1614 sit,
588 1545 637 1599 unt
654 1535 728 1600 nlius
745 1535 874 1599 eiusdem
894 1555 958 1598 eum
977 1536 1026 1600 illo
1042 1535 1188 1621 opinionis
1210 1546 1240 1598 et

88 1634 210 1716 partium
230 1636 343 1712 lautos,
368 1635 438 1699 nibil
453 1636 608 1700 admodum
626 1639 728 1701 relert.
775 1634 883 1702 Forma
903 1637 1018 1721 quidem
1042 1639 1239 1722 nequissimae

87 1734 200 1798 illorum
219 1735 371 1800 doetrinae
386 1757 421 1800 ae
441 1736 524 1803 velut
546 1749 615 1802 nota
632 1739 755 1823 quedem
777 1738 919 1802 eiusmodi
938 1749 985 1801 est
998 1740 1113 1823 qualem
1127 1740 1238 1804 deseri·

87 1837 212 1920 primns,
237 1847 268 1900 et
284 1834 493 1904 Ceriutbianoa
511 1841 595 1905 simul
616 1861 650 1904 ae
667 1838 885 1906 bleriutbianos
905 1840 1043 1926 appellari
1067 1853 1194 1907 eoustut.

168 1937 226 2002 llis
242 1939 332 2022 igitur
347 1941 382 2004 de
401 1940 547 2006 horrenda
564 1943 679 2006 illorum
702 1963 738 2005 ae
755 1953 923 2028 serpentum
946 1942 1033 2006 simili
1054 1942 1238 2028 improbitate

86 2038 237 2124 disputatis
251 2041 287 2104 ud
306 2062 357 2106 eas
371 2063 444 2126 quae
459 2043 598 2128 deinceps
615 2055 836 2128 consequuntur
849 2044 1046 2129 promovenda
1063 2056 1110 2110 est
1127 2046 1235 2110 oratio.

86 2137 143 2206 Sed
161 2143 313 2207 babendae
334 2143 475 2229 imprimis
499 2146 612 2230 gratioe
634 2156 721 2223 sunt,
753 2146 829 2230 quod
854 2146 1046 2231 pessimorum
1069 2144 1235 2230 dogmatum

86 2243 206 2328 pelagus
223 2244 301 2309 istud
319 2246 383 2310 sine
401 2247 460 2310 ulla
476 2267 556 2312 noxa
572 2248 798 2326 transmisimus,
821 2256 852 2310 et
866 2247 938 2312 illud
954 2247 1124 2332 suppliciter
1135 2259 1236 2332 postu·

84 2341 216 2424 bouum,
240 2357 273 2410 ut
290 2367 354 2410 unm
376 2348 407 2412 in
429 2348 558 2433 reliqum
578 2349 717 2414 haereses
741 2349 970 2425 incurrerimus,
1000 2349 1084 2433 quasi
1100 2349 1129 2412 iu
1147 2350 1234 2413 muri·

85 2449 149 2513 tium
168 2449 312 2534 quaedam
336 2471 371 2513 ae
392 2451 533 2514 monstris
555 2452 664 2516 referto
683 2451 784 2516 brevis
802 2452 888 2517 delati
907 2451 979 2516 nibil
1001 2451 1037 2514 ab
1059 2450 1104 2514 bis
1123 2450 1233 2514 iueom·

84 2553 158 2615 moli
174 2551 334 2636 patiamur,
365 2553 417 2616 sed
436 2551 473 2617 ab
494 2573 528 2616 ea
547 2573 622 2637 quoe
642 2554 721 2618 iuter
735 2554 939 2638 dispulunduns
961 2552 1092 2618 illuxerit
1108 2552 1233 2618 verium
1259 2617 1263 2624 ,

83 2654 205 2717 alutem
220 2673 451 2738 consequamur,
475 2675 540 2718 unm
557 2665 588 2718 et
603 2655 688 2720 buius
704 2655 878 2720 soliditatem
897 2655 1094 2733 adstruemns,
1118 2665 1149 2717 et
1162 2675 1234 2718 eou-

83 2756 236 2819 uariarum
255 2754 417 2819 baemseon
433 2756 604 2820 inanitatem
619 2771 809 2842 erroremque
823 2755 1099 2821 demonstrabimus.
1145 2752 1232 2839 Quod

83 2857 105 2920 si
118 2857 264 2942 quispism
281 2859 469 2922 considerare
489 2867 519 2922 et
536 2859 632 2943 eliqua
647 2859 714 2923 illas
732 2859 905 2924 adumbrare
922 2857 1110 2922 similitudine
1132 2857 1233 2922 volue-

82 2959 133 3038 rit,
163 2983 253 3043 qusm
277 2959 418 3023 haetenus
441 2961 649 3040 refutavimus,
680 2961 717 3026 ob
738 2961 882 3046 duplioem
903 2960 981 3023 illam
1008 2959 1231 3044 appellationem

82 3081 142 3124 eum
168 3060 281 3148 bieipiti
302 3063 427 3148 quodam
450 3073 587 3147 serpente
611 3065 709 3149 reipsa
731 3062 953 3149 comparendum
980 3062 1109 3146 pntubit,
1137 3081 1232 3145 eoque

83 3163 199 3248 ripene
214 3185 326 3250 &nme
342 3185 426 3250 quam
443 3161 628 3249 Sepedoneus
645 3175 765 3243 venant,
788 3186 862 3249 quae
878 3163 943 3248 pilis
960 3173 1024 3228 toto
1042 3181 1168 3247 corpore
1185 3171 1231 3226 est

82 3285 181 3350 sparsa
199 3265 390 3343 rubentibus,
414 3285 510 3350 neque
525 3285 649 3352 caprae,
673 3277 724 3330 sut
742 3267 807 3330 ovis
826 3267 852 3330 ei
871 3277 975 3329 nature
994 3266 1041 3328 uel
1065 3263 1148 3348 pellis
1170 3275 1228 3339 est,

81 3371 127 3432 sed
144 3369 306 3454 serpentia,
331 3369 492 3452 eademque
513 3389 613 3433 morsu
630 3367 727 3432 obuiis
741 3367 901 3452 quibusque
918 3367 1007 3430 letum
1023 3365 1126 3442 affert,
1150 3375 1182 3428 ut
1199 3375 1230 3426 et

82 3467 210 3534 baeresis
227 3469 278 3534 ille
294 3479 456 3534 seotatures
471 3489 542 3534 suos
557 3479 673 3549 eneent,
697 3491 762 3534 eum
777 3479 827 3534 sut
845 3479 948 3532 vetere
965 3476 1141 3532 testamento
1156 3465 1229 3530 ritu-

82 3593 132 3654 que
146 3575 183 3636 ad
199 3573 389 3636 evertendum
404 3591 511 3635 novum
528 3571 630 3650 utitur,
646 3581 697 3634 aut
713 3571 903 3634 fraudulentis
918 3568 1080 3632 ustionibus
1097 3584 1228 3632 eunoun

82 3685 254 3739 immmenso
272 3673 450 3760 depromptis
469 3673 635 3758 apostolos,
659 3672 741 3757 quie
760 3671 984 3736 eireumeisione
1006 3671 1043 3733 ad
1062 3665 1173 3732 Christi
1195 3689 1227 3734 se

82 3775 159 3840 idem
184 3775 384 3862 appliesrunt,
409 3774 481 3838 ielso
496 3775 667 3859 impugnare
682 3774 796 3840 nititur.
842 3769 936 3838 Cuius
951 3771 1065 3855 quidem
1083 3773 1226 3837 tabibuum

82 3877 157 3944 virus
174 3888 264 3962 atque
281 3877 386 3941 dentes
403 3876 540 3960 quoniam
560 3877 694 3940 veritatis
713 3876 796 3960 qussi
819 3877 895 3939 iuste
911 3873 1094 3938 eontudimus
1110 3885 1142 3938 et
1156 3897 1227 3940 eou-

81 3979 229 4058 tririnras,
253 3979 290 4043 ad
310 3999 363 4042 eas
378 3997 455 4061 quae
471 3989 693 4062 onnsequuntur
706 3977 900 4056 refellendus,
929 3975 971 4040 uti
990 3975 1136 4057 diximus,
1160 3999 1226 4063 pro-

82 4083 211 4164 greditur
230 4103 267 4146 ae
288 4079 407 4146 festinat
428 4079 533 4144 oratio.
