3112 4984
411 355 546 407 nassau
564 353 626 406 urs.
640 355 659 406 r.
676 353 757 406 rou.
771 355 802 405 u.
820 353 919 404 naun.
936 354 1045 408 xxvu.
1240 339 1301 404 207

152 495 255 542 omnes
275 473 450 538 circuitione
466 486 551 551 sunt,
576 474 757 557 eundemque
779 493 865 556 quem
884 469 968 536 lesos
986 481 1181 556 contemptum
1203 491 1302 534 rerum

152 576 281 641 omnium
300 587 505 661 susceperuut.
551 572 716 640 Universae
735 595 840 660 porro,
863 574 1012 658 inquiunt,
1037 575 1138 637 eadem
1161 593 1218 657 qua
1233 571 1301 636 lesu

151 677 293 744 animavi
310 687 378 741 suut
395 698 430 740 ac
446 677 555 740 virtute
573 677 732 762 praeditae.
777 675 904 760 Ideoque
921 675 1041 761 perinde
1055 675 1121 739 illas
1143 696 1195 760 por
1211 677 1303 738 actio-

151 802 222 844 num
238 800 349 864 genera
364 779 461 842 omnia
478 778 601 857 traduci,
626 778 863 863 quemadmodum
880 775 949 841 lesu
964 777 1061 839 anima
1077 797 1233 861 progressa
1250 779 1301 842 sit.

145 880 240 966 ‘Quod
261 883 286 944 si
311 880 434 967 reperiri
451 880 547 964 aliqua
569 882 677 966 possit,
702 901 775 964 quae
799 879 938 942 maiorem
964 901 1048 962 quam
1065 876 1150 942 lesus
1173 888 1303 942 contem·

151 995 234 1070 ptum
256 982 414 1069 suscipiat,
438 1003 473 1046 ea
494 982 550 1067 ipsi
574 983 688 1046 demum
710 982 876 1045 antecellet.

226 1082 386 1150 Caeterum
401 1086 590 1148 detestandae
606 1084 774 1168 disciplinae
791 1084 875 1146 huius
891 1082 998 1146 alumni
1017 1081 1196 1146 horribilium
1210 1103 1244 1145 ac
1259 1093 1304 1146 to·
1323 1091 1383 1159 cap.
1395 1093 1438 1142 111.

152 1188 340 1252 turrianorum
367 1185 529 1250 facinorum
553 1187 636 1250 varia
658 1205 767 1270 genera
792 1185 960 1248 moliuntur.
1005 1183 1083 1248 Nam
1106 1193 1136 1247 et
1156 1183 1303 1248 maleficas

152 1300 234 1353 artes
252 1300 414 1367 exercent,
439 1299 468 1352 et
488 1289 523 1351 ad
540 1288 732 1350 machinanda
750 1286 913 1370 quaelibet,
938 1285 1080 1350 veneficia
1102 1297 1132 1349 et
1151 1285 1304 1350 cantiones

153 1392 380 1476 excogitarunt,
401 1389 535 1453 velutad
552 1387 655 1475 philtra
674 1401 704 1452 et
722 1389 831 1452 amoris
847 1388 1019 1466 illecebras3
1043 1389 1101 1451 imo
1120 1388 1206 1450 etiam
1223 1388 1305 1452 lami-

154 1495 244 1557 liares
257 1493 313 1556 sibi
327 1493 467 1576 quosdam
485 1491 641 1554 daemones
655 1491 796 1569 alliciunt,
821 1501 853 1552 ut
866 1489 1071 1574 multiplicibus
1086 1491 1123 1552 iis
1138 1491 1304 1574 praestigiis

153 1616 297 1662 summam
313 1593 381 1672 sibi,
406 1603 438 1655 ut
453 1593 546 1669 aiunt,
571 1593 600 1655 in
616 1592 714 1655 omnia
731 1603 902 1678 potestatem
918 1592 1078 1668 vindicent,
1102 1612 1136 1654 ac
1153 1593 1228 1675 quod
1243 1591 1304 1654 oui-

153 1717 211 1781 que
230 1695 365 1774 libuerit,
389 1707 420 1758 et
435 1695 635 1778 quodcumque
654 1715 742 1778 agere
766 1696 795 1756 in
818 1695 945 1757 animum
967 1693 1133 1770 induxerit,
1160 1695 1187 1756 id
1210 1695 1304 1777 ipsum

154 1799 262 1862 audeat
277 1798 439 1880 suscipere.
476 1794 541 1860 llos
557 1805 655 1858 autem
671 1817 707 1858 eo
723 1795 846 1860 consilio
864 1797 974 1860 iaciunt
989 1797 1078 1878 quod,
1104 1794 1144 1858 uti
1162 1796 1305 1859 miserau-

154 1901 222 1964 dum
240 1899 271 1961 iu
288 1898 404 1961 modum
418 1897 531 1983 decepti
547 1909 631 1976 sunt,
656 1907 739 1959 certo
756 1896 810 1960 sihi
828 1897 1039 1982 persuadeant,
1064 1919 1116 1983 per
1131 1908 1174 1962 tot
1188 1907 1305 1981 tumque

155 2001 276 2063 diversa
298 1997 429 2062 laciuora
450 1998 550 2062 mundi
574 1997 797 2062 fabricatoribus
817 1999 947 2081 angelis,
971 1999 1162 2084 omnibusque
1179 2019 1254 2082 quae
1275 1999 1305 2061 in

155 2101 265 2165 mundo
281 2110 350 2164 sunt
365 2101 517 2186 prostratis
533 2123 567 2164 uc
583 2100 774 2185 contemptis,
796 2100 911 2162 illorum
928 2121 961 2164 se
978 2122 1035 2164 nou
1056 2101 1171 2178 mnndi,
1196 2101 1246 2164 sed
1265 2101 1307 2162 la·

155 2203 291 2267 bolarum
305 2203 401 2287 potius
418 2201 560 2268 artificum
576 2212 748 2287 potestatem
764 2202 946 2286 transgredi3
970 2222 1028 2285 quo
1043 2202 1201 2266 coelestem
1218 2201 1307 2266 liher-

155 2316 246 2368 tatem
265 2304 433 2382 obtineant,
456 2315 486 2367 et
508 2325 623 2368 sursum
644 2305 775 2388 aspirare
799 2314 887 2386 atque
906 2305 1025 2368 evolare
1050 2303 1173 2388 possint.
1220 2300 1306 2386 Quod

156 2406 307 2470 hominnm
328 2425 422 2490 genos
438 2405 473 2468 ad
495 2405 638 2469 ecelesiae
660 2407 706 2470 dei
723 2404 859 2489 probrum
874 2416 905 2468 et
925 2404 1127 2468 offendiculum
1145 2405 1307 2468 adornasse

156 2529 192 2572 ae
208 2506 381 2572 submisisse
396 2503 522 2570 Satanas
540 2507 671 2584 videtur3
695 2507 799 2591 quippe
816 2507 864 2591 qui
878 2503 1111 2570 Christianorum
1127 2506 1181 2569 sibi
1199 2527 1306 2570 nomen

156 2609 328 2687 indiderint,
352 2619 386 2672 ut
400 2619 519 2694 propter
532 2607 598 2671 illos
615 2609 747 2672 offensae
764 2608 897 2671 nationes
912 2608 949 2670 ab
966 2619 1085 2671 sanctae
1102 2608 1147 2671 dei
1163 2608 1307 2672 ecclesiae

157 2711 283 2775 utilitate
302 2710 494 2789 abhorreant,
519 2711 736 2794 nuntiatamque
756 2710 910 2773 veritatem
929 2710 965 2772 ob
982 2709 1117 2774 immania
1133 2711 1247 2774 illorum
1265 2714 1308 2774 la-

158 2812 276 2891 cinora,
301 2821 331 2874 et
347 2809 547 2874 incredibilem
567 2812 723 2896 nequitiam
748 2812 915 2896 repudient,
940 2823 988 2892 ut,
1012 2812 1147 2896 iuquam,
1171 2814 1309 2896 [requen-

158 2914 237 2976 tibus
256 2913 371 2977 illorum
391 2913 552 2976 sceleribus
571 2913 801 2993 animadversis,
826 2934 877 2978 eos
901 2935 1014 2998 quoque
1032 2915 1080 2998 qui
1099 2936 1116 2977 e
1138 2926 1239 2978 sancta
1262 2913 1309 2977 dei

159 3014 287 3078 ecclesia
302 3026 371 3079 suut
387 3015 460 3078 tales
476 3035 543 3078 esse
560 3015 615 3078 sihi
632 3017 838 3100 persuadeant,
863 3026 950 3100 atque
966 3017 1007 3078 ita
1024 3017 1061 3079 ah
1077 3016 1231 3080 verissima
1248 3017 1307 3093 dei,

159 3117 201 3180 uti
216 3117 356 3194 diximus,
377 3116 510 3180 doctrina
525 3139 611 3180 aures
627 3128 773 3195 avertant,
793 3128 841 3181 aut
856 3128 937 3180 certe
952 3137 1111 3204 paucorum
1124 3117 1309 3202 improbitate

158 3230 317 3302 conspecta
333 3218 363 3281 in
379 3218 535 3282 universos
551 3220 651 3282 eadem
668 3219 820 3283 maledicta
836 3218 1003 3282 coniiciunt.
1032 3219 1130 3302 Atque
1145 3239 1180 3282 ea
1194 3219 1308 3280 demum

160 3339 268 3382 caussa
286 3329 334 3382 est
352 3341 405 3382 cur
421 3319 552 3404 plerique
568 3319 738 3403 gentilium,
763 3321 935 3404 ubicumque
950 3320 1036 3382 istius
1056 3331 1154 3384 sectae
1178 3317 1309 3381 homines

158 3420 423 3504 deprehenderint,
447 3421 553 3484 nullam
570 3421 719 3484 uobiscum
738 3421 830 3484 velint
846 3442 939 3505 neque
956 3422 1014 3484 dati
1030 3419 1199 3504 acceptique
1215 3439 1310 3502 neque

158 3521 277 3585 consilii
292 3543 386 3607 neque
402 3521 536 3586 audiendi
551 3523 640 3586 divini
657 3522 738 3588 verbi
753 3523 922 3588 societatem
939 3523 1130 3604 coniungere,
1153 3541 1188 3582 ec
1205 3539 1242 3584 ne
1258 3541 1310 3584 en·
1409 3563 1420 3580 .

158 3644 209 3688 res
226 3623 341 3707 quidem
359 3625 500 3710 praehere
516 3625 698 3704 sustineantq
722 3645 814 3708 usque
833 3625 906 3688 adeo
922 3623 1042 3688 nefariis
1057 3623 1172 3686 illorum
1192 3620 1310 3707 flagitiis

159 3724 344 3788 consternati
366 3746 400 3788 ae
422 3725 555 3789 deterriti
579 3739 658 3790 sunt.

245 3823 341 3890 Porro
357 3827 406 3891 isti
420 3826 449 3892 in
470 3827 541 3891 luxu
559 3839 644 3912 atque
659 3827 772 3892 deliciis
787 3827 903 3892 assidue
915 3837 1085 3907 versantur,
1108 3827 1235 3912 nihilque
1252 3849 1310 3892 non
1330 3841 1389 3910 cap.
1405 3841 1449 3893 lv.

158 3929 196 3992 ad
224 3949 377 4012 corporum
393 3928 571 4013 voluptatem
591 3950 624 3994 ac
648 3931 854 3993 iucunditatem
875 3927 1052 4013 suscipiuutq
1082 3950 1176 4013 neque
1199 3932 1233 3994 ed
1256 3951 1311 3994 nos

159 4027 280 4114 penitus
297 4031 456 4110 accedunt,
479 4031 537 4094 nisi
555 4033 629 4094 torte
650 4043 682 4094 ut
698 4031 858 4096 imbecilles
875 4030 988 4094 animos
1006 4031 1041 4094 ad
1060 4029 1148 4116 impin
1164 4053 1217 4096 sua
1240 4031 1312 4114 dog-

159 4139 242 4194 mate
256 4131 413 4216 pelliciunt.
456 4130 564 4216 Neque
581 4133 657 4195 enim
673 4133 730 4196 alia
747 4153 780 4196 re
799 4133 884 4198 uobis
899 4132 1010 4198 similes
1025 4145 1104 4212 sunt,
1128 4153 1215 4217 quam
1235 4134 1312 4215 quod

158 4232 228 4296 solo
245 4226 406 4296 Christiani
423 4235 539 4297 nomine
561 4235 741 4320 gloriantur,
766 4245 798 4297 ut
814 4234 945 4300 ementiti
960 4236 1045 4300 huius
1061 4234 1195 4300 vocabuli
1214 4235 1313 4316 specie

158 4331 374 4417 improbitatem
389 4355 472 4398 suam
488 4347 658 4402 exerceant.
689 4331 750 4400 Sed
763 4335 878 4418 horum,
895 4337 937 4402 uti
951 4337 1090 4423 scriptum
1105 4346 1162 4413 est,
1180 4338 1312 4398 taediosius

195 4497 223 4554 4.
240 4497 366 4568 κτήσαντο
383 4505 540 4568 codlthedtp.
554 4507 720 4568 crednprtnc.
789 4503 813 4557 6.
831 4499 893 4560 iiam
913 4499 937 4571 γ’
953 4497 983 4560 div
1007 4521 1049 4569 epo
1064 4507 1172 4567 rescripst
1190 4519 1234 4567 pro
1252 4497 1313 4558 ineu

196 4571 221 4621 b.
242 4572 315 4632 Vates
331 4563 438 4631 πάντως.
755 4567 780 4628 h'
795 4566 839 4637 etv,
856 4576 919 4636 qaod
935 4587 1012 4626 omues
1029 4575 1082 4624 libri
1098 4574 1189 4624 tabent.
