3112 4984
251 311 313 374 208
677 320 797 374 ολοσοι
815 321 984 374 σοιοκκαιι

252 437 308 505 κόν
324 439 416 515 ἐστιν,
439 433 479 512 οῦς
494 431 512 501 ό
527 435 612 521 ῦγιος
630 441 751 513 Παῦλος
764 433 783 501 ό
798 435 961 514 ἀπόστολος
977 438 1044 518 ἔφη.
1088 435 1149 502 Διό
1165 434 1220 522 γάρ
1238 433 1291 512 τάς
1304 435 1401 514 κακός

252 537 352 606 αότῦν
365 537 485 623 πράξεις
499 538 531 604 τό
548 536 740 621 άνταπόδομα
755 535 977 622 ἀποδοθήσεται
992 536 1101 614 αὐτοῖς.
1143 535 1251 614 Ἀδεοῖς
1271 535 1327 624 γάρ
1348 537 1402 605 τόν

251 648 326 708 νοῦν
343 638 441 706 αῦτοῦν
458 644 500 717 είς
520 637 639 724 οἶστρον
653 640 848 717 ἐκδεδωκότες
867 639 995 706 πάθεσιν
1012 636 1131 722 ήδονοῖν
1148 644 1263 725 μυρίων
1277 639 1402 717 ἐαυτοός

252 741 487 829 παραδεδώκασι.
534 744 612 806 Φασὶ
632 740 689 828 γάρ
714 741 760 806 ότι
780 741 837 809 ὅσα
857 747 1002 824 νομίζεται
1022 739 1104 826 παρά
1125 739 1302 828 άνθριόποις
1322 740 1401 808 κακά

251 843 341 924 εἶναι,
363 842 400 910 οό
415 841 493 910 κακά
509 839 649 928 όπάργει,
671 841 742 909 άλλά
758 841 846 925 φόσει
862 841 945 908 καλά.
982 841 1078 908 Ου’δίν
1094 842 1150 930 γάρ
1167 847 1226 910 ἐστι
1242 843 1331 926 φύσει
1347 870 1400 909 κα-

250 945 323 1026 κόν,
352 955 414 1022 τοῖς
436 947 468 1010 δέ
494 943 669 1032 άνθριόποις
689 949 833 1027 νομίζεται
856 943 931 1010 εἶναι
953 951 1061 1026 φαῦλα.
1105 947 1167 1010 Καλ
1189 951 1281 1010 ταῦτα
1303 943 1401 1010 πάντα

252 1047 304 1114 ἐάν
319 1073 363 1124 τις
379 1046 477 1137 πράξη
494 1049 526 1113 ἐν
539 1055 576 1136 τῇ
593 1053 645 1134 μιᾷ
662 1044 754 1135 ταότη
769 1051 928 1134 παρουσίᾳ,
949 1043 1047 1112 οῦκίτι
1064 1053 1332 1129 μετενσωματοῦται
1348 1043 1401 1111 αῦ-

250 1157 304 1216 τοῦ
327 1147 348 1232 ή
370 1147 455 1233 ψυχή
472 1151 514 1224 είς
530 1148 563 1214 τό
586 1146 674 1212 πάλιν
697 1145 998 1231 άντικαταβληθῆναι,
1021 1147 1093 1213 άλλά
1114 1146 1176 1214 όπδ
1195 1153 1231 1214 ἓν
1252 1148 1402 1232 ποιήσασα

250 1259 349 1318 πᾶσαν
363 1255 469 1335 πρᾶξιν
483 1247 722 1336 ἀπαλλαγήσεται,
740 1251 974 1333 ἐλευθερωθεῖσα
990 1252 1042 1314 καὶ
1055 1252 1159 1333 μηκέτι
1172 1249 1357 1334 χρεωστοῦσά
1372 1277 1401 1316 τι

249 1361 310 1420 τῶν
332 1351 407 1436 πρός
424 1355 532 1437 πρᾶξιν
553 1354 584 1418 ἐν
600 1357 642 1439 τρῦ
659 1350 771 1439 κόσμῳ.
819 1355 916 1416 Ποίαν
934 1352 966 1416 δέ
988 1357 1093 1438 πρᾶξιν
1112 1355 1220 1431 εἰπεῖν,
1244 1355 1327 1418 δίδια
1344 1351 1400 1418 πά-

249 1463 311 1533 λιν,
339 1453 379 1537 μή
403 1452 555 1540 βορβόρου
580 1457 667 1535 δίκην
692 1454 913 1535 κεκαλυμμένον
938 1450 1037 1536 όχετόν
1059 1451 1245 1537 άποκαλόψω
1271 1457 1323 1519 καί
1343 1475 1400 1520 τισι

251 1555 329 1633 δόξω
359 1554 523 1638 λοιμώδους
547 1558 706 1638 δυςοδμίας
734 1553 905 1639 ἐργάζεσθαι
931 1554 985 1638 τήν
1012 1555 1185 1641 ίμφόρησιν.
1227 1553 1299 1621 Ἀλλ’
1319 1554 1400 1640 ὅμως

251 1656 409 1742 ἐπειδήπερ
427 1659 457 1735 ἐξ
477 1655 619 1740 άληθείας
639 1655 823 1740 συνεχόμεθα
838 1655 874 1721 τά
892 1655 974 1741 παρά
995 1666 1058 1733 τοῖς
1075 1657 1273 1741 ἠπατημένους
1288 1655 1400 1724 α’ποκα-
1495 1679 1506 1690 ·

182 1831 187 1842 .
252 1759 362 1842 λάψαι,
390 1757 564 1844 σεμνότερον
582 1761 674 1824 εἰπεῖν
694 1759 792 1825 τεκαὶ
810 1767 864 1842 τῆς
882 1756 1081 1841 άληθείαςμή
1104 1761 1158 1837 ἐξω
1178 1763 1289 1843 βαίνειν
1311 1762 1401 1842 ἐμαυ-

250 1861 304 1929 τόν
318 1859 539 1946 καταναγκάσω.
588 1865 623 1926 Τί
643 1861 691 1940 δὲ,
713 1858 781 1926 όλλο
795 1887 824 1926 τι
840 1867 938 1926 πᾶσαν
955 1859 1170 1946 α’ρρητουργίαν
1187 1864 1239 1926 καλ
1257 1859 1402 1945 όθίμιτον

251 1969 376 2048 πρᾶξιν,
402 1963 440 2047 ἣν
464 1961 502 2028 οῦ
516 1962 639 2046 θεμιτόν
658 1964 708 2028 ἐπλ
730 1961 874 2045 στόματος
896 1963 1010 2051 φέρειν,
1038 1955 1121 2028 οῦτοι
1143 1960 1305 2047 πράττουσι
1312 1990 1323 2041 ,·
1349 1963 1402 2028 καλ

251 2074 314 2132 πᾶν
334 2063 412 2141 εἶδος
433 2062 640 2150 α’νδροβασιῦν
663 2066 714 2129 καί
730 2066 936 2152 λαγνιεστίρων
959 2063 1081 2148 όμιλιοῦν
1103 2062 1179 2150 πρός
1203 2074 1346 2150 γυναῖκας
1367 2067 1400 2131 ἐν

252 2167 364 2258 ἑκάστω
388 2169 465 2250 μέλει
492 2166 642 2251 στόματος,
670 2170 791 2252 μαγείας
814 2191 845 2230 τε
868 2169 918 2232 καί
944 2169 1128 2252 φαρμακείας
1150 2168 1201 2232 καὶ
1224 2169 1400 2233 1εἰδωλολα-

250 2275 347 2357 τρείας
365 2272 560 2346 ἐκτελοῦντεςς
590 2269 651 2332 Καί
673 2275 759 2348 τοῦτο
784 2265 859 2332 είναί
882 2289 971 2348 φασιν
994 2271 1130 2354 ἐργασίαν
1151 2265 1321 2344 ἀποδόσεως
1341 2275 1402 2334 τῶν

253 2375 285 2440 ἐν
306 2380 349 2460 τῷ
367 2370 480 2453 σάματι
497 2368 702 2453 όφειλημάτων
723 2373 765 2445 είς
788 2367 822 2436 τό
846 2371 949 2452 μηκίτι
970 2372 1171 2455 ἐγκαλεῖσθαι,
1200 2367 1221 2451 ἢ
1242 2371 1352 2452 μίλλειν
1371 2395 1401 2435 τι

253 2472 388 2558 πράξεως
404 2476 490 2558 ἐργον
505 2471 711 2539 οίπαιτεῖσθαιΔ
734 2474 784 2536 καὶ
802 2470 909 2537 τοῦτον
927 2474 1012 2537 ἕνεκα
1029 2469 1069 2555 μή
1090 2469 1328 2556 άποστρέφεσθαι
1345 2468 1402 2554 τήν

252 2573 353 2658 ψυχήν
378 2573 450 2657 μετά
475 2574 529 2658 τήν
550 2577 688 2640 ἐντεῦθεν
710 2571 878 2660 άπαλλαγήν
896 2575 948 2640 καλ
969 2573 1056 2639 πάλιν
1079 2575 1121 2650 εἰς
1143 2570 1402 2658 μετενσωμάτωσιν

253 2679 304 2743 καὶ
325 2675 517 2763 μεταγγισμόν
537 2685 649 2764 χωρεῖν.

184 3138 190 3150 .
221 3093 238 3152 '.
344 3087 448 3165 Οῦτως
465 3085 521 3175 γάρ
538 3089 593 3171 ἔχει
610 3086 646 3151 τά
660 3085 760 3153 αῦτῦν
773 3087 975 3174 συντάγματα,
999 3083 1039 3162 ός
1057 3081 1222 3171 όναγνόντα
1243 3081 1295 3149 τόν
1317 3101 1400 3147 συνε-

254 3190 308 3258 τόν
323 3189 486 3273 θαυμάζειν
503 3192 553 3255 καί
569 3192 782 3272 ἐκπλήττεσθαι
797 3193 848 3258 καλ
864 3189 995 3255 άπιστεῖν
1010 3191 1037 3252 εί
1050 3193 1142 3252 ταῦτα
1157 3183 1253 3261 οῦτως
1273 3181 1332 3250 όπό
1348 3179 1401 3248 άν-

255 3293 390 3378 θροόπων
413 3291 578 3379 γενήσεται,
608 3290 645 3357 οῦ
668 3291 761 3375 μόνον
784 3299 844 3358 τῶν
866 3289 937 3358 καθ’
957 3289 1037 3374 ήμῦς
1060 3288 1146 3354 πόλιν
1173 3285 1401 3366 κατοικούντων,

253 3394 324 3461 άλλά
343 3398 392 3462 καί
410 3401 469 3460 νῦν
487 3394 557 3478 μετά
573 3402 678 3479 θηρῶν
693 3396 743 3459 καί
761 3392 872 3478 όμοίων
891 3395 981 3476 θηρσί
1002 3393 1053 3456 καλ
1073 3389 1205 3473 κτήνεσι,
1226 3390 1278 3454 καλ
1299 3387 1403 3470 σχεδόν

252 3500 346 3564 εἰπεῖν
362 3497 399 3563 τά
417 3505 516 3565 κανοῦν
537 3499 588 3563 καλ
606 3494 670 3562 όῦν
691 3496 828 3583 πράττειν
843 3494 1025 3578 τολμοόντων.
1070 3493 1150 3556 Φασλ
1165 3489 1235 3576 γάρ,
1258 3498 1315 3554 Δεῖ
1327 3486 1403 3553 πάν-

254 3623 312 3674 τως
328 3607 427 3665 πῦσαν
443 3608 546 3685 χρῆσιν
566 3598 680 3666 τούτων
700 3607 868 3674 ποιεῖσθαι,
889 3600 940 3662 ἵνα
960 3595 1001 3678 μή
1022 3597 1196 3672 ἐξελθοῦσαι
1214 3592 1265 3657 καὶ
1281 3587 1406 3675 ῦστερή-
1486 3611 1490 3618 ·

138 3715 189 3762 m·
201 3706 246 3752 ¹⁰⁰·
259 3705 347 3764 σασαί
364 3728 443 3778 τινος
465 3705 552 3788 ἔργον
570 3700 678 3768 τούτου
694 3703 780 3766 ἕνεκα
800 3705 1045 3785 καταστραφοῦσιν
1064 3699 1106 3772 είς
1123 3692 1243 3776 σάματα
1264 3690 1351 3757 πάλιν
1371 3693 1410 3756 αί

253 3801 363 3883 ψυχαὶ,
386 3804 428 3876 είς
447 3803 481 3868 τό
505 3809 614 3890 πρᾶξαι
630 3796 722 3879 αῦθις
739 3802 759 3867 δ
778 3800 819 3884 μή
837 3803 973 3884 ίπραξαν.
1017 3800 1078 3862 Καὶ
1094 3794 1181 3862 τοῦτό
1199 3796 1274 3870 ἐστι,
1297 3792 1403 3874 φασὶν,

253 3900 328 3987 ὅπερ
344 3899 363 3967 ό
377 3901 489 3984 Ἰησοῦς
506 3907 537 3970 ἐν
552 3904 762 3994 τῷεῦαγγελίηο
780 3900 843 3968 είπε
858 3900 908 3967 διά
925 3904 1096 3986 παραβολῆς
1110 3899 1171 3978 ὅτι,
1190 3895 1271 3961 Ἵσθι
1290 3891 1404 3958 εόνοοῦν

252 4011 295 4093 τῷ
310 4000 447 4092 άντιδίκφ
464 4025 534 4085 σου,
557 3999 629 4094 ἐνρῖ
650 4001 688 4096 ᾖς
707 4008 740 4072 ἐν
759 4012 794 4094 τῇ
818 4002 879 4091 όδηῖ
901 3999 959 4085 μετ’
978 4000 1087 4080 αότοῦ,
1115 4002 1167 4066 καί
1188 3995 1241 4074 δός
1262 3998 1404 4082 ἐργασίαν

253 4105 442 4190 άπηλλάχθαι
458 4103 508 4170 ἄπ’
524 4105 633 4187 αῦτοῦ,
655 4107 777 4190 μήπως
793 4103 971 4180 όάντίδωιος
983 4104 1108 4187 παραδῶ
1126 4123 1157 4165 σε
1172 4106 1212 4188 τῷ
1226 4103 1327 4186 κριτῇ,
1349 4099 1404 4164 καλ

253 4205 388 4294 όκριτής
409 4214 450 4298 τρῑ
470 4205 619 4298 όπηρίτη,
641 4211 693 4274 καλ
710 4207 892 4292 όάπηρέιης
912 4204 1003 4296 βάλλη
1027 4226 1059 4271 σε
1077 4207 1118 4280 είς
1139 4198 1288 4284 φυλακήν·
1310 4197 1403 4283 άμήν,

253 4307 333 4394 όμήν
353 4313 427 4398 λέγω
446 4331 509 4389 σοι,
531 4306 568 4375 οῦ
590 4309 632 4394 μή
648 4311 770 4400 ἐξίλθης
787 4312 918 4389 ἐκεῖθεν,
940 4309 996 4384 ἕως
1011 4305 1048 4372 άν
1064 4304 1186 4394 άκοδῷς
1204 4300 1257 4368 τόν
1279 4303 1404 4384 ἔσχατον

251 4412 425 4497 κοδράντην.
469 4418 588 4478 Μῦθον
605 4412 638 4478 δέ
657 4437 724 4476 τινα
740 4410 916 4478 πλάττουσιν
937 4411 968 4476 ολ
980 4406 1067 4476 αότολ
1084 4405 1160 4494 πρός
1179 4405 1335 4472 ιἐπίλυσιν
1348 4409 1404 4486 τῆς

294 4549 351 4602 (δαν.
369 4553 412 4602 lv.
429 4579 463 4594 -
498 4553 520 4606 1.
538 4549 729 4618 εἰδωλολατρίας
744 4553 781 4602 λδ·
797 4552 873 4614 W·
