3072 4986
351 361 487 413 cnutum
506 361 580 414 ΛΝ.
597 361 766 414 HABRESRS
782 363 844 414 Lib.
861 363 879 414 i.
896 362 976 414 TOM.
989 365 1006 414 i.
1210 354 1251 415 43

113 483 142 548 in
155 477 243 548 Scire
257 489 356 544 monte
369 479 544 546 domicilium
558 481 693 559 collocet,
716 480 814 565 ibique
829 482 963 566 oppidum
977 481 1071 548 Edem
1089 483 1251 548 coustituit.

12 661 13 664 p
113 581 205 648 Ceius
222 582 305 648 liberi
320 593 460 668 perpetue
475 583 663 646 successione
680 583 709 646 io
724 581 859 647 ldumeeo
873 584 1010 648 dominati
1026 595 1104 664 sunt,
1127 585 1253 670 indeque

12 669 13 690 ¹
114 684 256 771 principes
275 683 369 748 Edoni
387 684 616 769 appellabuntur.
660 682 711 748 Ex
726 703 782 768 quo
797 685 888 770 stirpe
905 688 930 750 si
946 687 1124 752 Abrotonum
1141 707 1158 750 e
1173 686 1252 751 serie

113 787 281 863 sustuleris,
310 798 341 851 ct
363 786 400 850 ab
419 783 519 850 lsuoco
539 783 690 870 coeperis,
721 787 837 870 quintos
859 787 962 850 ordine
982 786 1034 852 lob
1056 789 1252 852 oumornodns

114 889 201 952 veuit.
246 885 367 950 Etenim
389 884 508 952 isaccus
527 885 608 950 Esou
625 887 712 950 tilium
737 889 852 967 hebuit,
876 889 911 952 nb
933 891 987 952 boo
1002 887 1133 974 Regnoi,
1156 889 1252 954 oido-

114 991 194 1076 gnete
212 988 293 1054 Zoro
309 989 427 1074 genitus
443 999 501 1052 cst.
541 987 598 1052 Hic
614 1009 687 1052 vero
707 986 768 1052 lobi
788 1000 870 1074 puter
885 990 995 1069 extitit,
1019 991 1067 1074 qui
1084 1011 1149 1054 com
1166 1002 1253 1055 ontec

114 1091 195 1156 iacob
218 1093 367 1156 diceretur
384 1093 469 1177 punto
486 1102 552 1154 ente
572 1091 764 1156 columitatem
788 1092 864 1155 iilum
880 1089 968 1156 lobns
989 1092 1046 1154 olio
1067 1093 1184 1156 nomine
1199 1113 1253 1157 vo·

116 1206 192 1258 cetus
217 1204 277 1258 est.
322 1191 383 1257 Per
406 1193 474 1258 iliud
500 1213 572 1258 vcro
599 1203 712 1278 tempos
738 1193 969 1260 circumcisionis
995 1193 1067 1256 ritus
1092 1194 1251 1259 obtinebat.

117 1293 272 1360 Caeterum
289 1292 377 1360 lucob
394 1293 476 1358 Esou
494 1294 593 1360 scotris
609 1293 682 1358 irum
699 1305 832 1358 metucns
854 1296 890 1358 de
909 1304 1061 1381 parentum
1079 1295 1202 1360 consitio
1222 1296 1253 1360 iu

113 1395 352 1483 Mesopotamiam
368 1394 487 1460 Pbudnn
506 1397 646 1481 proiuqus
666 1396 830 1473 concessit,
854 1396 930 1460 ultre
944 1393 1175 1482 mesopotamiae
1190 1417 1255 1482 prr-

113 1511 166 1562 tenn
183 1499 327 1576 alterum,
350 1518 426 1581 quoe
443 1495 558 1562 Sueobs
578 1496 755 1562 nominetur.
799 1496 884 1562 Unde
898 1507 1023 1581 quotuor
1039 1518 1056 1560 e
1071 1510 1197 1583 cognate
1213 1501 1255 1562 io-

112 1601 184 1664 nitin
198 1599 345 1683 coniuges
362 1599 457 1678 duxit,
482 1621 499 1662 e
513 1599 616 1683 quibus
630 1598 783 1663 duodecim
797 1599 905 1662 liberos
920 1599 1098 1682 putriembos
1112 1601 1252 1686 suscepit.

113 1699 241 1788 Cumque
260 1702 291 1766 in
309 1698 515 1767 Cbonnnecem
538 1702 572 1764 od
593 1711 730 1786 parentes
749 1722 819 1764 snos
839 1698 923 1765 isnuc
939 1713 970 1765 et
988 1700 1154 1767 Rebeccum
1176 1714 1255 1788 post·

112 1804 217 1870 liminio
234 1797 366 1882 rediret,
390 1804 484 1867 visum
503 1803 530 1866 ei
549 1803 693 1886 quoddam
713 1804 786 1866 buud
807 1803 907 1888 procul
925 1801 1059 1869 lordonis
1077 1805 1161 1868 vodis
1182 1803 1254 1868 divi-

113 1907 184 1970 nitns
207 1905 338 1970 oblatum
360 1916 422 1985 est,
446 1907 482 1969 ud
502 1915 661 1968 torrentem
678 1902 784 1983 labec,
807 1905 855 1968 ubi
877 1905 1046 1988 angelorum
1065 1918 1162 1972 cestro
1184 1927 1255 1970 con·

112 2009 216 2092 spexit.
261 2011 304 2070 Et
318 2030 399 2082 ecce,
422 2007 533 2090 inquit,
557 2003 726 2086 oir'qoidmn
744 2029 807 2070 cum
826 2029 858 2069 eo
876 2009 1037 2070 Ιιιιειιὺιιιιιι1
1050 2031 1069 2070 o
1088 2030 1203 2090 vespero
1217 2013 1256 2071 od
1267 2021 1324 2066 oen.
1337 2021 1370 2066 ss

110 2131 238 2173 omnmo
255 2131 362 2192 osque,-
386 2129 470 2193 quem
488 2112 623 2192 angelum
639 2107 729 2172 fuisse
745 2108 889 2193 scriptura
904 2109 1059 2192 significet,
1083 2111 1131 2194 qui
1147 2109 1255 2174 Iacobo

108 2211 286 2276 benedicens
309 2210 404 2274 eidem
431 2209 580 2294 dignitatis
608 2210 725 2274 nomine
749 2207 868 2275 israelis
893 2211 1115 2296 appeliationem
1139 2211 1253 2276 indidit.

107 2311 215 2377 Postea
233 2311 402 2396 digrediens
420 2311 543 2375 lacobus
559 2311 586 2374 oi
603 2311 667 2374 ioco
682 2311 805 2376 visionis
824 2312 870 2376 dei
885 2333 991 2376 nomeu
1009 2313 1162 2397 imposuit,
1188 2334 1254 2396 pro-

107 2425 206 2498 pterea
221 2414 299 2498 quod
315 2414 362 2497 qui
378 2413 435 2476 sibi
449 2415 529 2476 iuter
540 2413 768 2476 benedicendum
784 2415 916 2478 dixerat:
939 2419 1125 2496 Nequaquam
1134 2418 1255 2496 cuphus

107 2519 252 2579 meeber&
265 2517 362 2590 Jacob,
385 2519 436 2576 ced
448 2518 542 2578 Israel
557 2517 611 2576 tibi
623 2537 722 2578 nornen
737 2520 803 2590 crit,
827 2515 903 2579 idem
924 2515 978 2580 boc
994 2516 1105 2580 diserte
1120 2516 1254 2580 subiece-

107 2633 169 2680 rete
195 2622 333 2696 Qucum
350 2639 413 2678 cem
429 2621 481 2680 deo
497 2619 666 2679 contendens
678 2629 847 2698 praepotens
854 2619 960 2700 suisti,
984 2623 1067 2679 etrum
1087 2629 1187 2680 contra
1203 2621 1253 2680 do-

106 2726 192 2782 mines
216 2722 323 2782 oditur
344 2721 459 2782 moto.
506 2718 555 2782 Ab
579 2718 629 2782 iiio
654 2718 792 2804 deinceps
814 2729 945 2804 tempore
968 2717 1121 2784 israelites
1143 2740 1253 2784 nunon-

107 2821 165 2904 peti
188 2832 268 2884 sont.

188 2919 348 3006 Postquam
370 2941 444 2986 vero
469 2922 500 2986 in
519 2923 684 3006 Aegyptum
703 2921 845 3007 Ionepbus
864 2925 1014 3008 proiectus
1036 2933 1101 3002 est,
1129 2923 1164 2987 cd
1187 2943 1252 2988 enm
1273 2937 1331 3004 cip.
1348 2937 1394 2989 tx.

108 3021 200 3088 terret
214 3045 280 3088 com
301 3023 440 3090 universe
462 3023 568 3088 inmitia
590 3023 738 3108 perrexit,
762 3045 826 3088 oo·
844 3024 928 3102 iiiiis,
952 3025 1085 3110 inquom,
1110 3046 1144 3088 ec
1164 3045 1254 3109 nepo-
1267 3020 1324 3064 ⁶⁰¹¹·
1337 3019 1370 3063 ⁴⁸·

106 3126 200 3206 tibus,
224 3137 312 3210 etque
332 3125 434 3190 borum
454 3126 580 3188 omnium
598 3126 739 3189 uxoribus
760 3125 928 3210 reliquoque
944 3128 1048 3205 domo,
1070 3138 1102 3191 ut
1116 3128 1145 3190 in
1162 3135 1253 3190 totum

106 3225 196 3293 Lxx
215 3229 312 3312 cupito
329 3238 480 3292 nnmerum
498 3227 568 3290 sint.
613 3223 725 3290 Mansit
748 3249 836 3311 porro
851 3226 1050 3294 israelitorum
1068 3227 1099 3293 io
1114 3228 1252 3310 Aegypto

106 3349 198 3411 genus
214 3339 346 3393 actutum
363 3329 487 3412 quinquo
506 3330 611 3413 spatio.
652 3326 801 3412 Siquidem
820 3328 943 3394 lacobus
958 3328 1036 3394 Levi
1052 3341 1140 3412 etque
1155 3327 1253 3390 iudom

106 3432 224 3514 genuit,
258 3440 450 3512 caeterosque
476 3429 653 3515 patriarches
678 3431 790 3494 decem.
834 3429 910 3497 Levi
934 3429 1028 3496 Coetb
1050 3431 1156 3506 tilium,
1180 3426 1251 3491 ludo

107 3529 218 3596 anres
235 3532 378 3618 suscepit.
424 3527 518 3596 Coatb
534 3531 653 3594 Amnum
671 3530 783 3616 genuit,
807 3532 926 3596 Amrom
941 3530 1096 3616 Moysen.
1120 3527 1161 3590 At
1175 3525 1252 3592 Pbo-

107 3633 304 3713 residerem,
335 3632 443 3697 Esrom
467 3633 573 3710 Aram,
602 3632 693 3696 Aram
715 3633 897 3711 Amiusdob‚
926 3629 1090 3695 Aminadob
1113 3627 1252 3694 Nesseou

105 3731 203 3798 blesis
221 3747 365 3821 tempure.
411 3731 461 3798 Sic
479 3743 575 3798 actote
594 3735 714 3818 perinde
733 3735 831 3818 quintu
846 3733 983 3797 Noossou
1006 3743 1087 3796 ortus
1108 3743 1165 3796 est.
1210 3731 1253 3794 At

103 3831 261 3901 israelitae
282 3857 335 3924 per
349 3833 435 3900 More
452 3834 584 3901 Rubrum
603 3856 642 3898 cx
655 3833 793 3922 Aegypto
809 3835 887 3899 inter
902 3834 1042 3920 stupendo
1063 3835 1192 3921 prodigio
1209 3833 1252 3898 di-

102 4040 237 4160 ἀὲδόι
258 4044 409 4094 tibrim
428 4043 666 4104 tuutncsipttqucm
696 4036 772 4156 mid.
791 4033 854 4091 ἀλλὰ
878 4039 930 4088 cod.
954 4043 1010 4090 Vno.
1048 4032 1103 4092 ἀλλ’
1126 4031 1146 4105 ἦ
1169 4039 1253 4100 reliqui

727 4121 756 4156 n.

104 4191 181 4312 ΥΞ
205 4189 278 4246 cute
305 4189 335 4248 ot
360 4193 491 4260 δρομοίιιτι
514 4185 584 4261 αὐτῷ
610 4193 661 4245 cod.
728 4170 967 4296 itin.xiit.&-e-mi.⁵
976 4176 1137 4310 4⁶,quan
1153 4241 1227 4290 Vm

729 4307 752 4358 2.
769 4307 841 4379 χώρᾳ
858 4326 903 4360 om.
922 4312 973 4360 cod.
993 4313 1068 4360 Vcoct.

137 4343 179 4398 30.
197 4339 276 4398 adrui
292 4347 329 4396 td·
345 4349 427 4398 ΡΜ.
729 4375 753 4428 3,
771 4375 801 4432 δί
814 4379 886 4444 psus&
903 4381 953 4427 cod.
974 4379 1049 4428 Vettct.

138 4428 181 4509 3¹:
194 4426 227 4508 ,ῗό
250 4433 301 4480 ⁰⁰⁶·
319 4434 394 4480 VM·
433 4430 470 4496 Τῷ
497 4434 547 4482 Μ·
566 4432 663 4493 fldtdt't·
730 4441 753 4494 t.
773 4449 847 4496 Verbo
863 4431 985 4497 diodoto.
1017 4440 1102 4509 Φαρὲς
1119 4442 1191 4512 γεννᾷ
1208 4439 1251 4494 τὸν

105 4500 128 4541 ‘¹
145 4499 201 4546 ’ω
217 4499 277 4548 m·
697 4529 743 4564 om.
756 4515 807 4564 cod.
825 4515 898 4562 tenet

143 4579 182 4630 dt.
199 4573 239 4632 'irs
253 4597 297 4632 ose.
313 4585 365 4634 cod.
379 4585 454 4633 Vesci.
731 4581 754 4632 5.
772 4581 819 4647 τῆς
835 4582 886 4630 cod.
903 4582 976 4630 Vocet
