3078 5012
391 293 526 349 rausum
542 295 605 374 ura.
621 297 641 349 ι.
658 296 741 351 ross.
753 297 797 351 ιιι.
814 297 912 349 usse.
926 297 1008 350 xcu.
1216 284 1278 348 btb

123 431 198 500 pree
218 433 253 480 se
275 415 375 480 lerens
397 415 606 482 monachornm
627 415 759 483 instituto
780 419 932 504 professus
955 428 1017 498 est,
1048 427 1171 504 parente
1194 427 1279 482 ustus

123 516 285 582 cetbolicae
307 518 520 584 communionis
544 520 693 606 episcopo.
739 517 848 585 Posses
874 541 938 584 num
964 520 1108 602 virginem
1132 520 1277 605 quendam

123 619 291 684 adamasset
306 641 341 684 ac
358 621 506 686 fraudibus
523 621 706 709 pellexisset,
730 623 766 687 ab
784 644 837 708 spe
853 623 931 686 ritae
947 622 1085 686 eoelestis
1101 622 1178 686 illam
1194 623 1278 686 iuxta

123 723 369 808 sesemetipsum
392 725 509 790 deiecit.
556 721 604 790 Ob
627 725 703 789 bunc
724 725 814 810 igitur
838 727 981 792 incestum
1005 723 1130 792 ecclesia
1153 724 1190 788 ub
1213 725 1278 810 ipso

123 835 247 909 perante
268 826 368 910 pulsus
384 836 447 905 est,
480 826 545 892 viru
565 828 732 914 cumprimis
750 828 890 912 religioso
908 849 944 892 uc
960 826 1095 891 veritatis
1110 847 1210 892 amore
1226 827 1278 890 de·
1416 912 1418 918 Ι

123 926 325 1012 grantissimo,
349 939 377 992 et
392 930 422 994 in
438 930 491 993 bac
506 929 680 1014 episcopalis
695 929 824 994 muneris
839 929 1089 994 administratione
1105 928 1276 1014 praestanti.

125 1024 184 1093 cet
206 1049 270 1094 eum
288 1027 403 1095 Marcio
424 1032 472 1096 diu
491 1032 669 1118 multumque
687 1033 879 1118 supplicasset
900 1053 936 1096 ac
955 1031 1163 1117 poenitentium
1180 1041 1279 1118 posta-

123 1131 228 1210 lasset,
253 1132 357 1198 banca
374 1146 455 1220 patra
470 1135 604 1220 precibus
622 1135 707 1200 nullis
724 1135 859 1200 obtinuit.
907 1132 1117 1198 vehementem
1134 1133 1278 1218 siqnidem

123 1253 167 1298 ex
183 1253 217 1298 ea
235 1255 267 1298 re
284 1235 414 1300 dolorem
431 1237 557 1323 optimus
572 1257 666 1302 senex
683 1249 712 1302 et
730 1238 884 1324 episcopus
902 1247 1036 1324 ceperat,
1061 1238 1136 1322 quod
1155 1235 1278 1320 mouille

123 1336 219 1401 solum
242 1337 419 1417 exstitisset,
454 1339 506 1402 sed
531 1351 561 1403 et
582 1339 770 1426 ignominiam
797 1341 850 1404 sibi
873 1362 908 1404 uc
929 1341 1056 1404 dedecus
1077 1339 1276 1423 imposuisset.

124 1435 209 1524 Ergo
228 1439 274 1503 nbi
291 1461 324 1506 se
342 1441 429 1506 nullis
444 1441 554 1508 artibus
570 1443 711 1508 eblnndiri
728 1463 815 1528 posse
831 1443 907 1528 quod
923 1453 1045 1528 cuperet
1060 1441 1277 1522 animadvertit,

124 1541 307 1627 popolurium
323 1564 442 1608 suonam
459 1544 565 1630 probra
587 1565 623 1608 ae
638 1545 761 1610 ludibria
784 1567 842 1610 nnn
860 1545 1010 1610 sustinens
1029 1545 1102 1608 elam
1117 1545 1155 1608 ab
1172 1544 1279 1631 oppido

124 1644 267 1722 sesessit,
299 1666 333 1710 ao
351 1644 475 1711 Rumam
494 1658 560 1733 post
576 1645 684 1734 Hygini
703 1669 792 1734 papae
810 1647 919 1712 obitum
936 1669 1003 1712 sesa
1024 1647 1163 1727 contulit,
1194 1646 1279 1731 qnia

124 1742 217 1810 Petro
237 1744 387 1834 Pauloque
405 1751 545 1836 apostulis
564 1770 659 1814 nouus
679 1751 821 1816 ecclesiae
839 1752 1014 1834 praeluceat.
1060 1747 1107 1812 Ee
1122 1749 1220 1814 stetim
1243 1770 1279 1812 ao

123 1845 262 1914 Marcion
283 1853 433 1934 pervenit,
464 1852 499 1915 ad
518 1853 653 1917 seniores
670 1853 772 1917 adiens
791 1854 839 1938 qui
859 1853 895 1917 ab
914 1854 1111 1940 apostoloram
1129 1851 1278 1938 discipulis
1307 1847 1315 1856 “

123 1951 223 2016 edocti
245 1951 337 2018 adbno
356 1966 546 2040 supererunt,
580 1966 610 2018 ut
633 1956 662 2019 in
679 1956 911 2020 communionem
930 1956 1149 2033 admitteretur,
1185 1953 1220 2018 ab
1243 1953 1279 2018 iis

125 2055 237 2119 frastra
255 2056 351 2139 petiit.
396 2055 593 2141 Quamobrem
615 2058 819 2124 exstimulatus
837 2059 963 2136 invidia,
995 2060 1071 2143 quod
1093 2079 1151 2122 non
1171 2055 1279 2142 prinoi-

124 2177 192 2242 pem
209 2155 269 2222 illin
285 2159 397 2240 locum,
421 2181 456 2224 uo
474 2181 510 2223 no
527 2161 669 2224 ecelesiae
688 2161 803 2245 quidem
819 2161 927 2224 aditum
945 2161 1149 2247 impetrasset,
1173 2159 1208 2224 ad
1226 2159 1280 2222 im·

125 2260 256 2345 postoris
277 2255 424 2326 Cerdonis
447 2263 580 2327 baeresim
603 2264 764 2348 coningere
785 2264 815 2327 in
838 2264 964 2328 animum
987 2262 1113 2326 induxit.

213 2361 290 2427 Τιιιιι
308 2363 345 2428 ab
364 2365 428 2450 ipso
446 2365 605 2450 principio,
629 2366 774 2452 ipsisque,
799 2367 888 2430 atita
907 2366 1050 2443 dixerim,
1074 2364 1277 2450 quaestionum
1303 2377 1363 2446 esp.
1379 2379 1410 2429 tt.

125 2463 240 2532 loribus
259 2485 386 2531 exorsus
405 2466 586 2554 presbyteris
608 2469 656 2552 qui
680 2481 747 2532 tunc
767 2467 907 2553 temporis
922 2480 1008 2534 erant
1026 2470 1123 2552 coepit
1140 2467 1195 2530 ista
1212 2486 1280 2551 pro·

126 2589 250 2654 ponere.
297 2573 381 2645 Cedo,
406 2570 510 2654 inquil,
534 2575 603 2652 quid
618 2574 671 2632 bec
688 2573 746 2634 sibi
758 2575 836 2632 asts.-
859 2575 924 2634 Nun
941 2576 1057 2634 meltune
1070 2575 1163 2633 usinum
1178 2591 1279 2632 nouum
1288 2580 1431 2634 marmure.

125 2677 156 2734 r'n
173 2683 250 2733 utres
266 2685 387 2748 uatum,
413 2695 501 2754 sequa
516 2678 723 2736 consumserunt
735 2679 827 2754 panni
839 2678 920 2736 rudis
938 2680 967 2736 r'n
982 2680 1172 2736 summanum
1187 2683 1276 2746 seem,

123 2779 237 2857 nuspa·
249 2779 326 2838 tollit
337 2779 553 2856 plenalude'neur,
577 2797 666 2858 neque
681 2782 771 2842 noun·
782 2789 936 2858 congruetp
961 2783 1051 2840 maior
1065 2781 1137 2840 enirn
1154 2781 1280 2838 scissum

112 2880 184 2960 fit?
204 2878 279 2962 qnod
294 2877 406 2942 candidi
423 2878 464 2942 illi
482 2897 516 2943 sc
533 2877 710 2943 sanctissimi
727 2880 772 2943 dei
789 2880 933 2944 eeclesiae
949 2879 1112 2967 presbyteri
1129 2900 1163 2943 an
1179 2879 1280 2942 docto·

123 2999 178 3044 res
191 2980 344 3045 audientes
360 2979 436 3045 bunc
452 2980 481 3044 iu
498 2981 612 3046 modum
629 2981 862 3067 respondebante
893 2977 970 3061 Fili,
994 2993 1112 3048 veteres
1137 2981 1176 3045 illi
1197 2991 1280 3044 utres

123 3081 199 3146 nibil
217 3081 293 3146 ulind
311 3092 380 3147 sunt
395 3103 481 3167 quam
498 3081 724 3148 Pharisaeorum
742 3081 971 3169 Scribas-umque
989 3086 1097 3164 eorda,
1120 3103 1195 3168 quse
1212 3102 1279 3168 pee-

121 3185 200 3250 catis
217 3184 473 3263 inveteraverant,
506 3205 560 3250 nec
579 3187 723 3272 evengelii
739 3187 901 3251 doctrinam
918 3189 1106 3252 admiserant.
1151 3183 1280 3248 Eodem·

122 3308 183 3372 que
201 3299 286 3354 vetus
302 3288 370 3353 illud
388 3289 593 3353 vestimentum
612 3289 749 3373 pertinet.
796 3285 968 3354 Cuiusmodi
986 3287 1075 3354 ladas
1091 3287 1207 3365 extitit,
1231 3284 1279 3371 qni

121 3391 157 3455 in
179 3390 321 3456 avaritiae
341 3401 477 3474 tauquam
497 3401 644 3455 vetustate
662 3391 785 3476 quadam
803 3391 1006 3469 obsoleverat,
1037 3410 1132 3474 noque
1153 3389 1223 3454 nori
1244 3410 1280 3452 ac

121 3493 322 3572 senedssimi,
357 3493 551 3578 eoelestisqae
575 3494 708 3579 mysterii
729 3494 974 3580 praedicationem
999 3494 1129 3577 accepit,
1163 3493 1279 3557 morcui

121 3597 164 3662 ad
186 3596 318 3660 undecim
342 3596 490 3682 apostolos
514 3607 594 3660 esset
611 3609 786 3680 aggregatus
811 3607 841 3660 et
866 3597 902 3660 ab
922 3597 986 3680 ipso
1006 3595 1125 3660 domine
1144 3605 1277 3674 vocatos,

120 3719 168 3765 ex
190 3719 247 3784 quo
264 3699 405 3763 maiorem
419 3699 578 3764 scissuram
595 3717 654 3762 non
674 3699 733 3762 alio
752 3718 837 3783 quam
854 3699 980 3784 ipsomet
997 3697 1052 3764 sibi
1070 3709 1192 3763 auctore
1209 3720 1279 3764 ocu·

120 3801 232 3880 scivitq
255 3813 410 3887 propterea
428 3801 504 3886 quud
523 3801 586 3866 eins
602 3801 715 3866 animus
730 3801 848 3865 caducis
865 3800 911 3865 bis
926 3800 1029 3885 opibus
1042 3821 1076 3864 ec
1095 3803 1171 3865 lustu
1186 3802 1279 3866 linsa-

122 3923 185 3992 que
201 3902 348 3970 bominum
365 3903 493 3968 amicitia
512 3923 547 3966 ao
564 3924 616 3988 spa
634 3903 839 3990 voluptatequa
857 3903 1030 3990 contemptis
1048 3925 1229 3990 nequaquam
1246 3925 1279 3967 se

122 4005 286 4073 coelestem
302 4008 338 4071 ad
354 4026 434 4094 spem
450 4028 485 4071 sc
503 4008 665 4072 futurorum
682 4007 823 4072 bonorum
839 4005 1022 4070 vocationem
1039 4007 1279 4072 recommodave·

122 4123 183 4176 rut.
230 4110 273 4174 At
293 4109 366 4174 bueo
387 4109 588 4174 contradicere
606 4107 760 4188 Marcion,
790 4129 824 4173 ec
848 4109 934 4194 lungo
955 4129 1043 4174 secus
1065 4111 1092 4174 id
1116 4109 1223 4176 babere
1245 4130 1278 4173 se

122 4213 238 4290 disere,
263 4231 314 4296 pro
331 4231 368 4276 eo
384 4213 461 4298 qnod
475 4211 628 4276 admittere
643 4233 713 4277 sese
728 4213 953 4278 detrectassent.
1000 4209 1101 4296 Qasra
1115 4211 1210 4297 pelam
1225 4233 1278 4278 ess

122 4315 296 4400 elloquens,
328 4311 392 4382 Cur
409 4335 472 4394 me,
496 4313 605 4399 inquit,
630 4315 762 4404 resipere
780 4315 938 4382 noluistis?
981 4313 1208 4402 Responderunt
1222 4315 1277 4395 illi,
