3112 4984
356 275 492 328 neuneu
509 275 572 326 usn.
588 277 604 328 ι.
622 275 703 330 rou.
717 275 748 327 ιι.
766 277 1003 330 usnemun.
1195 268 1257 334 nte

89 403 193 459 stema
215 403 328 474 morte,
360 392 386 458 si
403 394 519 478 quidem
541 394 741 458 catechumeni
760 395 836 474 sint,
866 417 900 462 ea
917 419 968 484 spe
989 399 1057 463 lreti
1074 419 1158 464 sacra
1175 401 1256 465 lasa·

58 531 61 536 ι
91 497 175 560 tione
195 507 376 582 purgantur,
408 517 443 560 sc
460 507 591 560 mortuos
609 508 796 562 surrecturos
818 517 886 562 esse
903 501 1122 580 demonstrant,
1151 504 1189 566 ob
1210 505 1254 567 id-

93 620 151 682 que
175 600 391 663 condonatione
413 598 463 662 illa
484 599 628 662 scelerum
652 619 725 683 quae
747 619 800 684 per
818 599 992 684 baptismum
1012 604 1160 669 obtinetur
1180 607 1254 670 indi-

91 721 177 784 gere.
225 698 285 765 Sed
303 701 418 764 illorum
438 699 485 763 alii
508 702 634 764 nondum
654 697 804 766 Christum
820 703 989 768 surrexisse
1008 706 1193 790 praedicant,
1218 731 1253 774 ac

92 823 158 866 eum
183 805 311 867 caeteris
337 801 471 867 omnibns
495 821 563 866 esse
585 813 801 880 surrecturum,
836 803 885 867 alii
908 817 1039 872 mortuos
1065 821 1253 876 surrecturos

91 920 220 988 uuquam
245 905 374 968 funditus
398 913 519 988 negant.
571 901 674 988 ltaque
701 905 826 968 medium
852 908 995 991 quoddam
1020 910 1078 972 iter
1099 910 1252 995 ingressus

91 1006 244 1090 apostolus
269 1027 334 1070 eum
357 1016 497 1089 utrosque
523 1005 606 1082 illos,
639 1015 698 1069 turn
720 1006 849 1090 reliquas
869 1029 970 1072 omnes
990 1010 1128 1076 haereses
1148 1015 1252 1078 eadem

91 1128 182 1191 opera
199 1109 354 1185 disturbat,
378 1129 443 1172 cum
461 1107 496 1170 de
513 1117 693 1172 mortuorum
712 1107 893 1174 excitatione
909 1112 1046 1197 disputat,
1071 1126 1158 1198 atque
1173 1117 1252 1180 eius-

89 1210 169 1272 modi
187 1209 363 1274 testimoniis
381 1209 473 1273 utitur
487 1209 591 1292 quihus
607 1209 776 1292 singillatim
792 1211 937 1296 expositis
954 1227 1133 1279 mortuorum
1151 1237 1251 1281 resur·

88 1313 252 1376 rectionem
271 1333 305 1376 ac
323 1312 446 1375 salutem
465 1323 495 1373 et
512 1331 593 1395 spem
611 1322 741 1374 nostram
759 1312 944 1378 solidissimis
963 1315 1127 1380 rationibus
1144 1320 1250 1382 cunhr-

89 1425 170 1490 urat,
195 1413 241 1477 his
260 1414 377 1477 verbis:
410 1417 526 1493 Oportet
541 1417 594 1474 hoe
609 1415 793 1493 corruptibile
809 1419 926 1476 studuere
942 1421 1195 1498 incorruptionem,
1221 1435 1251 1482 et
1267 1437 1323 1486 tnta

86 1519 141 1576 hue
158 1520 278 1578 mmtnle
295 1519 412 1578 shdeem
425 1518 671 1576 immortalitatem.
718 1512 765 1578 Ac
784 1537 912 1596 rursum,
940 1522 1073 1580 Chmhnrs
1088 1527 1250 1584 resurrexit

84 1623 233 1699 pronitate
246 1621 455 1691 dorms'enn'um,
481 1627 511 1680 ut
524 1616 673 1679 ambarum
691 1615 862 1680 haereseum
877 1620 1122 1702 respondentibus
1137 1623 1191 1688 sibi
1209 1644 1249 1688 ex

87 1719 218 1784 adverso
243 1718 430 1804 opinionibus
455 1719 606 1782 convulsis
628 1739 729 1782 veram
752 1739 787 1780 ac
811 1719 956 1784 sincerans
976 1716 1163 1788 Christianae
1183 1725 1248 1789 lidei

86 1821 270 1906 disciplinans
293 1821 330 1886 iis
354 1821 483 1885 traderet
504 1819 701 1905 quidiviuam
726 1819 879 1884 veritatem
902 1822 1117 1908 salutaremque
1141 1828 1248 1890 doetri—

85 1944 154 1987 uam
178 1923 290 1988 vellent
311 1923 474 2008 percipere.

172 2022 323 2108 Quocirca
343 2023 543 2110 deprehensus
564 2022 690 2107 undiquc
710 2019 869 2088 Corinthus
891 2045 927 2088 ac
946 2027 1098 2090 convietus
1114 2039 1243 2106 tenetur,
1264 2037 1324 2105 cap.
1342 2041 1396 2096 vlt.

82 2151 142 2194 nnn
160 2149 227 2191 essm
246 2127 301 2206 iis,
334 2127 382 2212 qui
401 2127 503 2190 codem
527 2125 557 2189 in
574 2145 677 2190 errore
694 2137 869 2205 versamur,
899 2125 1033 2192 inlelices
1051 2129 1183 2196 homines
1200 2143 1245 2194 at·

83 2252 141 2317 que
164 2231 297 2296 eiusdem
319 2249 418 2293 secum
446 2227 530 2292 esitii
558 2227 623 2292 aliis
645 2227 765 2312 insuper
786 2239 923 2292 auctores
945 2230 1049 2314 qnippe
1079 2253 1143 2295 cum
1173 2234 1244 2298 baec

83 2335 183 2398 omnia
205 2351 309 2396 sacrae
331 2330 435 2394 literne
454 2329 607 2415 perspicue
626 2340 821 2413 accurateque
841 2330 926 2394 uobis
944 2331 1119 2398 edisserant.
1164 2333 1243 2398 Nam

82 2455 180 2520 neque
205 2435 242 2498 de
265 2431 382 2517 losephi
404 2433 518 2496 semine
540 2442 627 2495 uatus
656 2441 700 2494 est
722 2427 875 2496 Christuse
908 2431 957 2516 qni
979 2433 1056 2496 eninr
1080 2435 1241 2520 prodigium

83 2548 186 2624 posset
209 2535 288 2599 illius
310 2554 378 2598 esse
400 2533 572 2618 generatio,
607 2553 643 2596 ac
664 2535 740 2616 quod
764 2532 801 2595 ab
825 2530 903 2596 lsaia
925 2533 1033 2598 dictum
1055 2546 1102 2599 est
1124 2538 1241 2623 probari

81 2638 204 2702 omnino
221 2637 342 2721 posset?
383 2639 519 2698 Domshes
535 2641 595 2716 epse
610 2636 688 2696 dubet
705 2635 782 2696 nobas
797 2639 926 2714 sagenam·
956 2641 1033 2699 Ecce
1049 2643 1130 2718 uirgo
1147 2647 1241 2703 conm'·
1254 2661 1315 2708 nnn
1328 2667 1348 2720 r,
1361 2669 1391 2714 n.

78 2747 154 2822 pret,
187 2753 218 2802 et
229 2740 431 2819 malefidum
451 2745 509 2800 etc.
556 2735 690 2820 Quanam
707 2735 912 2800 serenatione
930 2739 1029 2823 perlici
1047 2740 1156 2824 poterit
1170 2741 1241 2806 illud

81 2842 158 2927 quod
178 2839 310 2904 Gabrieli
329 2841 413 2922 virgo
430 2836 615 2902 sanctissima
634 2836 727 2901 dixit:
758 2842 898 2915 Quomodo
910 2843 971 2920 fiet
987 2846 1079 2916 stud,
1110 2850 1241 2925 quom'm
1254 2866 1302 2911 nne
1318 2871 1378 2924 ι,ιι.

82 2951 174 3006 seen
190 2945 422 3021 monogamo?
464 2935 522 3002 Cui
539 2939 589 3002 ille
604 2939 772 3023 respondite
796 2943 922 3021 Spei-atus
935 2953 1051 3006 sanctus
1065 2953 1243 3026 superdeum

81 3053 110 3108 r'e
130 3058 173 3118 te,
207 3055 238 3104 et
251 3046 341 3104 amno
357 3043 680 3104 utnsmms‘obunbrubr't
695 3043 749 3102 eti
767 3050 825 3106 eto.
870 3039 980 3107 Nonne
1002 3045 1118 3110 illorum
1141 3068 1180 3111 ex
1203 3069 1239 3112 eo

79 3145 205 3212 stultitia
224 3144 309 3208 lacile
331 3143 534 3220 convincitur,
565 3143 640 3225 qnod
664 3141 774 3206 diserte
795 3143 825 3206 in
842 3144 998 3228 evangelio
1015 3147 1155 3231 scriptum
1179 3160 1236 3227 est,

79 3255 199 3312 Inemtu
219 3258 264 3308 est
284 3249 313 3308 in
333 3257 413 3306 utero
431 3246 536 3306 halem
554 3256 703 3326 antequem
723 3251 923 3308 coemerent?
966 3243 1039 3311 lllud
1058 3258 1154 3312 antem
1172 3269 1237 3313 cer-
1250 3269 1334 3317 nuiss.

80 3351 225 3414 tissimum
243 3357 308 3424 est,
339 3367 485 3430 nunquam
503 3345 569 3410 illos
587 3345 707 3409 omnino
726 3346 913 3411 convenisse.
958 3347 1047 3412 Absit
1064 3349 1141 3411 enirn
1160 3360 1192 3412 ut
1209 3352 1237 3414 id
1263 3323 1325 3378 ’με

81 3473 208 3536 umqum
224 3449 366 3514 dicemus.
411 3448 532 3532 Alioqui
548 3468 613 3511 cum
629 3447 660 3510 in
674 3467 762 3510 cruce
778 3448 935 3532 penderet,
959 3469 1017 3511 non
1033 3459 1135 3513 sancto
1151 3447 1237 3515 loan-

79 3556 127 3634 ni,
158 3553 207 3638 qui
230 3552 344 3636 etipse
367 3549 563 3634 virginitatem
581 3548 731 3627 servavit,
762 3559 885 3612 matrem
905 3550 1123 3613 commendaret
1139 3573 1235 3630 soem,

80 3677 147 3720 eum
161 3655 203 3718 ita
219 3654 333 3716 locutus
350 3663 413 3715 este
435 3655 511 3712 Ecce
525 3661 615 3712 muter
631 3662 690 3712 teu.
732 3649 772 3713 Et
787 3651 864 3713 illam
880 3650 1050 3732 alloquens:
1068 3656 1237 3732 Eccefih'ns
1251 3668 1326 3764 Ἠ.

82 3771 157 3820 teus.
206 3753 291 3818 llnne
307 3753 384 3818 enim
400 3754 447 3816 vel
464 3753 597 3838 cognatis
613 3753 676 3815 suis
692 3751 875 3816 committere
889 3752 1028 3834 oportuit,
1051 3753 1099 3816 vel
1120 3751 1234 3839 losephi
1246 3755 1282 3838 ,J
1321 3756 1327 3767 '

80 3857 199 3934 liberis,
222 3855 248 3919 si
268 3875 342 3939 quos
361 3875 401 3918 ex
419 3854 482 3939 ipsa
500 3854 678 3935 sustulerat,
702 3866 771 3938 puta
792 3850 918 3930 lacobo,
945 3848 1030 3931 lose,
1054 3851 1161 3936 ludae,
1187 3855 1235 3923 Si-

79 3961 194 4038 neoui,
227 3977 300 4044 quos
322 3954 464 4041 losephns
485 3956 543 4020 alia
560 3976 602 4020 ex
620 3976 716 4020 uxore
733 3965 888 4038 genuerat.
932 3951 1039 4038 Neque
1058 3957 1135 4022 enim
1154 3960 1234 4026 illum

80 4083 144 4124 eum
161 4058 261 4124 blarin
278 4057 470 4122 consuevisse
485 4059 544 4122 ullo
561 4058 647 4120 modo
665 4057 839 4141 reperimus,
863 4066 1051 4141 posteaquam
1066 4059 1235 4146 incorrupta

79 4163 124 4226 itu
144 4173 174 4225 et
190 4159 356 4226 castissima
374 4160 458 4244 virgo
477 4159 601 4245 peperit.
646 4157 757 4222 Verum
775 4158 811 4220 de
828 4157 872 4220 his
889 4157 947 4222 alio
963 4159 993 4221 in
1010 4160 1085 4226 libro
1099 4175 1236 4226 accurate

78 4263 281 4341 tractavimus,
299 4261 546 4345 tractabimnsquc
560 4271 674 4346 postea.
714 4257 832 4322 luterim
849 4260 903 4324 boc
919 4260 949 4323 in
962 4262 1028 4326 loco
1042 4283 1133 4345 pauca
1146 4284 1236 4346 quae-

75 4367 141 4428 dam
164 4365 201 4428 de
225 4364 280 4428 hoc
298 4373 471 4448 argumento
491 4361 573 4425 velut
590 4362 686 4426 obiter
703 4360 870 4444 attigimus,
900 4383 939 4426 ne
958 4364 1024 4426 dum
1042 4364 1108 4428 aliis
1124 4365 1234 4427 mederi

73 4467 225 4530 morsibus
247 4467 369 4551 aliisque
392 4463 548 4531 venenatis
567 4461 752 4548 serpentibus
776 4462 937 4528 remedium
959 4464 1066 4528 afferre
1088 4467 1234 4544 volumus,

126 4563 409 4623 annumeras.
994 4573 1032 4630 15
