3080 5002
352 351 488 404 ristun
505 351 569 406 urs.
583 353 602 404 t.
619 351 700 404 suro
711 351 756 402 ιιι.
773 349 963 402 nansxnu.
1173 335 1234 400 cut

71 471 203 538 Deinde
221 473 246 538 si
264 484 297 538 ut
318 485 452 538 strueret
471 473 618 538 bominum
639 491 732 558 genus
756 469 925 555 unigenitus
947 469 996 534 ille
1015 469 1181 549 deseendit,
1205 481 1236 534 et

72 588 109 640 ut
131 575 278 640 latronem
295 576 324 642 iu
340 573 511 641 Paradisum
531 575 745 654 introduceret,
769 595 803 638 uc
820 573 1003 654 publicanum
1019 592 1035 636 e
1054 572 1162 636 telonio
1182 593 1234 636 vo-

72 689 167 744 caret
183 679 219 744 ad
237 678 464 764 poenitentiam,
488 700 525 743 ec
546 677 709 742 meretricis
724 676 818 756 illius,
841 695 917 760 quae
934 675 1023 760 pedes
1045 695 1114 738 suos
1137 677 1233 754 unxit,

72 791 207 859 spueret
223 780 399 865 nequitiem:
423 791 577 868 praetereo
592 782 618 846 si
634 780 820 845 commodare
835 777 968 842 omuibus
984 777 1081 842 studet
1094 777 1169 840 idem
1185 778 1234 842 ille

73 883 129 968 qui
156 883 253 948 bonus
273 885 344 948 deus
367 895 430 964 est,
455 906 490 948 ac
513 885 681 950 misericors
706 894 737 948 et
752 883 913 967 benignos,
938 881 1027 944 multo
1050 879 1143 964 megia
1165 901 1235 964 erge

74 997 236 1072 parentem
256 985 418 1052 adhibenda
436 987 636 1052 misericordia
660 986 730 1065 luit,
753 996 785 1050 ιιι
807 983 883 1049 huuc
899 983 1021 1070 primum
1038 985 1165 1047 omnium
1189 1005 1235 1047 re-

76 1101 208 1154 vocaret
222 1089 257 1153 ud
273 1089 407 1169 sulutem,
427 1110 521 1174 eoque
536 1110 606 1175 pree
622 1090 730 1154 ceteris
743 1089 778 1152 ad
795 1087 915 1152 meliore
929 1107 1074 1152 converso
1088 1090 1235 1174 perlectae

77 1191 224 1256 bonitatis
247 1191 395 1278 specimen
419 1192 589 1278 praebuet,
616 1193 682 1256 dum
704 1191 834 1278 parentis
855 1190 901 1256 sui
925 1189 1114 1256 miseratione
1136 1211 1236 1256 move·

78 1305 184 1374 retur,
208 1295 448 1380 quemadmodum
473 1295 612 1380 scriptum
638 1305 703 1360 est:
736 1296 925 1376 benefacere
946 1295 1072 1356 onorius
1093 1307 1231 1376 oportere,
1248 1317 1299 1364 oar.
1313 1320 1339 1376 s,
1356 1322 1385 1366 tt.

78 1401 207 1459 rrwr’m
224 1419 289 1460 nero
304 1402 461 1461 domesticis
473 1400 566 1480 fidei:
591 1408 700 1482 quanto
716 1397 807 1482 igitur
823 1396 916 1481 megia
933 1405 1085 1482 parentum
1101 1397 1234 1462 misereri

79 1499 245 1564 couvenitl
288 1495 348 1564 Sed
372 1501 447 1565 uliud
470 1511 516 1566 est
534 1500 609 1584 quod
627 1501 663 1564 od
681 1500 755 1564 hooc
772 1497 936 1564 Marcionis
955 1498 1162 1564 refutationem
1185 1501 1235 1564 ad·

80 1603 210 1666 dendum
227 1600 353 1667 videtur.
399 1602 477 1667 Num
494 1604 537 1682 si,
559 1625 623 1666 cnm
640 1602 760 1666 alterius
778 1612 860 1666 esset
874 1601 923 1665 ille
940 1601 1032 1682 lilius,
1056 1622 1124 1666 sese
1139 1603 1175 1666 ad
1193 1603 1236 1667 al·

81 1715 182 1769 terum
206 1705 380 1785 contulerit,
411 1725 447 1769 ne
470 1705 538 1770 huie
564 1705 618 1790 ipsi
642 1705 756 1790 quidem
782 1705 866 1770 idem
891 1705 1085 1789 praestiturus
1107 1705 1233 1769 videtur.

83 1803 146 1889 Qui
166 1806 243 1870 euim
268 1808 381 1871 fidelem
406 1829 439 1871 se
462 1829 531 1892 erge
554 1817 705 1894 parentem
728 1806 846 1871 minime
869 1806 1017 1892 praebuit,
1041 1828 1080 1871 ex
1103 1807 1140 1872 iis
1161 1829 1236 1892 quse

82 1919 174 1973 antee
198 1909 309 1993 gessit,
339 1930 376 1974 ue
399 1910 473 1996 apud
498 1911 620 1976 alterum
638 1909 753 1996 quidem
775 1909 831 1974 lide
855 1909 960 1994 diguus
979 1908 1142 1976 habebitur.
1187 1910 1234 1974 Ad

83 2011 158 2076 baec
173 2011 231 2075 ulio
247 2011 316 2075 licet
331 2023 504 2097 argumento
522 2034 653 2079 errorem
669 2024 761 2092 tuum,
780 2009 908 2094 Murrio,
928 2013 1117 2094 convincere,
1142 2034 1182 2077 ex
1199 2033 1235 2077 eo

83 2112 225 2178 videlieet
244 2114 357 2200 capite,
381 2116 455 2199 quod
475 2115 511 2179 ob
529 2115 650 2180 alicuius
668 2116 715 2201 qui
733 2116 898 2182 mitteretur
916 2116 1043 2202 inopium
1064 2137 1154 2200 negas
1170 2137 1234 2180 ser-

84 2237 158 2280 vare
176 2213 290 2280 Bonum
305 2219 389 2282 deum
406 2218 473 2283 illos
491 2219 621 2304 potuisse
635 2240 708 2304 quos
724 2219 838 2284 servari
853 2219 993 2304 oportuit,
1018 2229 1048 2282 et
1064 2217 1167 2302 quibus
1185 2239 1237 2303 per

86 2315 238 2384 Christum
257 2319 487 2385 misericordium
508 2321 619 2386 tribuit.
664 2319 732 2385 Nisi
756 2319 834 2384 enim
854 2317 990 2386 Christus
1012 2319 1047 2384 ed
1070 2341 1236 2406 supremum

85 2422 166 2486 illum
184 2423 268 2486 deum
284 2443 323 2486 ex
335 2419 498 2488 Marcionis
515 2424 660 2488 sententie
676 2423 868 2508 confugisset,
891 2441 975 2509 quem
992 2422 1041 2486 ille
1053 2418 1153 2486 Bonus
1172 2422 1237 2486 mit·

86 2534 182 2603 teret,
206 2523 356 2589 habuisset
373 2525 536 2605 nemiuem,
560 2527 585 2590 si
608 2547 667 2592 non
691 2526 769 2590 inter
786 2536 897 2610 patrem
921 2546 956 2588 oc
979 2524 1068 2589 fllium
1087 2521 1236 2591 Christum

87 2626 258 2690 offensionis
273 2627 379 2712 aliquid
395 2629 614 2694 intervenisset.
646 2625 764 2692 Deinde
775 2628 800 2692 si
813 2625 967 2692 Creatoris
981 2637 1026 2691 est
1040 2627 1128 2706 blins,
1145 2627 1237 2694 idem·

87 2749 145 2814 que
163 2729 305 2794 creationi
327 2731 383 2817 ipsi
402 2751 436 2794 ac
459 2729 589 2816 paternis
612 2730 749 2817 operibus
766 2739 813 2795 est
830 2729 981 2808 inimicus,
1010 2729 1184 2816 simulatque
1206 2729 1236 2796 in

89 2831 165 2895 bnuc
181 2832 282 2896 orbem
298 2833 434 2918 delapsos
451 2845 514 2912 est,
538 2834 692 2898 humanum
708 2833 839 2919 inprimis
856 2853 950 2918 mnus
968 2833 1167 2897 exterminare
1186 2834 1237 2898 de·

87 2931 167 3014 buit,
192 2943 224 2998 ut
241 2935 388 3000 conditum
410 2936 477 2999 illud
500 2957 603 3022 opusa
622 2946 703 3022 patre
722 2935 850 3001 funditus
865 2936 995 3017 deleret,
1020 2945 1118 3021 utpote
1140 2946 1237 3021 puter·

88 3057 191 3100 nerum
209 3035 390 3102 molitionum
405 3037 497 3102 hostis
513 3039 686 3106 acerrimus.
732 3039 793 3104 Aut
812 3049 842 3103 ut
863 3039 1037 3125 personaodi
1049 3047 1094 3103 'sc
1117 3037 1237 3104 curandi

88 3138 282 3223 servandique
298 3141 356 3204 vim
374 3161 516 3226 usurpare
532 3142 637 3222 vellet,
662 3143 716 3206 hoc
736 3143 828 3229 ipsum
844 3141 1030 3207 humanitatis
1046 3138 1169 3204 officium
1185 3160 1236 3225 pa·

90 3239 166 3304 renti
184 3251 251 3304 unte
273 3253 389 3307 ceteros
410 3263 513 3308 omnes
531 3244 726 3310 exhibendum
748 3247 860 3322 lueret,
884 3245 967 3329 eique
990 3241 1234 3329 persuadendum,

89 3341 141 3406 lilii
161 3354 193 3406 ut
218 3363 285 3408 esse
306 3344 409 3410 similis
426 3347 541 3425 mullet,
565 3358 597 3410 ut
618 3359 676 3412 tom
702 3348 764 3431 ipse
787 3346 842 3411 sibi
866 3367 951 3430 quam
975 3344 1051 3431 putri
1070 3345 1182 3424 bonus,
1206 3356 1236 3408 et

90 3444 213 3510 homero
232 3448 333 3532 generi
351 3447 487 3514 saluteris
508 3459 605 3528 esset,
630 3460 717 3534 atque
735 3449 774 3511 ito
797 3468 855 3512 une
872 3459 904 3512 et
919 3448 1020 3512 eadem
1039 3447 1154 3512 bonitas
1171 3448 1236 3512 exi·

91 3559 194 3614 steret.
239 3549 329 3634 Atqui
346 3550 433 3635 longe
450 3551 506 3616 ista
525 3572 592 3616 seso
610 3552 695 3616 ullter
713 3549 821 3616 hebent
837 3571 922 3636 quem
941 3549 1019 3614 illius
1036 3552 1093 3614 lert
1112 3551 1235 3615 coulicta

92 3672 127 3715 ec
142 3650 271 3716 fabulose
288 3655 429 3716 corratio.
474 3651 582 3737 Neque
599 3654 676 3718 enim
695 3653 749 3717 tria
768 3663 837 3717 sunt
852 3653 1005 3738 principie,
1029 3673 1084 3716 uec
1098 3652 1173 3717 clius
1191 3663 1236 3717 est

92 3749 201 3817 Christi
219 3764 317 3839 puter,
342 3776 397 3820 nec
417 3755 464 3819 ille
483 3756 627 3840 nequitiae
650 3755 767 3824 soboles
787 3753 902 3835 extitit3
926 3754 1003 3819 absit
1018 3765 1050 3820 ut
1066 3755 1093 3818 id
1111 3776 1236 3842 unquam

91 3855 302 3920 existimemus.
348 3856 392 3922 lta
412 3858 487 3922 euim
510 3858 573 3941 ipse
592 3869 732 3924 testatore
755 3863 819 3939 Ego
838 3863 867 3920 io
881 3870 982 3940 putre,
1006 3871 1036 3921 et
1047 3871 1130 3939 poter
1145 3865 1174 3922 r'rr
1192 3850 1328 3958 inoffi

91 3969 143 4020 ert.
189 3955 315 4041 Quodsi
332 3959 523 4045 adulterinum
539 3960 619 4024 illum
637 3971 787 4047 parentem
805 3960 999 4046 intelligeret,
1024 3983 1082 4025 non
1098 3971 1194 4046 potest
1209 3962 1248 4026 is·

93 4060 141 4146 qui
153 4059 331 4126 otutterious
347 4073 430 4148 pater
447 4063 552 4126 dicitur
566 4063 596 4126 iu
611 4061 661 4128 illo
678 4083 757 4142 esse,
782 4083 837 4126 nec
853 4063 901 4128 ille
915 4064 945 4126 in
963 4073 1057 4149 patre.
1091 4061 1151 4129 Sed
1168 4085 1233 4128 eum

94 4183 258 4248 germanum
275 4163 356 4229 illum
370 4186 452 4230 suum
468 4187 503 4230 uc
519 4165 678 4230 naturalem
694 4177 844 4251 parentem
859 4185 974 4250 semper
986 4165 1093 4230 boum
1106 4185 1235 4252 semper-

94 4287 148 4352 que
164 4265 247 4332 tlenm
263 4267 447 4352 omniumque
465 4267 658 4350 conditorem,
682 4279 768 4353 atque
784 4279 814 4333 et
829 4271 903 4355 opud
920 4269 1107 4354 semetipsum
1123 4279 1154 4333 et
1170 4290 1234 4334 cum

93 4369 150 4434 lilio
166 4369 343 4436 existentem
360 4370 512 4436 uerissime
529 4372 644 4451 docent,
667 4369 744 4436 idem
755 4369 939 4438 Marcionem
957 4371 1059 4438 borum
1078 4370 1233 4438 verborum

94 4505 173 4578 potnit
195 4523 322 4576 supremus
341 4507 400 4560 deus
423 4507 517 4562 solvere
539 4508 643 4578 eosqui
710 4509 734 4563 3.
754 4502 832 4563 edroi
850 4512 985 4574 comorius,
1000 4507 1232 4578 quiuertttobipso.

94 4575 347 4699 rclqpiplromsalmqqqqqq:
361 4587 510 4698 :ovum
526 4575 579 4646 ipse
595 4595 641 4646 per
676 4575 735 4700 “qli
753 4581 843 4667 Scripsi
858 4595 886 4634 τι
902 4593 947 4642 pro
964 4574 994 4632 dl
1013 4580 1076 4643 quod
1096 4581 1150 4632 libri
1163 4591 1234 4643 prot·
