3110 4984
392 281 527 334 PdeRld
545 281 607 334 idd-
623 283 643 336 i.
658 282 741 336 'Mi-
756 282 789 336 ii.
805 282 904 336 flubii.
920 283 1005 334 XXV.
1214 279 1273 340 159

127 401 237 464 dicendi
253 400 341 466 duero
358 400 480 481 tadeo,
505 405 562 464 Vre
575 405 677 464 mundo
692 423 710 462 u
726 405 886 476 cundoet,
910 411 941 466 et
956 401 1144 488 operantibus
1166 405 1423 490 iniqui-urtone.

126 513 221 566 trteor.
267 499 362 585 Quam
385 503 466 566 motti
485 523 543 566 noo
559 503 644 566 modo
661 500 717 566 sibi
737 504 873 569 tenebras
890 504 1073 585 offuderunt,
1094 507 1146 570 scd
1162 517 1192 570 et
1206 508 1272 574 aliis

123 625 192 688 quos
208 605 304 668 errori
323 625 378 670 suo
403 615 504 690 postea
524 604 625 668 iaciies
650 615 738 687 atque
761 605 958 689 obsequentes
981 608 1058 670 noeti
1081 610 1164 672 suotl
1211 607 1271 674 Sed

123 707 310 791 prudentibus
326 705 438 772 veritos
455 705 616 791 apparebit.
661 703 810 770 basilidae
828 728 916 784 veru,
941 719 971 770 et
993 708 1134 772 eiusmodi
1157 713 1271 776 farinae

122 809 267 872 dominnm
289 809 416 872 studium
439 803 586 872 constabit
607 808 644 872 ab
660 827 762 871 errore
779 809 952 892 proiectum.
998 808 1081 874 Haec
1097 811 1180 874 babni
1198 835 1271 898 qnae

121 911 154 973 de
168 910 222 974 boe
239 910 354 974 baeresi
372 911 495 995 eiusque
513 909 616 974 tabulis
631 909 820 974 dissererem.
865 911 894 973 Α
911 931 968 994 qna
983 912 1120 996 deinceps
1133 913 1169 976 ad
1184 914 1269 978 obiam

120 1033 162 1075 me
184 1013 348 1076 conferam.

200 1111 279 1196 Quis
302 1113 381 1180 eninr
405 1135 464 1178 noo
488 1113 567 1178 illem
584 1113 720 1178 baeresim
746 1113 830 1176 ducite
846 1113 1044 1198 deprebcudut
1061 1114 1132 1178 nibil
1155 1129 1272 1201 praeter

119 1215 285 1300 banentom
311 1236 397 1296 esse,
427 1215 578 1299 instarque
604 1227 737 1280 cerastae
760 1215 789 1278 io
808 1235 900 1280 arena
924 1217 1070 1279 defossam
1091 1218 1154 1280 solo
1178 1240 1271 1282 cornu

119 1319 262 1384 duntaxat
276 1329 383 1382 exerto
398 1317 436 1382 iis
454 1317 503 1402 qni
518 1319 547 1380 iu
565 1319 657 1403 ipsam
679 1319 846 1382 incurrerat
860 1317 984 1382 exitium
1001 1317 1121 1382 afferre.
1155 1317 1266 1383 Verum

118 1431 146 1484 et
156 1433 339 1501 meatorum
356 1441 446 1482 emmo
462 1423 591 1485 dommus
607 1424 755 1493 conmisit,
780 1431 809 1482 et
829 1424 901 1482 sinn·
915 1441 1005 1482 cornu
1022 1424 1111 1482 sodrrrn
1127 1424 1266 1484 eroltodr‘-
1298 1433 1381 1479 ruta.

119 1535 174 1596 tar,
200 1522 259 1588 boe
280 1535 327 1586 est
347 1522 482 1586 veritntis
504 1521 588 1586 fides.
632 1517 828 1606 Posteaquam
855 1521 945 1605 igitur
965 1520 1099 1586 veritatis
1122 1523 1190 1586 iliud
1216 1525 1267 1587 do·
1303 1487 1335 1538 η’
1350 1488 1381 1530 n'

118 1623 207 1688 ctrina
232 1625 443 1703 corrtritn'mus,
474 1643 529 1706 ege
552 1634 685 1688 caeteras
709 1643 938 1707 persequamur,
966 1624 1122 1690 corociiiato
1146 1625 1267 1708 primunr

118 1726 196 1790 uobis
220 1726 355 1790 ndiutore
379 1728 453 1804 deu,
486 1726 533 1790 eui
555 1725 650 1810 gioria
672 1735 702 1788 et
725 1725 819 1788 irouor
840 1736 871 1788 ct
891 1726 1024 1790 adoratio
1046 1724 1075 1788 iu
1098 1727 1199 1790 seculo
1220 1748 1267 1790 se-

116 1827 264 1907 culorum,
289 1827 399 1892 Aureo.

297 2065 637 2144 ADVERSUS
676 2063 1086 2159 tttcotntnns

364 2211 446 2282 qnae
474 2191 525 2260 est
550 2183 784 2278 haeresint,
809 2183 880 2260 sive
901 2183 1010 2260 XXV.

191 2335 340 2404 Niuoinus
357 2357 374 2401 e
390 2357 513 2402 numero
529 2334 587 2402 Vii
608 2337 796 2402 diaconorum
818 2337 873 2400 duit
886 2335 936 2421 qni
950 2335 987 2399 ab
1001 2337 1143 2422 apostolis
1159 2337 1265 2404 deiecti
1283 2339 1344 2408 ⁶⁸1¹·
1363 2343 1383 2392 ¹·

15 2452 17 2498 t
114 2447 195 2518 sant,
226 2461 286 2504 nna
307 2461 372 2504 rum
393 2437 429 2506 S.
451 2437 602 2524 Stepbooo
622 2448 836 2524 protomartyre
854 2458 889 2502 ac
906 2435 1075 2516 Procboro‚
1104 2435 1263 2518 Parmeno,

113 2539 260 2626 sociisque
279 2542 418 2606 caeteris.
463 2539 520 2606 iiic
543 2541 684 2606 oriundos
702 2539 859 2605 Antiochia
880 2560 949 2604 sese
969 2542 1005 2604 nd
1024 2539 1196 2606 iudaeorum
1216 2563 1263 2608 se-

112 2651 182 2706 etum
199 2642 387 2728 aggregarit.
432 2639 542 2707 Postea
560 2639 760 2706 Cirristiauum
777 2643 881 2725 dogma
899 2641 1069 2726 complexus
1084 2644 1119 2708 ud
1138 2644 1262 2731 discipo-
1276 2661 1357 2705 nors

111 2741 153 2808 ios
166 2745 323 2810 sdiunotos
339 2755 425 2829 atque
442 2745 520 2810 inter
536 2743 689 2829 primarios
703 2745 910 2808 edorrmeratos
925 2756 982 2808 est.
1028 2741 1099 2808 inde
1116 2745 1145 2810 in
1161 2767 1261 2812 eornm

111 2845 240 2912 ordinem
258 2848 371 2911 retatus
388 2846 501 2931 estqui
519 2847 554 2910 ad
572 2848 723 2911 viduarum
743 2848 955 2930 praetenturam
973 2846 1057 2910 electi
1076 2859 1155 2912 suut.
1201 2845 1262 2913 Ve-

110 2965 170 3012 rum
189 2959 293 3034 postes
308 2948 339 3012 in
356 2968 421 3012 eum
439 2969 473 3012 se
491 2948 623 3012 diuboins
640 2948 815 3024 insinuavit,
846 2946 967 3032 eiusque
983 2960 1108 3014 urentem
1128 2960 1261 3014 veterum

110 3047 224 3116 iliorum
241 3071 316 3134 quos
332 3051 626 3115 commemoravimus
641 3048 792 3114 erroribus
807 3049 926 3126 imbuit,
950 3061 982 3114 nt
996 3051 1082 3116 etism
1100 3051 1193 3116 mains
1207 3053 1261 3138 ipsi

108 3171 191 3235 mem
212 3151 321 3216 iisdem
336 3151 396 3214 iliis
413 3152 518 3217 vuirtus
535 3151 692 3234 indigeret.
737 3149 815 3214 Nem
835 3173 900 3217 curn
919 3172 1044 3214 uxorem
1061 3151 1183 3216 baberet
1201 3153 1261 3216 eie·

107 3255 184 3336 panti
201 3253 302 3338 specie
317 3253 482 3331 mutierem,
505 3253 541 3316 ab
555 3273 591 3318 ea
607 3251 663 3316 sibi
677 3252 852 3335 uiiqnonrdiu
869 3252 1056 3338 temperavit,
1081 3264 1112 3316 ut
1126 3274 1179 3316 eos
1195 3251 1260 3314 imi-

107 3363 218 3420 taretur
234 3375 308 3438 quos
322 3356 377 3418 deo
394 3355 509 3439 penitus
522 3355 653 3418 addictus
670 3366 817 3418 renueret.
861 3351 922 3418 Sed
936 3375 993 3417 non
1008 3353 1258 3436 intemperentiam

106 3473 186 3522 mm
203 3466 347 3541 perpetuo
363 3463 504 3522 coercere
521 3456 625 3542 potnit.
670 3453 786 3541 Quippe
802 3458 883 3520 canis
898 3457 991 3520 instar
1006 3456 1040 3518 ad
1056 3455 1195 3518 vomitum
1212 3475 1258 3520 re-

106 3557 165 3622 dire
182 3557 320 3641 sopiens,
344 3569 375 3622 et
386 3557 479 3622 maios
494 3559 638 3640 quosdam
651 3558 767 3622 colores
783 3557 1049 3639 excusationesquc
1066 3566 1256 3641 praetexens,

105 3659 138 3722 sd
162 3658 294 3723 libidinis
316 3679 387 3723 sose
410 3659 602 3744 patrocinium
623 3659 822 3742 excogitavit,
853 3679 926 3742 qnae
949 3657 1040 3742 magis
1064 3677 1104 3720 ex
1126 3679 1180 3722 usu
1201 3659 1255 3724 sibi

104 3777 169 3826 esee
195 3760 380 3825 viderentur.
425 3757 493 3844 Qua
515 3781 567 3845 spe
594 3782 658 3826 curn
684 3761 861 3839 excidisset,
893 3770 953 3823 tum
977 3760 1089 3822 demum
1112 3760 1177 3824 sine
1200 3763 1257 3826 nlla

103 3862 350 3947 tergiversatione
370 3883 435 3928 cum
459 3883 554 3930 uxore
576 3861 815 3926 cousuetudinem
835 3860 943 3925 babere
963 3860 1099 3926 instituit.
1145 3861 1256 3928 Verum

103 3981 173 4028 tuae
189 3963 248 4028 sibi
265 3964 401 4047 ignaviae
420 3964 572 4039 cometus,
597 3985 631 4028 ac
648 3985 685 4028 nc
702 3963 969 4048 deprehenderetur
985 3964 1114 4045 veritus,
1146 3963 1257 4028 iactare

102 4061 170 4130 ittet
186 4085 279 4130 ansus
293 4078 355 4130 estc
380 4063 447 4130 Nisi
462 4067 511 4150 qui
527 4066 651 4150 singuiis
664 4065 766 4130 dicbus
779 4063 914 4128 luxuriae
929 4077 1025 4146 vacet,
1049 4067 1254 4152 sempiternam

102 4165 225 4231 iduum
250 4169 396 4231 neminem
421 4189 508 4252 posse
530 4169 682 4250 consequi.
726 4163 771 4230 its
791 4166 827 4228 ab
846 4168 1039 4231 excusatione
1058 4189 1113 4231 oua
1134 4167 1163 4229 iu
1182 4166 1255 4229 alte·

102 4285 162 4332 ram
180 4269 320 4354 deinpsus
336 4280 394 4334 est.
440 4265 516 4336 cuo
534 4267 612 4334 euim
628 4268 780 4352 coniugem
799 4287 881 4332 suum
898 4269 1057 4354 praestanti
1076 4287 1143 4334 esse
1161 4267 1254 4334 fornia

132 4417 221 4476 zm
331 4421 376 4475 τοῦ
396 4419 459 4478 itinn
477 4419 571 4476 exomni
589 4418 662 4476 daru-
697 4417 802 4488 peppo:
818 4424 870 4476 cod.
889 4424 963 4474 Vuttr.

102 4486 169 4544 dim
184 4491 220 4558 τῇ
266 4489 293 4560 ip
309 4487 410 4557 marni
426 4491 587 4559 monebimus
602 4481 664 4544 ἅπε-
