3110 4984
337 374 473 426 rauuuu
489 375 565 427 aar.
582 373 750 426 amissus
772 373 835 426 ιιιι.
850 375 870 428 ι.
886 376 966 428 rou.
980 377 1013 428 ιι.
1190 367 1245 430 ttl

99 492 231 576 ignotum
256 485 417 558 sibi'esset
440 495 607 559 efficerentl
654 491 796 572 Minime,
827 494 938 578 iuquit,
968 495 1159 580 ignorabant,
1190 497 1250 562 imo

11 609 12 632 ¹
100 595 167 678 quid
187 595 283 660 acturi
301 607 402 661 essem
417 597 636 660 intellexeruut.
680 596 743 660 Aut
758 595 848 680 igitur
862 597 897 660 ud
913 597 982 660 illud
1001 599 1112 662 lacinus
1128 619 1250 683 aggres-

99 717 186 760 suros
207 697 283 760 istos
302 699 440 762 coelestis
457 695 560 762 Virtus
577 697 705 776 sciebat,
735 707 786 760 aut
803 699 929 762 nandum
947 699 1072 763 sciebat.
1118 699 1250 766 Sriuisse

11 809 12 816 ’
98 799 270 882 respondet.
317 797 436 882 Quaero
452 799 550 883 itaque
568 821 635 862 num
652 799 717 863 illos
736 819 773 862 eo
790 799 913 864 coasilia
931 820 985 864 nec
1000 821 1040 864 ne
1054 813 1087 865 ut
1103 801 1158 866 boc
1174 805 1250 867 lnce·

11 951 12 954 ,
98 911 165 964 rent
181 902 366 985 produxerit.
404 899 505 984 Negat
518 921 554 964 eo
567 901 690 965 consilia
705 901 873 986 productus.
910 898 992 966 Nibil
1007 903 1083 966 euim
1099 903 1155 968 nisi
1170 905 1250 988 ipsas

100 1003 242 1066 ouudidit.
288 1003 330 1067 At
347 1002 376 1066 bi
391 1003 556 1067 inconsulta
573 1002 695 1066 eoeleml
714 1001 832 1067 Virtute
847 1023 880 1066 se
896 1004 931 1068 ud
948 1005 1091 1088 opificium
1106 1005 1183 1068 istud
1201 1027 1250 1067 ac·

98 1105 270 1168 cinxerunt.
315 1103 397 1188 Ergo
418 1107 493 1188 quod
518 1104 625 1189 bngcli
649 1104 883 1188 cognoscebant,
916 1106 1053 1170 eoelestis
1076 1105 1179 1170 Virtus
1200 1107 1249 1169 illa

97 1205 271 1269 nesciebat?
315 1203 529 1270 Oniartaliam
553 1208 638 1290 lange
661 1208 789 1271 ominium
813 1207 1018 1272 stolidissima!
1063 1206 1103 1270 Et
1126 1208 1249 1270 bominis

97 1317 246 1372 structura
260 1309 415 1385 consistet,
439 1320 631 1394 auctoresque
649 1309 727 1372 illins
745 1310 853 1392 Angeli
872 1309 935 1373 eius
954 1310 996 1372 rei
1014 1310 1146 1373 notitiem
1162 1309 1250 1372 bube-

97 1408 188 1484 buut,
211 1419 299 1493 etque
314 1411 430 1475 interim
449 1411 541 1475 virtus
561 1410 609 1475 illa
627 1432 701 1495 quae
717 1411 851 1494 Angelos
869 1411 1006 1496 produxit
1020 1409 1049 1473 in
1066 1411 1250 1495 ignoratione

97 1511 286 1575 versabitur?
328 1509 408 1576 Saue
432 1533 568 1598 perquem
592 1512 646 1575 boc
667 1513 785 1576 stultum
808 1524 854 1576 est
877 1533 912 1576 uc
935 1511 1104 1592 ridiculum
1135 1533 1200 1576 oum
1221 1521 1252 1576 et

99 1633 169 1696 opus
183 1613 298 1676 artifice
311 1633 366 1677 suc
381 1615 550 1698 perfectius,
571 1623 601 1676 et
613 1614 793 1698 Angelorum
811 1625 960 1678 auctorem
975 1613 1100 1697 Artgelis
1115 1613 1187 1698 ipsis
1202 1614 1249 1696 qui

99 1713 246 1777 bominem
264 1715 426 1781 conflarant
439 1715 658 1780 imbecilliorem
672 1714 842 1779 constituat.
875 1711 1073 1798 Quamobrem
1092 1716 1147 1780 boo
1162 1735 1250 1778 uuum

99 1817 271 1880 necessario
286 1828 433 1902 superest,
457 1827 532 1880 ulte
547 1817 583 1880 ad
599 1839 688 1881 uuum
704 1815 801 1882 amaia
816 1818 996 1900 eundemque
1012 1818 1191 1882 conditorem
1208 1827 1252 1880 at·

100 1937 155 2000 que
177 1919 213 1981 ad
236 1918 414 2001 singularem
435 1918 626 2004 principatum
649 1921 759 1982 reterre
782 1921 905 1982 fateare.

179 2017 300 2082 Etenim
323 2021 395 2083 deus
417 2031 501 2105 puter
516 2021 662 2084 bominem
680 2041 744 2084 eum
764 2021 889 2086 caeteris
908 2021 1041 2086 omnibus
1059 2031 1163 2105 suapte
1180 2031 1251 2084 autu
1269 2025 1330 2093 Cap·
1346 2027 1376 2078 V·

100 2140 134 2182 ae
148 2120 300 2186 vuluntate
316 2124 499 2208 procreavit,
522 2143 581 2185 nou
597 2123 722 2207 Angeli,
747 2143 841 2206 acque
859 2143 899 2185 ex
916 2123 1098 2206 Angelorum
1114 2123 1248 2186 consilia.

100 2219 179 2286 Nem
203 2241 269 2286 cum
293 2223 365 2286 deus
387 2225 429 2288 itu
450 2223 565 2287 loeutus
588 2236 652 2287 estc
681 2228 830 2287 Furtumne
851 2227 1004 2298 lamonem,
1035 2229 1086 2286 Ad
1104 2229 1250 2304 anaginna

99 2336 241 2398 merum,
265 2325 358 2404 dixit,
382 2347 440 2388 nau
461 2329 512 2388 Ad
527 2331 675 2406 inungimur
695 2327 846 2390 duntaxat.
894 2323 1009 2410 Quippe
1028 2327 1063 2388 erl
1084 2325 1168 2389 buius
1186 2325 1251 2410 api·

98 2425 155 2488 boii
177 2427 411 2490 cummunionem
433 2429 553 2491 verbum
576 2449 660 2491 suum
682 2429 864 2512 eandemque
885 2428 973 2490 ilium
996 2429 1111 2491 unicum
1133 2427 1251 2490 adbibe-

98 2528 163 2605 but,
196 2538 300 2611 estque
321 2530 483 2593 communis
504 2530 558 2594 iste
582 2530 707 2593 lidelium
724 2530 850 2593 omniurn
869 2549 975 2592 seusus
997 2551 1013 2591 u
1036 2529 1161 2592 veritate
1184 2549 1251 2613 pra·

99 2633 212 2708 lectus,
245 2651 367 2712 quacum
390 2632 610 2695 accuratissime
628 2631 783 2710 conuenit,
816 2631 843 2693 id
868 2633 944 2714 quod
963 2632 1038 2694 aliis·
1056 2630 1251 2716 cumpluribus

98 2731 172 2796 loeis
189 2732 347 2796 manifeste
361 2754 396 2796 oc
412 2733 525 2818 prolixe
542 2753 643 2796 sumus
661 2733 800 2816 protessis
826 2733 960 2796 nimirum
975 2733 1065 2797 filium
1084 2754 1100 2797 a
1117 2745 1198 2818 putre
1215 2734 1251 2796 ud

99 2833 296 2898 cummuniter
313 2835 522 2918 procreandum
543 2834 687 2897 bominem
704 2835 822 2912 uocum,
854 2855 907 2919 per
928 2841 1012 2918 quem
1034 2835 1123 2898 lilium
1142 2835 1251 2918 reliqua

99 2935 198 2999 amaia
214 2935 400 3020 produxerit.
438 2933 498 3000 Sed
514 2955 608 3020 neque
624 2935 713 2998 lilium
730 2937 873 3000 duntaxat
887 2936 1024 3002 advocari
1040 2937 1176 3016 dixerim,
1193 2937 1251 3000 imo

99 3059 172 3102 uero
193 3047 327 3100 sanetum
347 3036 433 3100 etiam
454 3037 603 3122 spiritum:
638 3039 727 3098 Verbo
748 3043 818 3102 enum
839 3043 946 3101 domani
961 3042 1403 3120 ccclr'firnctr·sunr,ru1u.u,s

100 3152 128 3200 et
139 3145 251 3221 sperate
266 3143 324 3200 urai
342 3143 403 3200 eius
420 3143 615 3202 ammirantur
633 3161 738 3201 eorum.
786 3137 944 3204 Caeterum
962 3141 1025 3204 sive
1042 3151 1163 3225 sponte,
1187 3141 1250 3202 sive

100 3243 205 3306 ualens
222 3241 279 3304 boo
295 3237 462 3305 Salaruilus
477 3241 607 3305 haeresis
621 3253 726 3306 auctor
738 3243 890 3306 admittere
904 3255 1038 3326 cogetur,
1057 3263 1145 3305 uuum
1159 3239 1252 3302 amni-

99 3365 137 3407 uu
150 3346 241 3407 mum
255 3341 448 3406 uoluminum
462 3362 529 3406 esse
545 3345 725 3408 condituram
738 3344 941 3408 universorum
955 3356 984 3406 et
996 3344 1147 3418 artificem,
1163 3341 1252 3403 adeo·

100 3467 154 3530 que
178 3445 229 3509 vel
253 3443 378 3507 bominis
396 3445 499 3528 ipsius.
544 3441 668 3508 Pudebit
683 3445 804 3530 iusuper
819 3445 898 3510 illum
916 3445 996 3510 velut
1013 3445 1250 3508 calumniatorem

100 3568 203 3610 eorum
226 3565 302 3630 quae
324 3545 466 3610 adversus
490 3545 662 3630 propbetas,
693 3567 749 3611 aec
773 3569 831 3611 uon
850 3548 886 3611 ud
909 3547 1046 3610 honestas
1067 3544 1182 3629 nuptias
1200 3565 1251 3607 ae-

100 3647 243 3732 quissime
259 3649 438 3712 damnandus
457 3648 570 3712 effatiit.
615 3646 730 3734 Quippe
747 3649 880 3712 dominus
898 3657 998 3711 noster
1016 3643 1100 3710 lesus
1116 3643 1252 3711 Christus

101 3751 130 3813 iu
155 3749 312 3833 evangelia
336 3753 488 3834 perspicue
512 3750 669 3836 prophetae
695 3761 893 3814 consentanea
915 3748 987 3811 dicit
1008 3768 1043 3812 ac
1066 3747 1250 3832 pronunciat,

104 3857 241 3930 Quomum
265 3856 317 3933 put
331 3873 386 3931 per
402 3856 557 3933 propbetas
572 3853 706 3933 loquebar
727 3873 790 3914 eece
805 3856 920 3914 maon.-
951 3871 985 3913 ae
1001 3871 1137 3931 rursum,
1166 3855 1252 3914 Peter
1263 3865 1319 3910 usu
1335 3867 1369 3922 uu,
1382 3867 1403 3910 a

104 3975 181 4016 Μ’
196 3975 286 4034 “W
300 3957 380 4015 Mitt
393 3967 536 4035 oper‘atur,
560 3965 590 4016 et
602 3975 654 4034 ego
667 3975 778 4035 operor.
822 3949 863 4017 Ut
878 3961 974 4015 autem
991 3953 1058 4036 quid
1076 3963 1178 4037 ageret
1194 3964 1251 4016 tum
1263 3933 1402 3988 ¹⁰⁸'¹·⁵’¹²·

104 4067 189 4140 pater
209 4055 275 4118 eine
295 4076 381 4140 quum
399 4056 461 4140 ipse
478 4055 656 4136 declararet,
689 4054 743 4118 boc
760 4055 854 4140 ipsum
874 4053 1034 4139 explicavit
1052 4054 1089 4118 iis
1111 4075 1128 4118 a
1148 4053 1251 4137 quibas

106 4157 305 4242 iuterrogatus
321 4157 417 4221 laeum
432 4167 619 4242 oporteretne
637 4177 759 4220 uxorem
778 4175 957 4240 quacumque
976 4175 1015 4220 eu
1034 4177 1139 4220 caussa
1157 4154 1252 4217 dimit·

108 4269 187 4324 lere:
222 4263 361 4337 Quomodo
376 4263 511 4341 scripturn
532 4267 596 4321 est?
639 4261 772 4337 Quantum
790 4262 858 4320 deus
874 4261 1008 4320 domabant
1024 4259 1110 4340 secr't,
1144 4272 1404 4332 musca-Meuanas.

139 4465 164 4515 Ἰ.
183 4461 258 4531 μόνον
273 4467 419 4516 decidantur
432 4467 457 4514 tn
471 4465 521 4514 cod
535 4465 631 4528 libedip.
645 4469 666 4513 et
733 4459 757 4516 3.
774 4459 851 4518 edroi
865 4465 915 4514 eod.
928 4463 1024 4525 libertig.
1049 4461 1115 4510 bsort
1125 4459 1193 4522 antipa
1206 4451 1252 4512 uti-

110 4533 249 4594 edtrprsnc
284 4535 393 4584 Prtuuius
406 4536 511 4596 pristiam
530 4535 615 4583 adiecit
634 4546 664 4582 eu
695 4527 746 4584 edu.

107 4603 157 4651 eud
171 4601 296 4652 immac.
