3106 4990
323 311 385 376 468
752 322 873 375 εισστι
890 321 1062 374 mmmm
1120 311 1123 324 ’

325 445 481 528 Αἴγυπτον
502 442 702 522 πεμφθέντες,
733 442 784 505 καί
802 443 833 506 οί
848 440 920 506 δίκα
940 437 1114 520 ύπόστολοι,
1145 437 1191 516 οίς
1207 445 1387 526 φανεροῦται
1405 443 1483 526 μετύ

322 543 375 628 τήν
393 547 505 630 ἐγερσιν
520 539 539 609 ό
552 541 655 629 κύριος
671 549 724 609 τοῦ
744 547 836 625 Θωμῦ
852 541 894 627 μή
910 541 1072 630 παρόντος,
1102 541 1157 626 τήν
1172 541 1304 630 ύόροτον
1318 543 1482 612 διετόπουυ

322 644 384 713 κατ’
406 645 515 723 αύτούς
536 648 664 712 Δεκύδο.

186 753 252 824 Κεφ.
268 749 307 816 εἴ.
414 747 475 834 Τήν
490 748 667 816 Δυοδεκύδα
687 749 735 828 δέ,
765 751 833 834 περί
853 748 891 832 ἣν
911 749 963 814 καί
984 747 1017 815 τό
1036 750 1198 834 μυστήριον
1214 755 1268 816 τοῦ
1285 749 1404 826 πόθους
1423 759 1481 818 τοῦ

321 850 518 939 όστερήμυτος
531 854 691 939 γεγονέναι,
714 855 744 929 ἐξ
758 843 796 917 οῦ
810 850 934 928 πόθους
948 850 984 916 τοί
998 849 1161 934 βλεπόμενα
1175 850 1410 918 κατεσκευάσθαι
1424 857 1478 920 θί-

233 1033 236 1042 γ
319 964 430 1035 λουσιν,
454 953 604 1039 ἐπισήμως
618 957 668 1020 καί
684 961 822 1041 φανεροῖς
835 959 968 1038 πανταχῆ
981 964 1099 1021 κεῖσθαι
1113 956 1255 1040 λέγουσιν,
1278 951 1318 1032 οἷς
1330 953 1401 1030 τοῦς
1417 956 1480 1022 διό-

320 1061 392 1124 δεκα
407 1057 492 1134 υίούς
513 1064 587 1124 ιτοῦ
603 1055 725 1141 Ἰακοίβ,
753 1060 783 1135 ἐξ
800 1050 842 1122 οῦν
859 1059 911 1124 καί
927 1059 1053 1124 δεκαδύο
1071 1058 1178 1139 φυλαί,
1200 1059 1250 1123 καί
1268 1056 1301 1124 τό
1317 1060 1420 1142 λόγιον
1444 1057 1478 1125 τό

318 1159 471 1228 ποικιλτόν
490 1160 605 1228 δοίδειια
621 1165 726 1236 λίθους
741 1163 823 1244 ἔχον,
854 1162 905 1226 καί
926 1159 996 1236 τούς
1013 1163 1131 1226 δοίδεπα
1146 1163 1303 1240 κύδωνας,
1330 1162 1378 1226 καί
1399 1161 1478 1238 τοῦς

317 1262 377 1330 ῦπό
397 1266 555 1340 Μωῦσέως
571 1265 712 1339 τεθέντας
726 1260 786 1330 ύπδ
803 1263 837 1330 τό
855 1261 925 1350 ὄρος
940 1262 1056 1330 δυόδεκα
1070 1268 1195 1344 λίθους,
1218 1260 1355 1341 ύςαύτας
1368 1263 1403 1328 δέ
1421 1267 1477 1330 καί

318 1365 388 1444 τούς
404 1365 464 1434 ῦπό
478 1365 575 1450 Ἰησοῦ
590 1369 621 1433 ἐν
636 1371 676 1456 τῷ
689 1374 828 1456 ποταμῷ,
850 1370 902 1432 καί
916 1364 1021 1444 ῦλλονς
1036 1369 1078 1443 εἰς
1092 1365 1124 1434 τό
1139 1368 1247 1450 πόρον,
1269 1368 1319 1432 ιιολ
1331 1363 1404 1442 τούς
1420 1373 1474 1451 βα·

316 1469 472 1548 στάζοντος
487 1468 542 1554 τήν
556 1467 685 1553 κιβωτόν
697 1476 750 1552 τῆς
766 1468 930 1553 διαθήκης,
953 1471 1004 1536 καί
1020 1467 1091 1546 τούς
1106 1467 1167 1535 ύιτδ
1183 1467 1266 1558 Ἠλίᾳ
1281 1469 1476 1550 τεθειμένους

317 1575 349 1640 ἐν
369 1579 405 1662 τῇ
425 1571 619 1639 όλοκουτιόσει
640 1580 695 1638 τοῦ
716 1570 844 1655 μόσχου,
874 1574 925 1638 καί
941 1570 993 1638 τόν
1010 1569 1144 1657 όριθμόν
1162 1572 1194 1636 δέ
1212 1579 1271 1638 τιῦν
1286 1571 1473 1656 όποσεόλαιν,

316 1679 367 1742 καί
383 1679 480 1740 πάντα
494 1673 595 1751 ἁπλοῦς
612 1674 668 1740 ῦσο
683 1673 734 1741 τόν
751 1676 918 1741 δωδέκατον
935 1673 1067 1761 όριθμδν
1083 1675 1217 1755 διασύζει
1232 1675 1287 1758 τήν
1303 1677 1474 1746 Δαδεκᾶδα

315 1775 414 1844 αύιοῦν
430 1785 648 1864 γορακτηρίζειν
667 1779 790 1863 λέγουσι.
838 1777 899 1862 Τήν
919 1778 951 1842 δέ
972 1777 1086 1844 τούτων
1103 1778 1224 1844 πόντων
1239 1780 1340 1845 ἕνωσιν
1359 1773 1470 1864 όνομιι.

314 1884 439 1966 ζομένην
460 1883 663 1966 Τριακοντύδο
682 1881 731 1947 διό
749 1888 802 1964 τῆς
818 1880 973 1966 τριάκοντα
991 1888 1094 1964 πηχῶν
1114 1879 1148 1946 τό
1166 1879 1247 1962 ῦψος
1265 1881 1313 1947 ἐπί
1331 1887 1403 1948 Νοῦε
1427 1911 1469 1949 τι·

314 1989 428 2068 βοτοῦ,
461 1987 511 2051 καί
531 1982 580 2050 διδ
596 1983 739 2068 Σαμουὴλ
757 1988 982 2060 κατακλίναντος
999 1982 1051 2050 τόν
1064 1981 1166 2050 Σαούλ
1183 1985 1214 2048 ἐν
1230 1992 1293 2060 τοῖς
1309 1983 1471 2069 τριάκοντα

312 2096 429 2170 κλητοῖς
445 2093 578 2172 πρῶτον,
607 2087 657 2152 καί
675 2086 725 2152 διοί
741 2089 839 2170 Δαβίδ
846 2137 854 2166 ,
882 2085 931 2153 ῦτε
948 2085 997 2152 ἐπί
1014 2085 1170 2172 τριάκοντα
1187 2083 1310 2172 ήμέραις
1325 2085 1469 2171 ἐερύβετο

313 2193 345 2257 ἐν
360 2196 399 2281 τῷ
413 2189 510 2281 ύγρρῦ,
531 2193 581 2257 καί
600 2189 649 2255 διύ
665 2196 723 2255 νῦν
738 2189 984 2266 σννειςελθόνταν
998 2188 1078 2279 οῦτηῦ
1094 2193 1137 2266 είς
1151 2187 1184 2256 τό
1199 2191 1342 2272 σπήλαιον
1360 2193 1469 2276 ’τριό-

309 2319 415 2375 ποντα,
441 2297 493 2361 καί
515 2293 565 2360 διό
586 2301 674 2360 τοῦτο
692 2291 725 2359 τό
746 2298 840 2376 μήτιος
858 2297 994 2378 γίνεσθαι
1010 2299 1064 2375 τῆς
1080 2290 1166 2378 ύγίας
1180 2297 1290 2376 σκηνῆς
1305 2293 1469 2376 τριιίιιοντα

309 2403 425 2481 πηχῶν·
454 2400 506 2464 καί
524 2401 554 2463 εί
567 2425 631 2463 τινα
649 2393 719 2461 ῦλλα
737 2395 883 2480 ἰσάριθμα
899 2396 1017 2472 τούτοις
1032 2392 1217 2482 εύρίσκονσι,
1245 2392 1301 2478 τήν
1322 2401 1467 2482 Τριακοσ-

308 2500 385 2566 τύδα
406 2498 505 2566 ούτοῦν
526 2498 576 2567 διό
597 2506 657 2566 τῦν
678 2496 820 2565 τοιούτων
843 2497 1042 2566 ἐπιδεικνύναι
1061 2501 1282 2584 φιλεριστοῦσιν.

1540 2749 1541 2777 ί

174 2797 243 2868 Κεφ.
259 2795 302 2866 ιη’.
399 2785 764 2876 ιἈναγκαῖονήγησύμην
778 2799 951 2876 ιιροςθεῖναι
965 2789 1081 2866 τούτοις
1093 2791 1142 2856 καί
1159 2789 1215 2856 ὅσα
1229 2789 1368 2874 περὶτοῦ
1383 2797 1465 2877 Προ-
1539 2843 1540 2871 ,

307 2888 437 2978 πότορος
453 2890 567 2971 αύτιῦν,
597 2890 631 2969 δς
647 2891 798 2978 ῦγνωστος
813 2885 853 2976 ἦν
868 2902 931 2970 τοῖς
946 2900 1019 2958 πᾶσι
1038 2890 1098 2979 πρό
1115 2898 1168 2975 τής
1185 2897 1238 2958 τοῦ
1258 2897 1394 2976 Χριστοῦ
1407 2921 1464 2960 ιτα·
1538 2937 1539 2965 ι

307 2999 444 3080 ρουσίας,
475 2995 639 3080 ἐκλέγοντες
658 2997 690 3061 ἐκ
708 3001 768 3062 τῶν
783 3003 907 3082 γραφῶν
923 2999 1039 3062 πείθειν
1055 2997 1263 3080 ἐπιχειροῦσιν,
1294 2992 1335 3060 ’ἶν’
1353 2997 1461 3062 ἐπιδεί-
1537 3013 1538 3018 ’

305 3101 377 3174 ξονστ
398 3095 451 3164 τόν
467 3096 573 3184 κύριον
587 3095 671 3181 ήμῶν
687 3097 773 3164 ῦλλον
788 3100 1016 3186 καταγγίλλοντο
1029 3099 1142 3184 πατίρα
1162 3094 1242 3182 πορό
1262 3094 1315 3164 τόν
1333 3097 1465 3182 ποιητήν

305 3204 391 3267 τοῦδε
413 3207 466 3266 τοῦ
487 3199 615 3278 παντός,
646 3199 696 3280 δν,
728 3200 832 3277 καθοίς
853 3205 1039 3288 προέφαμεν,
1069 3199 1242 3283 ύσεβοῦντες
1258 3195 1464 3285 όστερήματος

182 3333 234 3381 τις.
247 3321 293 3369 τσο
305 3302 423 3390 καρπόν
440 3300 515 3371 εἰναι
533 3307 657 3389 λέγουσι.
705 3304 763 3370 Τόν
781 3311 853 3391 γοῦν
870 3304 1026 3389 προφήτην
1041 3302 1163 3370 Ἡσαΐαν
1183 3300 1320 3382 εἰπόντα,
1347 3300 1464 3389 Ἰσραήλ

303 3408 337 3472 δέ
359 3432 394 3490 με
415 3403 471 3472 οῦκ
492 3409 580 3492 ἐγνω,
611 3408 661 3472 καί
681 3404 699 3472 ό
714 3405 786 3484 λαός
802 3433 837 3490 με
855 3406 892 3474 οῦ
909 3415 1033 3490 συνήκε,
1062 3405 1116 3489 τήν
1132 3412 1186 3472 τοῦ
1204 3403 1337 3491 ῦορύτου
1354 3409 1463 3470 Βνθοῦ

304 3507 451 3593 α’γνοοσίον
469 3511 617 3592 εἰρηκέναι
632 3509 860 3595 μεθαρμόζουσι.
905 3511 965 3576 Καί
981 3508 1030 3576 διαί
1044 3506 1132 3591 Ὠσηὲ
1149 3506 1181 3574 τό
1196 3509 1368 3591 εἰρημένον,
1393 3505 1460 3574 Ούιι

303 3613 381 3676 ἐστιν
402 3614 433 3677 ἐν
452 3609 553 3688 αῦτοῖς
570 3609 697 3694 ύλήθεια
714 3610 784 3679 οῦδὲ
802 3615 957 3698 ἐπίγνωσις
975 3617 1066 3690 θεοῦ,
1096 3615 1138 3688 εἰς
1156 3609 1188 3676 τό
1208 3607 1280 3676 αύτό
1298 3615 1461 3677 συντείνειν

302 3713 464 3795 βιόζονται·
496 3717 563 3794 καί,
596 3711 661 3780 Οῦκ
678 3717 756 3780 ἐστιν
774 3712 793 3780 ό
805 3715 916 3780 συνιοίν
931 3714 952 3799 ἢ
966 3717 1092 3796 ἐκζητῶν
1105 3712 1157 3781 τόν
1172 3712 1260 3778 θεόν·
1291 3713 1400 3790 πάντες
1415 3716 1460 3792 ἐξ·

301 3817 432 3896 έκλιναν,
461 3815 523 3900 ῦμα
539 3815 760 3904 ήγρειοόθησαν,
792 3820 842 3883 ἐπί
864 3825 917 3902 τῆς
937 3825 992 3884 τοῦ
1011 3824 1118 3883 Βνθοῦ
1140 3814 1286 3903 όγντοσίος
1310 3815 1459 3882 τόττουσι.

302 3920 362 3982 Καί
384 3917 418 3984 τό
441 3918 490 3984 διδ
508 3923 664 3996 Μωῦσίοος
686 3921 744 3986 θδί
762 3923 929 4005 είρημένον,
964 3918 1072 3998 Ούδείς
1093 3918 1201 4002 όψεται
1216 3917 1268 3986 τόν
1282 3917 1376 4000 θεόν,
1405 3923 1459 3986 καί

299 4020 430 4104 ζήσεται,
453 4025 494 4098 εἰς
507 4025 619 4088 ἐκεῖνον
633 4025 707 4105 ἐχειν
721 4027 861 4089 πείθουσι
877 4022 930 4106 τήν
946 4021 1111 4104 όνοφορύν.
1158 4020 1219 4087 Τόν
1232 4021 1285 4105 μίν
1297 4021 1355 4108 γύρ
1369 4047 1456 4106 ποιη·

298 4123 352 4206 τήν
366 4123 597 4206 ἐπιψευδόμενοι
612 4123 669 4191 ύπό
685 4133 743 4190 τῶν
755 4133 919 4210 προφητῶν
932 4129 1085 4211 ἑωρᾶσθαι
1097 4126 1223 4210 λίγονσι,
1237 4123 1270 4190 τό
1284 4125 1328 4203 δὲ,
1346 4123 1459 4204 Ου’δείς

299 4225 404 4308 όψεται
422 4225 475 4294 τόν
491 4225 580 4306 θεόν,
610 4229 661 4292 καί
676 4227 803 4311 ζήσεται,
831 4230 899 4314 περι
914 4234 968 4294 τοῦ
982 4225 1112 4314 ύορύτου
1128 4228 1275 4312 μεγέθους
1290 4229 1341 4292 καί
1359 4226 1456 4316 ῦγνοῦ

332 4365 575 4418 emm-1
591 4367 645 4428 τοῦ,
662 4370 725 4430 quod
738 4369 857 4420 διοίσετε·
889 4372 992 4420 servavit
1007 4371 1059 4420 τοο.
1078 4371 1189 4431 Venetus,
1214 4369 1240 4417 ιἰι
1259 4379 1306 4430 ςνο
1326 4371 1376 4418 τίνι
1392 4371 1458 4432 quod

295 4438 334 4484 ενι
347 4438 372 4484 in
389 4437 442 4486 ιδίε
456 4439 547 4498 μήτε,
562 4437 667 4498 primum
682 4449 711 4487 ιτ
729 4437 802 4488 Vane
818 4451 856 4488 το-
889 4440 960 4502 υυίηο
973 4441 1055 4502 legitur
1068 4402 1191 4488 οτπιοιιτιεί
1203 4429 1311 4500 Ισροηλ
1326 4438 1458 4514 λτοοτεμι-

296 4503 347 4552 διἰτ
364 4505 449 4554 adiecit
466 4505 585 4555 Ριίονίντ.
887 4526 949 4572 ,ηιμ
963 4505 1108 4574 nummus
1139 4519 1289 4582 came(
1303 4521 1373 4572 m,
1384 4523 1456 4573 ιῂ.

329 4585 345 4636 ’λ
348 4587 770 4654 ,Βιμοειιίςιιιυίιιοτιεοτίμλντοιιη
784 4605 855 4654 quam
887 4595 995 4653 temutes
1010 4591 1107 4641 λτιιισιί.
