3112 4984
335 353 472 406 ransart
488 354 581 407 uret.
599 355 720 409 romu.
742 357 839 409 uasa
850 359 946 410 xxva
1153 351 1211 413 193

66 484 157 537 autem
178 472 311 536 sobolem
329 494 506 559 propagasse
526 475 689 560 reperitur,
717 477 825 541 tamdiu
841 477 916 542 inira
933 476 1097 558 detinetur,
1119 480 1213 546 donec

64 577 134 638 idios
159 595 231 638 suos
249 577 382 659 recipere
401 577 529 660 potuerit
550 587 580 640 et
596 577 631 640 od
648 575 835 664 semetipsam
853 579 1012 644 attrahere.
1058 579 1123 644 iiae
1144 594 1214 646 sunt

65 699 156 762 uupe
176 677 294 740 iliorum
317 699 352 740 ac
375 679 501 742 somnia.
547 675 638 741 Velut
660 682 746 742 etiam
774 679 822 743 itta
841 692 910 744 sunt
935 681 1056 765 quaein
1080 695 1212 748 sanctum

65 777 156 842 Etiam
180 781 368 842 execrandae
393 780 542 843 cuiusdam
562 780 646 866 piena
672 782 867 846 contumeliae
884 783 1052 868 praedicare
1078 805 1137 848 uon
1161 805 1212 849 re·

64 894 178 946 rentur:
211 902 277 945 eum
294 903 358 944 cum
376 881 406 944 ic
427 882 541 947 coelum
560 893 680 947 evectus
697 894 778 946 esset
802 905 905 948 rursus
928 885 957 948 in
975 884 1051 948 bunc
1074 887 1212 950 mundum

66 985 152 1048 icisse
170 984 329 1047 deiectum.
374 980 465 1048 Venit
485 984 579 1062 euim,
602 983 755 1068 inquiunt,
780 1005 936 1048 enumero
951 986 1123 1050 feminarum
1143 989 1212 1052 dae-

65 1107 177 1150 monum
201 1105 260 1148 une
279 1105 353 1168 quae
376 1084 456 1148 iilum
475 1085 634 1172 superauit.
681 1084 720 1150 Et
738 1107 796 1171 quo
821 1097 852 1149 tu
871 1088 987 1151 tandem
1006 1088 1101 1152 tixitt
1144 1087 1211 1174 Ego

64 1188 135 1250 enim
152 1207 170 1250 a
188 1197 219 1249 tc
236 1186 344 1249 liberos
364 1186 474 1265 babeo,
499 1207 593 1270 neque
607 1207 724 1252 sursum
743 1188 861 1251 evolare
880 1199 963 1274 potes
981 1199 1067 1274 atque
1082 1189 1127 1254 bic
1145 1201 1211 1256 tuos

64 1290 240 1372 relinquere.
285 1287 333 1352 at
355 1287 428 1351 haec
448 1289 643 1374 respondente
670 1287 752 1368 Elia,
783 1287 824 1352 Et
848 1291 990 1354 undenam
1007 1293 1043 1356 de
1067 1313 1115 1356 me
1136 1292 1211 1358 ilios

64 1392 124 1454 ilios
139 1389 288 1469 habuisti,
319 1411 383 1452 cum
406 1411 462 1472 ego
482 1389 682 1454 castimoniam
707 1400 848 1475 perpetuo
869 1391 1073 1456 servaverim?
1115 1392 1209 1474 Sane,

64 1493 152 1578 inquit
168 1493 240 1556 itta:
271 1512 337 1554 eum
351 1491 428 1554 euim
450 1491 480 1554 in
498 1491 609 1555 somnis
628 1491 769 1556 effusione
787 1492 907 1556 seminis
923 1513 1012 1578 saepe
1028 1516 1135 1581 eorpus
1157 1517 1211 1560 ex-

65 1595 205 1675 bscrires,
231 1613 287 1678 ego
304 1593 357 1658 abs
373 1603 401 1657 te
417 1593 485 1657 ittut
500 1593 622 1677 excepi,
648 1593 755 1678 tibique
772 1593 847 1657 titios
861 1596 971 1680 peperi.
1019 1593 1114 1678 Quam
1136 1618 1208 1662 vero

64 1697 166 1762 abiiiis
192 1697 292 1781 inepte
317 1694 539 1760 istadicunturi
586 1691 740 1776 Quomodo
761 1695 837 1758 enim
861 1697 981 1760 daemon
1005 1697 1135 1782 impurus
1158 1719 1212 1763 ex·

5 1809 6 1832 ³
66 1820 184 1885 peraque
202 1797 338 1884 eorporis
355 1797 475 1882 spiritus
494 1797 531 1860 de
548 1795 719 1880 corporibus
736 1797 910 1881 participare
928 1798 1070 1884 quidpiam
1094 1805 1213 1886 potest?

5 1885 6 1890 ἵ
63 1901 175 1966 Nemsi
192 1921 210 1963 a
230 1899 402 1984 corporibus
418 1899 446 1962 ei
461 1898 692 1962 communicetur
708 1898 813 1981 aliquid
832 1908 865 1962 ut
883 1899 989 1983 pariat,
1013 1923 1120 1988 corpus
1142 1904 1210 1984 erit,

64 2025 114 2066 uon
130 2003 269 2089 spiritus.
315 1997 348 2064 Si
369 2020 475 2083 corpus
496 2009 554 2080 est,
577 1999 722 2084 quomodo
740 2001 841 2082 iugero
857 2001 1006 2064 crudorum
1022 2016 1211 2089 conspectum

63 2107 243 2192 aotspiritus
269 2121 336 2166 esse
352 2101 477 2186 poterit?
521 2099 580 2166 Sed
604 2113 634 2166 et
651 2101 766 2164 iliorum
792 2100 915 2165 absurdo
940 2104 1108 2188 cumprimis
1128 2105 1211 2170 stoli·

63 2207 131 2270 ditas
147 2217 214 2282 est,
238 2225 305 2268 enm
322 2203 389 2265 iilud
408 2223 446 2265 ex
464 2201 584 2286 epistota
599 2199 688 2266 iudae
705 2203 913 2282 testimonium,
936 2225 993 2288 quo
1008 2225 1108 2268 eorum
1125 2227 1211 2270 error

63 2307 261 2385 convincitur,
285 2305 320 2368 ad
338 2304 423 2367 buius
440 2303 531 2389 ipsius
549 2305 737 2390 patrocinium
763 2306 1000 2369 accommodante
1033 2311 1067 2368 Ia
1089 2313 1359 2386 romar'cspcuuutt

64 2411 168 2494 inquit,
201 2429 316 2470 curnem
339 2410 496 2480 mucciunt,
521 2411 733 2469 domairotrbnem
755 2419 845 2469 cartem
862 2419 1015 2488 spernunt,
1039 2412 1209 2471 murmurem

4 2559 5 2596 p
63 2526 148 2572 ratem
170 2513 373 2592 blasphemant.
421 2507 532 2572 Verum
555 2509 658 2572 beatus
686 2507 772 2572 iudas
795 2508 902 2571 domini
926 2510 1015 2572 irater
1037 2530 1095 2572 uon
1116 2510 1151 2574 de
1171 2509 1209 2575 iis

4 2609 6 2636 '
63 2613 185 2696 loquitur
199 2613 247 2694 qui
265 2631 318 2696 per
333 2609 508 2674 insomnium
529 2611 658 2674 dunione
675 2629 803 2673 venerea
820 2609 1065 2676 contaminantur.
1101 2609 1208 2678 Statim

65 2715 165 2799 quippe
181 2712 334 2796 subiungit
353 2711 538 2795 ostenditque
556 2713 592 2776 de
609 2712 750 2776 eiusmodi
775 2731 808 2774 se
828 2713 1039 2777 somniantibus
1059 2713 1138 2798 loqui
1161 2715 1209 2800 qui

64 2835 214 2878 sermones
233 2835 304 2878 suos
323 2814 402 2878 reiut
420 2813 449 2876 in
472 2813 599 2891 somnis,
624 2835 681 2877 non
698 2813 865 2898 experrecti
880 2835 914 2877 ac
930 2814 1102 2900 vigilantes,
1125 2815 1209 2881 insti·

66 2926 156 2980 munt.
202 2913 352 3001 Siquidem
368 2928 398 2980 et
416 2917 452 2979 de
466 2913 746 3002 Hierosolymitanis
763 2915 930 2980 doctoribus
943 2913 1050 2982 Esaias
1064 2918 1104 2982 ita
1116 2918 1209 3004 ioqui·

65 3027 123 3082 tur:
156 3023 257 3081 Omnes
271 3040 354 3080 coner
367 3024 441 3080 mati
460 3041 516 3080 noa
533 3021 655 3079 cudentes
672 3021 795 3092 domare,
818 3024 986 3080 romorantes
1002 3024 1031 3081 in
1048 3022 1150 3096 sobrii,
1176 3032 1356 3094 etssut.tt‚tr.

65 3132 188 3186 caetera..
232 3117 320 3202 Quod
345 3120 419 3184 idem
446 3120 476 3183 in
503 3119 555 3182 bac
579 3115 669 3182 iudae
694 3120 816 3203 epistola
838 3119 1002 3183 declaratur
1027 3121 1070 3183 bis
1094 3121 1205 3200 verbis,

65 3225 236 3284 &munem
259 3223 366 3296 cabad,
398 3244 469 3304 quoe
487 3226 616 3282 asseritur
632 3225 763 3283 dicenter.
809 3220 865 3286 Ubi
883 3222 918 3286 de
936 3222 1140 3285 dormientium
1162 3223 1207 3284 iu-

65 3324 179 3387 aomuiis
197 3323 317 3387 minime
340 3343 372 3386 se
391 3323 468 3408 ioqui
485 3322 561 3386 velie
578 3325 774 3400 denroustrat‚
798 3323 850 3385 sed
866 3323 902 3386 de
919 3323 1000 3387 [aisis
1014 3322 1130 3386 illorum
1147 3333 1207 3386 tra-

65 3424 171 3505 goediis
189 3445 227 3487 ao
244 3423 348 3508 nugis,
378 3445 449 3509 quaa
469 3425 513 3488 sic
533 3439 667 3508 tanquam
688 3423 865 3503 insomnis,
896 3444 951 3489 nec
973 3425 1056 3487 firmo
1081 3434 1112 3487 et
1135 3445 1205 3487 eoc-

64 3525 146 3590 stanti
168 3526 267 3590 animo
290 3527 493 3610 pronunciant.

126 3625 290 3692 Enimvero
306 3627 393 3712 pudet
407 3647 454 3690 me
469 3626 566 3690 omnia
581 3627 696 3690 illorum
711 3647 818 3691 areana
832 3627 990 3711 detegere?
1011 3623 1111 3692 Salius
1126 3625 1203 3690 enim
1215 3643 1353 3712 crpxw.

66 3741 106 3792 est
132 3731 178 3794 dei
207 3729 461 3813 profundissimam
491 3729 565 3792 banc
594 3728 666 3792 tanti
697 3729 819 3792 foetoris
842 3729 1011 3812 voraginem
1037 3727 1203 3794 obstruere.

65 3827 258 3912 Quamobrem
276 3831 312 3894 ab
330 3849 367 3893 eo
379 3831 445 3896 loco
465 3831 622 3915 digrediar,
646 3829 702 3892 boc
720 3850 808 3893 unum
824 3831 859 3892 ab
876 3830 1002 3892 omnium
1021 3831 1205 3896 moderatore

64 3932 113 3996 deo
136 3933 305 4018 postulans,
335 3951 372 3996 ue
391 3932 455 4014 quis
477 3933 506 3996 iu
523 3933 592 3995 iilud
611 3951 733 3995 coenum
752 3933 952 4015 demergatur,
983 3951 1059 3996 nere
1078 3933 1204 3997 animum

63 4055 153 4097 neom
169 4033 340 4098 foedissime
356 4034 427 4097 baec
443 4033 616 4119 impuritatis
633 4033 713 4098 iubes
731 4033 850 4096 inficiat.
896 4029 1025 4096 Primum
1043 4034 1119 4098 euim
1136 4055 1205 4118 apo·

60 4136 149 4200 stolus
164 4133 277 4200 Paulus
293 4155 394 4199 omues
411 4134 572 4199 istiusmodi
590 4134 735 4218 nequitiae
752 4136 865 4198 radices
882 4136 1003 4215 excidit,
1028 4156 1093 4200 oum
1109 4136 1144 4198 de
1161 4136 1205 4197 iu·

60 4236 188 4302 rictibus
205 4236 301 4300 viduis
319 4237 376 4300 ista
395 4237 578 4322 praescribit.
625 4239 744 4309 Viduas,
769 4235 880 4319 iuquit,
903 4241 1135 4301 odolescenbbres
1156 4239 1355 4306 mammen.

59 4343 131 4401 reio:
155 4361 218 4402 earn
232 4343 305 4402 entire
322 4342 486 4400 lumart'ctce
493 4342 609 4421 suerat
625 4342 654 4400 ia
671 4340 801 4410 carcre,
824 4341 930 4402 nubere
943 4343 1049 4414 colom,
1074 4339 1206 4400 tamum

57 4493 133 4554 petor
146 4493 292 4543 aduretur.
311 4485 443 4543 ciburrium
458 4493 616 4554 ecdddbtdip.
682 4484 708 4539 4.
726 4487 804 4542 dracoi
823 4493 873 4544 cod
895 4493 992 4555 nmctp.
1014 4495 1035 4542 ci
1059 4491 1112 4540 edit.
1131 4492 1205 4553 princ.

55 4563 148 4612 aeder.
160 4563 238 4623 primo.
266 4559 301 4621 Cf.
317 4573 391 4621 nrpru
406 4573 459 4622 cup.
470 4560 507 4610 tr.
649 4555 713 4610 tarot
729 4561 783 4609 edit.
799 4560 879 4611 Petuu.

104 4642 197 4699 Carpe·
211 4638 347 4684 amnem
361 4637 389 4682 tt.
671 4689 691 4731 ι
964 4647 1002 4710 13
