3112 4984
323 299 382 360 17²
741 309 863 363 SANOE'I
879 311 1048 362 mma

318 432 444 490 πλαστον
457 427 621 510 είωγονσιν
634 423 785 511 όγόγιμόν
795 453 826 492 τι
838 433 960 510 ποίημα,
975 419 1000 516 ρί
1017 426 1229 510 ῡποιητειίματι
1243 429 1385 496 ἐπέθεντο
1397 429 1471 498 ὅνο-

319 551 361 608 μα
375 525 555 613 Εῦαγγέλισν
575 526 753 604 Τελειοόσεως
772 535 882 594 οτοῦτο
898 528 1067 610 φάσκοντες.
1100 533 1161 596 Καί
1175 528 1296 612 ιίληθῦς
1309 529 1366 596 οῦκ
1383 531 1474 620 εόαγ-

318 629 414 712 γέλων
428 636 531 707 τοῦτο,
559 627 631 694 α’λλοί
646 631 779 706 πένθονς
797 634 948 706 τελείωσις.
994 637 1082 696 Πᾶσα
1094 630 1150 716 γόρ
1168 629 1189 714 οἱ
1205 639 1258 698 τοῦ
1271 632 1408 700 θανάτου
1424 661 1474 701 τε-

208 762 260 808 μς.
272 751 304 795 ει.
318 734 431 805 λείωσις
450 732 483 796 ἐν
502 737 538 820 τῇ
559 730 681 821 τοιαύτη
703 729 863 820 όποσπορᾴ
882 739 938 798 τοῦ
953 731 1097 815 διαβόλου
1117 736 1280 818 ἐμφέρεται.
1314 733 1415 802 ’Ἇλλοι
1435 739 1473 804 δὲ

318 829 374 898 οόκ
397 831 581 915 αἰσχύνονται
604 834 733 918 λέγοντες
755 831 938 919 Εόαγγέλιον
962 834 1057 911 Εόας,
1104 839 1161 912 Είς
1184 834 1279 919 όνομα
1298 836 1354 923 γόρ
1376 836 1472 922 αιίτῆς

317 936 427 1016 δῆθεν,
450 931 489 1010 ός
505 932 649 1020 εόρσόσης
662 933 695 1000 τό
713 933 806 1018 όνομα
822 943 876 1018 τῆς
893 935 1035 1013 Γνυόσεως
1050 940 1080 1015 ἐξ
1095 935 1327 1020 τίποκαλόψεως,
1349 948 1402 1006 τοῦ
1416 949 1470 1005 λα-

314 1033 456 1117 λήσαντσς
469 1033 543 1124 αότῇ
558 1035 657 1118 ὄφεως
669 1036 785 1122 σπορόν
797 1035 998 1104 ὑποτίθενται,
1030 1041 1090 1103 Καί
1106 1039 1202 1124 όίςπερ
1216 1042 1248 1106 έν
1261 1039 1376 1130 όστότρι
1391 1041 1467 1128 γνοί-

316 1163 357 1224 μη
373 1135 537 1219 μεθύοντος
553 1140 603 1204 καί
618 1147 855 1224 παραλαλοῦντος
871 1138 926 1205 οῦκ
941 1143 991 1205 ίσα
1006 1144 1051 1222 είη
1067 1139 1103 1206 τό
1120 1141 1252 1224 ῥήματα,
1275 1141 1346 1208 ιίλλό
1360 1143 1396 1209 τό
1410 1146 1469 1226 μὲν

258 1285 262 1302 ,
315 1240 416 1325 γέλωτι
430 1242 627 1322 πεποιημένα,
650 1243 732 1326 ἔτερα
748 1243 780 1306 δὲ
793 1249 950 1324 κλαυθμοῦ
964 1245 1089 1324 ἐμπλεα,
1111 1243 1207 1321 οῦτως
1220 1242 1242 1327 ἡ
1256 1251 1317 1310 τόν
1331 1243 1463 1312 σίπατεοό-

314 1367 375 1406 νων
396 1343 494 1428 γέγονε
515 1341 591 1406 κατολ
610 1341 707 1408 πόντα
725 1343 838 1430 τρόπον
858 1350 912 1427 τῆς
931 1348 1036 1420 κακίας
1056 1341 1078 1427 ἡ
1099 1341 1266 1431 όποσπορό,

178 1553 245 1621 Κεφ.
263 1550 295 1622 γ’,
395 1541 560 1630 Ὀρμόνται
581 1546 613 1612 δέ
634 1544 693 1612 όπό
711 1555 818 1631 μωρῶν
834 1554 1004 1634 μαρτυροῦν
1019 1549 1070 1612 καί
1088 1545 1237 1614 όπιασιοῖν
1252 1550 1284 1615 έν
1300 1541 1324 1638 ᾦ
1342 1547 1462 1636 ειίαγγε-

312 1651 364 1734 λίρι
382 1648 612 1732 ἐπαγγέλλονται.
658 1647 810 1716 Φόσκοοσι
827 1647 882 1736 γόρ
898 1649 992 1726 οὕτως
1008 1649 1068 1728 ότι,
1081 1647 1192 1732 Ἕστην
1209 1651 1258 1716 ἐπί
1274 1649 1363 1737 ὅρους
1377 1649 1463 1736 όψη-

312 1754 376 1826 λοῦ,
397 1751 449 1814 καλ
463 1745 543 1814 είόον
557 1747 721 1835 ἄνθρωπον
734 1749 856 1838 μακρόν,
878 1753 930 1816 καί
945 1751 1032 1816 ἄλλον
1044 1750 1180 1835 κολοβόν,
1202 1754 1252 1817 καί
1263 1750 1376 1835 ἤκουσα
1391 1752 1463 1832 ω’ςελ

312 1847 416 1932 φωνὴν
438 1853 576 1935 βροντῆς,
605 1855 655 1918 καί
680 1851 785 1938 ἦγγισα
805 1859 858 1920 τοῦ
880 1851 1022 1932 όκοῦσαι,
1051 1856 1101 1918 καί
1120 1853 1237 1936 έλόλησι
1256 1853 1332 1940 πρός
1353 1856 1462 1938 μέκαλ

312 1948 408 2031 είπεν,
435 1949 508 2038 ’ίῦγοί
526 1951 577 2032 σό,
599 1956 649 2020 καί
666 1952 791 2044 οόιέγοό,
812 1958 864 2020 καί
881 1954 937 2041 ἐγοί
954 1955 1005 2036 σό,
1026 1957 1077 2021 καί
1095 1955 1132 2020 σῦ
1147 1955 1219 2041 ἐγό·
1246 1959 1296 2021 καί
1313 1958 1391 2022 λίπον
1406 1955 1462 2024 ἐιίν

310 2045 359 2142 ᾖς,
379 2052 437 2138 έγοέ
454 2057 516 2120 ἐκεῖ
528 2058 596 2138 είμι,
617 2059 666 2120 καί
682 2060 713 2122 ἐν
730 2055 837 2122 όπασίν
851 2060 910 2140 είμι
924 2059 1115 2142 ἐσπαρμένος·
1136 2059 1187 2122 καί
1201 2055 1274 2123 ὅθεν
1289 2057 1341 2125 ἐόν
1353 2061 1460 2150 θέλῃς,

311 2159 454 2242 συλλέγεις
475 2182 524 2240 με,
553 2159 602 2240 ἐμὲ
620 2159 652 2223 δὲ
670 2161 814 2245 συλλέγων
829 2158 935 2225 ἔαυτόν
950 2161 1100 2244 συλλέγεις.
1144 2161 1204 2224 Καί
1220 2152 1245 2225 τί
1261 2167 1379 2242 τῆςτοῦ
1392 2166 1459 2227 ιλια-

310 2258 401 2340 βόλοο
417 2257 600 2346 όποσπορᾶς,
621 2258 720 2327 πόθεν
734 2258 785 2326 τόν
799 2266 872 2326 νοῦν
889 2262 1022 2345 ἐξέτρεψε
1035 2268 1088 2344 τῆς
1103 2258 1334 2345 όνθρωπότητος
1346 2264 1396 2327 καλ
1413 2265 1459 2340 είς

308 2359 394 2446 μωροὶ
406 2363 455 2426 καὶ
471 2359 618 2428 όσόστατα
630 2365 822 2446 περιέσπασεν
835 2359 893 2428 όπό
909 2371 962 2428 τοῦ
976 2362 1065 2447 λόγον
1079 2371 1130 2446 τῆς
1144 2361 1297 2447 όληθείαςς
1316 2361 1379 2428 Οόκ
1393 2367 1459 2431 ἐστι

308 2461 363 2547 γόρ
379 2463 483 2546 σχεδόν
498 2471 539 2552 τῷ
555 2473 627 2531 νοῦν
643 2468 736 2547 ἔχοντι
750 2469 833 2549 χρεία
848 2462 908 2530 υίπό
924 2473 1056 2549 γραφῆς,
1085 2463 1107 2548 ἢ
1122 2463 1182 2531 όπό
1199 2465 1455 2551 παραδειγμάτων,

307 2562 444 2648 ἢὲτέρον
461 2564 541 2640 τινός
551 2566 729 2652 Ιπροίγμαιος
744 2576 895 2633 ποιεῖσθαι
909 2565 1023 2632 τούτων
1038 2564 1091 2650 τὴν
1108 2565 1285 2652 όνατροπήν,
1333 2572 1380 2654 Τῷ
1395 2565 1454 2654 γόρ

308 2661 393 2753 όρθῷ
414 2674 542 2755 λογισμῷ
562 2667 684 2750 εόδηλος
703 2667 802 2734 αῦτῦν
822 2671 872 2734 καλ
893 2668 1017 2752 ψωρατή
1039 2666 1127 2751 ἡτῆς
1142 2672 1324 2755 μωρολογίας
1339 2671 1456 2752 δραμα-

307 2771 429 2852 τουργία
448 2770 499 2832 καλ
520 2776 629 2851 μοιχῶν
645 2772 771 2854 ἐργασία.
818 2769 918 2835 Ταῦτό
932 2796 978 2835 τοι
993 2773 1043 2834 καί
1061 2770 1234 2836 τὰτοιαῦτα
1251 2769 1455 2854 είςηγοόμενοι

307 2871 339 2933 ολ
356 2866 435 2950 όμφλ
455 2867 511 2952 τήν
529 2876 645 2936 Γνωσιν
661 2874 877 2957 συνεζευγμένοι
895 2879 931 2962 τῇ
949 2879 1002 2936 τοῦ
1020 2870 1172 2938 Νικολάου
1188 2872 1294 2958 αἱρέσει
1313 2877 1365 2954 τῆς
1379 2867 1453 2952 όλη-

305 2975 392 3046 θελας
413 2971 647 3051 έκπεπτιόκασιν,
677 2971 715 3037 οῦ
735 2971 827 3056 μόνον
848 2972 899 3039 τόν
918 2981 993 3039 νοῦν
1011 2981 1070 3039 τοῖν
1086 2975 1270 3040 πεισθέντων
1286 2970 1385 3047 αότοίς
1401 2975 1453 3037 ἐκ.

305 3074 480 3158 τρέψαντες,
509 3071 580 3138 οίλλό
600 3072 704 3139 καλιαί
721 3073 842 3157 στόματα
859 3078 911 3140 καλ
927 3073 980 3150 τός
997 3074 1096 3159 ψῦχός
1112 3074 1310 3152 δουλώσαντες
1325 3078 1456 3162 πορνείᾳ

304 3178 356 3241 καλ
376 3179 542 3264 πολυμιξίιγ.
584 3173 687 3260 Αὐτὴν
707 3175 763 3263 γόρ
789 3182 905 3261 ιλῆθεν
922 3176 975 3260 τήν
990 3176 1110 3255 σόναξιν
1126 3175 1224 3242 αότοῖν
1238 3179 1270 3243 ἐν
1285 3173 1458 3260 αἰσχρότητα

304 3281 475 3360 πολυμιξίας
489 3276 651 3363 φόρουσιν,
683 3280 822 3356 ἐσθονιές
835 3305 866 3344 τε
880 3281 931 3345 καλ
947 3278 1166 3364 παραπτόμενοι
1180 3280 1232 3344 καλ
1249 3277 1457 3364 ἀνθρωπίνων

304 3387 423 3468 σαρκῶν
440 3382 491 3446 καὶ
507 3377 716 3467 όκαθαρσιῦν·
746 3379 786 3457 οἱς
804 3379 871 3448 οὔτε
887 3379 1020 3464 τολμήσω
1036 3379 1069 3446 τό
1085 3387 1147 3446 πᾶν
1162 3383 1299 3460 ἐξειπεῖν,
1326 3382 1354 3444 εί
1367 3378 1408 3463 μη
1422 3406 1459 3446 τι

302 3479 522 3568 όναγκασθείην
540 3481 589 3548 διό
609 3481 664 3566 τήν
680 3479 846 3566 όπερβολήν
862 3489 916 3566 τῆς
942 3485 974 3548 ἐν
989 3485 1056 3566 ἐμοί
1072 3480 1217 3568 όλγοιίοης
1232 3486 1364 3557 διανοίας
1379 3484 1457 3565 περὶ

301 3590 361 3648 τοῖν
377 3590 508 3666 ματαίως
524 3581 576 3650 ὕπ’
593 3583 690 3650 αότῦν
704 3587 882 3671 γινομένων,
912 3584 1141 3668 ἐκπληττόμενος
1156 3587 1198 3660 είς
1212 3581 1277 3650 οίον
1290 3582 1382 3670 όγκον
1395 3586 1457 3649 καὶ

299 3691 401 3749 κακῶν
413 3685 513 3778 βμθόν
527 3685 546 3752 ό
559 3685 666 3772 ἐχθρός
678 3694 738 3752 νῦν
749 3684 922 3770 όνῦροίπων
936 3686 1074 3769 διάβολος
1088 3685 1150 3771 όγει
1163 3684 1234 3761 τοῦς
1248 3683 1329 3773 αὐτῷ
1341 3694 1458 3750 πευθο-

299 3785 422 3866 μένους,
450 3787 520 3864 όίςτε
536 3796 638 3871 μιᾶναι
653 3791 705 3854 καλ
722 3795 795 3856 νοῦν
808 3791 859 3854 καί
875 3791 1000 3872 καρδίαν
1012 3789 1063 3854 καλ
1079 3796 1177 3874 χεῖρας
1189 3789 1240 3853 καί
1252 3785 1381 3870 στόματα
1394 3790 1457 3854 κοιλ

190 3923 242 3969 1³¹!-
254 3913 287 3958 σε.
302 3883 423 3967 στόματα
438 3891 488 3953 καλ
499 3890 597 3973 ψυγοίς
611 3890 724 3956 τούτων
735 3897 795 3955 τοῖν
806 3887 856 3954 όπ’
868 3887 960 3955 αιίτοῦ
972 3891 1004 3955 ἐν
1017 3917 1053 3980 τη
1066 3887 1197 3977 τοσαότη
1211 3886 1349 3954 σκοταίσει
1360 3913 1457 3974 παγε-

299 3988 472 4054 ιλευθέντων,
516 3993 609 4057 Δέδια
622 3994 654 4059 dl
668 3991 710 4076 μή
726 4017 768 4075 πη
783 3990 841 4078 όρα
855 3990 908 4058 τόν
923 3993 1014 4077 μέγαν
1028 3998 1131 4057 τοῦτον
1146 3990 1215 4058 όλον
1234 3989 1280 4056 ίόν
1295 3985 1458 4056 όποιιαλῦ-

330 4181 355 4232 5
373 4181 404 4229 λί
423 4179 568 4230 δολιολιλλυ,
584 4183 613 4231 αλ.
635 4184 661 4232 ιἰι
680 4185 779 4233 οτοιιιτα
800 4185 854 4232 um·
885 4183 1139 4244 γσιισλινττιψντιιιμ
1140 4195 1177 4243 σε,
1190 4182 1455 4232 mmmmm.

300 4251 415 4311 wolstani,
429 4250 551 4298 insenum
562 4249 653 4297 λίσσεαι
665 4251 852 4312 Ζαλιολιτλίλῖηιλ
885 4249 926 4302 66.
938 4265 990 4312 ιαμ.
999 4247 1048 4312 46,
1062 4252 1157 4300 otmar
1167 4216 1207 4300 43,
1219 4263 1281 4310 ρ.
1253 4245 1287 4299 37
1288 4244 1311 4298 4.
1320 4250 1346 4298 G.
1356 4250 1393 4298 τιλ,
1401 4249 1455 4298 Ρι-

297 4317 509 4377 οςνιιιαιίολιυτιιιι
528 4314 598 4366 1656,
615 4317 672 4377 fasc.
686 4317 734 4367 Vn.
749 4333 775 4378 p.
786 4315 852 4379 556,
883 4323 933 4366 ταν.
953 4319 1050 4367 Verbum
1059 4311 1198 4382 παιητευειν
1208 4317 1379 4378 ιιιοιαιελσρνσ
1387 4329 1455 4366 eun-

293 4385 451 4444 ammaum
465 4385 552 4432 amit
566 4379 735 4448 γοητιόματι,
751 4387 853 4434 voeabu-
884 4387 1083 4446 σιπεωτρλοτειτι
1096 4386 1160 4433 haer.
1170 4383 1211 4433 ¹25.
1222 4381 1315 4446 ema,
1329 4385 1393 4432 λσττ.
1400 4385 1454 4434 31,

294 4448 746 4516 λνπποιητεομαίςαωωιιιςοττιτι.
770 4455 852 4501 Patiu-
884 4450 983 4516 ιυρ,,,4
996 4451 1108 4532 λαετ.35.
1122 4449 1217 4513 νομί,
1230 4420 1341 4502 Memfi&
1356 4464 1413 4512 ιαμ,
1425 4453 1455 4502 ί.

293 4521 370 4568 ιιιτν,
384 4520 407 4568 ιλ
423 4519 853 4582 κνωαττιηυοσλσωιοιτιαττσστ
916 4519 942 4572 6
959 4533 1203 4586 τοοτοφιιτκωετς
1220 4519 1456 4582 Mummi-
