3100 4984
284 280 346 342 444
707 291 829 344 θλΝΟΤλ
845 291 1016 346 ΕΡΙΡΗΔΝΗ

283 406 440 493 γράμματα
459 405 623 494 ἀπορροίας
638 406 781 494 ὑπάρχειν
795 413 918 494 γίνωσκε
932 417 992 475 τοῖν
1008 415 1097 494 τρισίν
1110 407 1265 492 δυνάμεων
1281 409 1436 490 είκονικάς,

283 516 341 574 τῶν
359 519 553 596 περιεχουσῶν
577 510 652 577 0τόν
669 511 740 578 ὅλον
757 519 815 578 τῶν
832 509 893 577 ἀνω
910 516 1059 595 στοιχείων
1075 510 1126 578 τόν
1142 509 1283 594 ἀριθμόν.
1324 511 1367 577 Τά
1384 513 1437 595 μίν

288 611 386 698 ¹⁰de
407 612 514 695 ἀφωνα
536 612 692 698 γράμματα
717 615 802 679 ἐννέα
823 612 947 697 νόμισον
968 611 1061 692 εἶναι,
1093 621 1146 680 τοῦ
1170 613 1291 700 Πατρός
1312 617 1362 680 καλ
1384 622 1438 697 τῆς

241 781 250 790 ,
282 712 446 796 Ἀληθείας,
463 713 512 782 διά
526 714 559 782 τό
578 713 721 797 άφοίνους
736 713 845 792 αὑτοὺς
860 714 944 797 είναι,
963 719 1110 782 τουτέστιν
1126 715 1275 804 ἀρρήτους
1287 718 1339 782 καί
1354 715 1436 782 ἀνεκ-

282 816 429 899 λαλήτους.
479 816 521 882 Τά
548 819 579 884 δὲ
609 816 748 900 ἡμίφωνα
774 815 867 898 όκτιά,
898 817 969 884 όντα
990 827 1043 886 τοῦ
1064 819 1170 905 Λόγου
1191 823 1317 903 καὶτῆς
1338 827 1434 902 Ζωής,

282 918 331 984 διά
348 917 381 984 τό
399 921 472 1002 μέσα
490 920 585 1004 ὥςπερ
601 919 742 1006 ὑπάρχειν
757 929 816 987 τάν
832 947 862 986 τε
879 919 1010 1004 ἀφώνων
1026 924 1077 987 καλ
1094 929 1153 989 τῶν
1169 924 1364 1005 φωνηέντων,
1386 923 1435 986 καί

287 1018 525 1104 Ηάναδέχεσθαι
546 1031 605 1090 τῶν
624 1025 675 1107 μὲν
694 1023 825 1109 ὕπερθεν
840 1023 895 1114 τήν
911 1022 1091 1108 ἀπόρροιαν,
1113 1033 1172 1092 τῶν
1190 1024 1216 1090 δ’
1238 1021 1342 1091 uiuo*
1361 1021 1436 1090 αὑτά

282 1122 335 1206 τήν
349 1123 515 1208 ἀναφοράν.
563 1125 606 1190 Τά
622 1127 654 1190 δὲ
671 1125 824 1210 φοινήεντα
841 1130 891 1192 καί
905 1126 979 1192 αὑτά
996 1127 1069 1193 ἑπτά
1084 1125 1166 1208 όντα,
1187 1135 1242 1194 τοῦ
1255 1125 1436 1211 Ἀνθρώπου

281 1229 332 1292 καλ
359 1235 412 1310 τῆς
429 1225 615 1310 Ἐκκλησίας,
649 1231 712 1294 έπελ
739 1227 833 1294 13διά
860 1238 912 1296 τοῦ
930 1229 1110 1316 Ἀνθρώπου
1133 1229 1220 1312 φωνή
1243 1235 1434 1314 προελθοῦσα

282 1327 437 1415 ἐμόρφωσε
452 1328 488 1395 τά
506 1329 567 1395 ὅλα.
611 1327 643 1394 'O
659 1329 715 1416 γάρ
734 1324 805 1414 ἦχος
822 1339 875 1414 τῆς
890 1340 994 1415 φωνῆς
1010 1332 1132 1419 μορφήν
1149 1331 1250 1408 αὑτοῖς
1267 1336 1434 1414 περιεποίη·

282 1453 341 1496 σεν.
375 1429 476 1496 Ἔστιν
499 1424 595 1498 Μοὺν
611 1430 629 1498 ό
648 1434 699 1514 μέν
716 1432 819 1518 Λόγος
835 1436 909 1519 έχων
924 1436 974 1500 καί
989 1432 1010 1516 ή
1027 1433 1097 1517 Ζωή
1112 1433 1149 1498 τά
1166 1432 1260 1512 όκτοδ,
1290 1431 1435 1500 όδὲἎν·

281 1544 406 1618 θρωπσς
420 1536 473 1599 καλ
489 1532 685 1618 ήἘκκλησίοι
699 1535 736 1602 τά
753 1535 842 1616 έπτά,
872 1535 891 1602 ό
907 1538 939 1602 δὲ
957 1535 1062 1623 Πατήρ
1079 1539 1130 1604 καλ
1145 1534 1165 1619 ή
1178 1535 1319 1618 Ἀλήθεια
1338 1535 1375 1602 τά
1392 1539 1433 1602 ἐν·

281 1638 339 1702 νέα.
390 1634 496 1702 Η’Ἐπί
517 1637 549 1702 δέ
572 1646 625 1704 τοῦ
642 1636 853 1725 ὑστερήσαντος
868 1638 958 1724 λόγου
976 1635 995 1703 ό
1012 1638 1214 1724 ἀφεδρασθελς
1230 1642 1264 1705 ἐν
1277 1647 1319 1726 τῷ
1339 1641 1436 1724 Πατρὶ

280 1747 423 1821 κατῆλθε,
445 1741 596 1821 πεμφθείς
617 1743 665 1806 ἐπὶ
686 1739 739 1806 τόν
760 1739 812 1822 ἀφ’
828 1735 864 1808 οὗ
883 1744 1029 1826 ἐχωρίσθη
1046 1745 1094 1808 ἐπλ
1109 1740 1270 1827 διορθώσει
1285 1747 1348 1806 τοῖν
1363 1767 1434 1826 πρα-

161 1872 211 1920 ρις,
223 1861 268 1906 κισ.
282 1844 424 1924 χθέντων,
442 1839 525 1924 ίναή
542 1850 601 1908 τῶν
617 1842 820 1928 πληρωμάτων
834 1843 936 1927 ἑνότης
958 1844 1118 1927 16ἰσότητα
1134 1849 1239 1927 έχουσα
1253 1851 1435 1932 καρποφορῇ

280 1949 350 2026 μίαν
367 1947 398 2009 ἐν
414 1951 486 2010 πάσι
505 1942 557 2030 τήν
574 1949 606 2012 ἐκ
622 1945 743 2012 πόντων
759 1945 898 2030 δύναμιν·
928 1949 979 2012 καὶ
997 1946 1092 2022 οὑτως
1108 1945 1127 2012 ό
1143 1955 1201 2012 τεόν
1215 1945 1290 2012 ε’πτά
1306 1945 1363 2028 τήν
1377 1953 1435 2010 τοῖν

280 2045 357 2114 όκτοί
373 2050 527 2129 ἐκομίσατο
543 2047 679 2130 δύναμιν,
697 2050 747 2113 καλ
763 2052 896 2134 ἐγένοντο
911 2055 943 2116 ολ
960 2049 1090 2116 17τόττοι
1103 2048 1203 2131 ὅμοιοι
1217 2058 1279 2125 τοῖς
1291 2048 1436 2134 ἀριθμοῖς

278 2148 437 2234 Ὀχδοάδες
452 2147 549 2230 όντες,
571 2154 678 2226 οίτινες
697 2158 815 2235 18τρεῖς
830 2150 876 2232 ἐφ’
892 2152 1017 2228 ἕαυτοὺς
1033 2149 1171 2228 ἐλθόντες
1186 2150 1236 2216 τόν
1254 2158 1314 2216 τῶν
1329 2155 1435 2217 είκοσι-

278 2252 426 2338 τεσσάρων
444 2250 594 2330 ἀνέδειξαν
612 2252 751 2338 ἀριθμόν.
799 2253 841 2318 Τά
864 2256 917 2337 μέν
939 2282 985 2320 τοι
1005 2258 1071 2340 τρία
1093 2263 1218 2336 στοιχεῖα
1241 2252 1321 2331 (¹⁹3
1343 2275 1435 2336 φησιν

280 2353 369 2430 αὑτός
387 2362 446 2420 τῶν
464 2363 554 2440 τριῶν
570 2359 601 2421 ἐν
619 2360 740 2444 συζυγίᾳ
756 2355 909 2439 δυνάμεων
927 2355 1083 2443 ὑπάρχειν,
1113 2355 1132 2420 ἀ
1149 2358 1226 2422 ἐστιν
1240 2359 1288 2434 ἓξ,
1322 2353 1377 2436 ἀφ’
1394 2348 1434 2420 οἷν

279 2456 412 2542 ἀπερριίη
427 2457 463 2522 τά
480 2461 698 2544 είκοσιτὲσσαρα
711 2469 847 2542 στοιχεῖα)
862 2461 1167 2545 τετραπλασιασθὲντα
1181 2467 1222 2548 τῷ
1236 2465 1289 2542 τῆς
1303 2456 1435 2542 ἀρρήτου

284 2563 427 2644 Τετροίδος
441 2560 519 2650 λόγῳ
533 2560 585 2626 τόν
600 2560 690 2628 αὑτόν
705 2560 807 2638 αὑτοῖς
822 2560 954 2647 ἀριθμόν
967 2571 1062 2641 ποιεί,
1084 2561 1158 2646 άπερ
1174 2563 1249 2643 φησὶ
1262 2565 1317 2626 τοῦ
1331 2560 1434 2626 ἀνονο·

280 2660 391 2744 μάστου
410 2659 563 2748 ὑπάρχειν·
591 2674 754 2749 φορεῖσθαι
775 2667 808 2730 δέ
829 2661 903 2729 αὑτά
925 2663 984 2731 ὑπό
1006 2673 1065 2730 τῶν
1084 2672 1174 2750 τριοῑν
1191 2662 1364 2746 δυνάμεων,
1393 2665 1435 2739 εἰς

279 2761 438 2847 ὑμοιότητα
452 2773 505 2831 τοῦ
522 2763 668 2851 ἀοράτου,
692 2759 734 2834 οὑν
749 2772 898 2852 στοιχείων
914 2767 1025 2846 εἰκόνες
1042 2765 1211 2832 ἳθεέκόνων
1225 2765 1262 2832 τά
1277 2763 1348 2850 παρ’
1364 2764 1436 2848 ήμῖν

281 2871 416 2932 mama&
438 2866 595 2954 γράμματα
616 2866 770 2955 ὑπάρχειν,
803 2869 822 2934 ά
844 2869 1106 2957 συναριθμοὺμενα
1126 2878 1190 2946 τοῖς
1207 2871 1435 2950 εέκοσιτέσσαρσι

280 2975 431 3054 στοιχείοις
448 2969 572 3054 δυνάμει
588 2978 669 3060 22τῇ
683 2971 757 3038 κατά
774 2969 932 3058 ἀναλογίαν
947 2981 1008 3040 τοῖιν
1022 2972 1180 3059 τριάκοντα
1195 2980 1276 3037 ποιεί
1293 2967 1433 3054 ἀριθμόν.

143 3075 210 3143 Κῑφ-
230 3072 258 3138 λ’·
369 3072 483 3139 Τοὺτου
504 3081 557 3139 τοῦ
577 3076 668 3160 λόγον
690 3077 807 3157 καὶτῆς
830 3079 1021 3158 1οἰκονομίας
1037 3076 1146 3156 ταύτης
1161 3071 1278 3156 καρπόν
1295 3095 1389 3156 φησιν
1405 3075 1435 3138 ίν

279 3173 445 3260 όμοιοίματι
458 3175 572 3252 είκόνος
588 3179 775 3259 Ξπεφηνέναι
789 3180 901 3242 ἐκεῖνον
917 3177 970 3243 τόν
986 3176 1058 3260 μετά
1071 3177 1125 3254 τάς
1141 3181 1194 3254 δὶἒξ
1209 3173 1323 3260 ήμέρας
1336 3178 1433 3257 τέταρ-

278 3305 328 3344 τον
345 3275 496 3362 ἀναβάντα
515 3283 556 3356 είς
573 3277 605 3346 τό
624 3279 695 3366 ὅρος
712 3283 762 3344 καὶ
779 3279 934 3366 γενόμενον
950 3283 1050 3360 ἕκτον,
1081 3279 1132 3345 τόν
1153 3279 1366 3363 έκρατηθέντα
1385 3281 1436 3344 καὶ

277 3381 447 3465 καταβάντα
463 3384 494 3448 ἐν
510 3389 545 3471 τῇ
560 3380 737 3466 Ἑβδομάδι,
760 3385 904 3464 ἐπίσημον
918 3380 1065 3468 Ὀμδοάδα
1081 3379 1266 3464 ὑπάρχοντα,
1287 3383 1342 3445 καλ
1357 3383 1432 3465 ἔχον-

278 3512 314 3550 τα
330 3487 362 3550 ἐν
379 3487 474 3573 ἐαυτῷ
489 3483 541 3550 τόν
556 3484 673 3550 ὑίιταντα
692 3493 752 3550 τῶν
769 3489 916 3568 στοιχείων
931 3483 1081 3570 ἀριθμόν,
1115 3483 1174 3551 ⁶‘o'v
1188 3485 1375 3568 ἐφανέρωσεν
1393 3487 1433 3548 ἐλ-

278 3586 388 3664 θόντος
406 3585 498 3652 αὑτοῦ
516 3588 566 3652 ἐπλ
582 3586 615 3652 τό
632 3586 783 3670 βάπτισμα
800 3585 821 3670 ή
838 3595 891 3670 τῆς
906 3595 1077 3674 περιστεράς
1093 3585 1243 3665 κάθοδος,
1274 3585 1342 3669 ήτις
1357 3587 1435 3652 ἐστίν

280 3699 303 3755 03
320 3693 370 3754 καὶ
385 3699 412 3754 ά.
458 3687 515 3754 ὃὉ
529 3687 584 3774 γάρ
599 3688 730 3773 ἀριθμός
743 3687 835 3773 αὑτῆς
848 3695 900 3774 μία
915 3694 967 3756 καλ
982 3689 1162 3756 όκτακόσιαι.
1205 3691 1266 3753 Καί
1280 3688 1333 3755 διά
1347 3697 1434 3755 τοῦτο

280 3794 415 3858 Μωϋσία
436 3795 468 3858 ἐν
488 3801 524 3882 τῇ
546 3795 614 3882 ἕκτη
638 3800 698 3857 τῶν
719 3789 838 3878 ήμεροῖν
856 3795 1003 3877 εἰρηκέναι
1022 3791 1074 3858 τόν
1092 3789 1257 3876 άνθρωπον
1276 3794 1433 3877 μεμονέναι,

311 3930 335 3984 9.
353 3934 583 3996 Pseudo-origenes:
599 3929 642 3985 τδν
657 3925 714 3998 ’ὅρον
727 3929 769 3984 καλ
786 3932 836 3984 τῶν
906 3929 945 3985 14.
962 3923 1004 3988 οάν
1018 3935 1113 3984 restituo
1130 3947 1159 3982 ετ
1176 3933 1394 3996 Pseudo-oweno
1413 3937 1434 3982 ιλ

277 3995 329 4055 ἀνω
346 4007 396 4051 ceu.
872 4003 920 4052 Vel.
935 4005 1068 4064 ληιενρτείι.

315 4071 351 4120 10.
370 4065 418 4152 χάρ
439 4083 484 4118 om.
501 4069 551 4118 cod.
569 4072 644 4118 Υευεί.
908 4071 944 4119 15.
961 4063 1024 4123 Ἐπὶ
1046 4065 1075 4122 δέ
1097 4070 1334 4132 Pseudo-oriam.
1369 4071 1434 4119 λίθοι’

315 4139 353 4188 11.
369 4134 536 4204 αναδεδέχθαι
556 4138 623 4186 habet
639 4139 837 4202 Pseudo-orim-
870 4139 999 4258 ξρίμλὲισπίι·
1019 4140 1103 4188 hubent
1126 4133 1224 4203 ἐπειδὴ.
1257 4139 1328 4187 niueo
1344 4141 1435 4200 φλοτιιίί

278 4221 326 4256 νει.
390 4223 396 4244 ⁸
885 4211 954 4261 κδ.

315 4273 352 4324 12.
371 4269 418 4326 ὑπὸ
440 4267 505 4326 αὑτοὶ
527 4273 659 4322 coniectura
685 4276 776 4324 Ρελουίί
796 4279 838 4336 εει,
906 4273 944 4326 16.
961 4272 986 4326 ἐν
1002 4273 1040 4342 τῷ
1058 4269 1149 4341 ἀγαθῷ
1167 4261 1232 4325 οάοα
1247 4275 1316 4324 habet
1330 4277 1435 4326 Pseudo·

279 4343 503 4404 Ρτευδο-Οτίρεοίι
517 4343 646 4390 testimonio
664 4343 714 4390 ιὀπι
735 4344 837 4404 firmata.
872 4345 988 4408 θήρτκτε.

278 4411 344 4458 Libn'
357 4411 440 4460 habent
452 4406 513 4476 ὑπὲρ
528 4403 616 4474 φίτήν.
650 4411 697 4459 Vel.
710 4410 838 4472 λοίπφτιιε
906 4411 945 4464 17.
960 4411 1007 4460 tria
1021 4411 1078 4462 loca
1087 4413 1154 4461 λοθεί
1167 4413 1215 4461 Vct.
1225 4413 1348 4473 λπίετμττε.
1374 4413 1434 4462 σου·

280 4493 342 4544 quae
359 4477 462 4527 subsint.
871 4483 936 4530 ειαλίλ
953 4481 1188 4543 Pseudo-ormena.

316 4544 354 4596 13.
370 4544 472 4598 καὶτοῦ
486 4549 553 4598 habet
568 4547 804 4610 Ρειντίο-Οιίμιυτε.
907 4549 946 4599 16.
963 4547 1017 4614 τρλς
1037 4551 1129 4599 τίσειαν
1149 4549 1230 4611 λτρίιεε
1251 4549 1299 4598 Vct.
1310 4549 1435 4612 ίκίετρτετ,
