3080 5002
364 345 368 362 .
385 292 599 358 nimirums.
612 307 633 356 t.
651 305 733 358 rom
748 305 791 359 ut.
808 303 906 357 unae.
918 304 1010 358 xciv.
1212 295 1274 360 dua

118 440 176 488 sna
199 445 254 490 ros
275 425 450 498 auctoritate
474 426 662 492 convincent.
712 422 859 506 Primum,
890 426 966 510 qnod
990 426 1025 490 nd
1049 425 1206 510 imaginem
1227 427 1274 490 dei

118 526 210 592 bomo
223 550 241 592 a
256 529 311 594 deo
328 531 421 596 lactus
437 540 494 594 est.
539 528 585 593 Ao
601 529 649 613 qui
664 528 743 592 illum
759 529 841 606 lenit,
863 533 1028 604 Faciamus,
1054 528 1165 613 inquit,
1188 536 1274 594 domi·
1294 545 1350 590 uae.
1365 546 1384 602 t,
1395 545 1428 590 ae

117 653 183 694 nem
200 637 240 694 nd
253 636 402 712 sinogtbem
418 644 447 694 et
458 635 666 694 similitudmem
681 643 817 694 nostram.
865 627 1012 716 Quocirca
1027 633 1053 696 si
1069 633 1133 716 quis
1149 655 1165 697 a
1182 633 1276 699 lalsis·

118 734 194 798 sima
213 745 260 798 tua
280 735 395 798 haeresi
415 755 482 798 sese
499 735 534 798 ad
553 734 707 800 veritatem
724 734 923 814 converterit,
946 745 976 798 et
992 745 1136 820 tamquam
1156 757 1172 799 e
1190 748 1276 802 nocte

118 859 156 900 ac
176 837 306 901 tenebris
324 838 496 916 emerserit,
520 839 549 902 in
569 837 685 902 divinae
702 837 844 902 scientiae
861 829 957 902 lumen
975 838 1125 916 incurret,
1155 841 1232 923 quod
1249 842 1276 904 ci

118 940 194 1006 solis
212 941 323 1018 instar,
347 940 393 1004 vel
412 940 498 1006 etiam
514 940 577 1004 sole
596 939 660 1026 ipso
677 939 802 1018 clarius,
826 938 992 1005 illucescet.
1036 937 1113 1005 Nam
1129 941 1199 1004 illud
1214 943 1277 1006 cui·

119 1043 208 1121 tibet,
240 1042 288 1127 qni
306 1042 430 1107 rationis
447 1042 576 1107 ooooibil
594 1043 717 1123 babeat,
742 1041 864 1108 evidens
882 1044 952 1122 erit,
984 1043 1069 1108 deum
1087 1063 1156 1108 csse
1173 1065 1277 1129 pareu-

119 1156 181 1210 tem
200 1145 345 1224 omnium,
375 1146 422 1230 qui
440 1146 479 1210 ita
496 1145 609 1210 locatus
626 1157 689 1210 est:
723 1150 871 1211 Faciamus
886 1150 1030 1208 hommem.
1079 1143 1145 1230 Qua
1162 1147 1276 1231 quidem

119 1265 197 1312 voce
214 1261 364 1314 aeteruum
380 1248 459 1312 illum
477 1249 579 1326 deum,
604 1247 742 1327 verbum,
774 1249 892 1332 iuquam
909 1248 998 1312 filium
1017 1270 1101 1312 suum
1120 1250 1275 1334 unigenam

119 1351 295 1436 complexos
313 1365 374 1428 est,
406 1371 490 1435 quem
510 1370 549 1414 cx
567 1351 667 1436 scipso
682 1351 748 1416 sine
765 1350 848 1414 initio
864 1351 942 1414 omni
959 1371 994 1416 ao
1012 1361 1144 1437 tempore
1162 1353 1274 1437 genuit,

120 1475 177 1518 nee
197 1475 254 1518 ooo
275 1464 306 1517 et
322 1455 455 1540 spiritum
474 1465 624 1532 sanctum,
659 1453 707 1538 qui
728 1472 781 1518 nec
799 1452 835 1516 nb
853 1452 921 1532 illo,
954 1473 1009 1518 neo
1027 1453 1063 1518 ab
1083 1453 1147 1522 eins
1165 1454 1223 1518 lilio
1239 1453 1278 1522 sit

118 1555 247 1622 alienus.
293 1554 326 1620 Si
351 1558 426 1622 enim
451 1557 526 1622 alius
552 1558 627 1624 leret
650 1556 775 1620 bominis
799 1555 974 1635 fabricator,
1008 1556 1106 1621 mnndi
1130 1558 1275 1635 conditor,

119 1660 197 1724 alins
212 1681 364 1745 supremus
382 1681 417 1724 ao
435 1660 529 1724 bouus
544 1661 635 1736 deus,
667 1681 683 1724 a
702 1680 760 1742 quo
778 1655 914 1724 Christos
931 1661 1100 1739 descendit,
1131 1681 1276 1745 nonquam

120 1761 261 1830 Christus
274 1762 328 1826 sibi
347 1783 453 1848 corpus
469 1764 635 1846 affingeret,
660 1761 847 1846 autdguram
863 1762 892 1826 in
909 1782 942 1828 se
960 1757 1114 1828 Crantoris
1129 1763 1275 1848 exprime·

118 1877 179 1930 ret.
227 1863 326 1949 Quare
344 1866 527 1950 perspicuum
545 1875 590 1928 est
607 1865 683 1930 bunc
697 1865 791 1948 ipsum
807 1865 933 1930 bominis
949 1866 1107 1950 mundique
1125 1885 1192 1930 esse
1207 1886 1275 1930 con·

119 1969 264 2047 ditarem,
296 1989 381 2054 qoem
398 1969 437 2032 ite
457 1978 539 2053 peter
555 1967 728 2052 alloquitur:
758 1972 908 2032 Formiana
924 1971 1060 2032 deturbem
1077 1973 1117 2030 od
1129 1973 1276 2052 elnngtbem

118 2085 149 2136 et
166 2075 375 2136 umib'tudmrm
394 2083 528 2136 eorunm.
575 2069 674 2154 Atque
700 2069 755 2134 boo
778 2091 818 2134 en
840 2091 899 2134 uuo
924 2091 1014 2155 opere
1032 2072 1203 2136 manifestus
1222 2071 1278 2136 erit

118 2176 248 2254 artilex,
282 2195 375 2259 neque
396 2174 471 2237 alius
488 2173 668 2256 intelligetur
685 2173 794 2250 luisse,
829 2174 876 2257 qui
898 2183 956 2238 tum
976 2173 1122 2238 bominem
1141 2195 1277 2260 procrea·

118 2278 199 2344 verit
217 2289 247 2341 et
263 2277 369 2342 Adurni
387 2297 493 2360 eorpus
505 2297 533 2352 ¹e
552 2287 629 2342 terra
647 2276 764 2340 molitus
783 2275 885 2354 luerit,
909 2279 1079 2358 eundemque
1097 2282 1126 2340 in
1144 2282 1277 2342 ot'oentem

117 2385 241 2446 moinum
249 2381 368 2464 fecerat.
407 2374 464 2444 Cui
480 2379 595 2463 quidem
610 2379 652 2444 rei
669 2380 771 2444 beatos
788 2375 916 2444 loannes
933 2378 962 2444 in
978 2380 1133 2462 evaugelio
1148 2401 1202 2444 suo
1216 2383 1278 2445 sol-

119 2487 255 2568 lragntur
279 2482 323 2546 bis
348 2481 464 2548 verbis:
498 2487 532 2546 ln
549 2487 693 2563 principib
710 2494 773 2544 erut
789 2483 917 2554 verbnm,
950 2483 1109 2544 adverbum
1126 2489 1397 2565 metapontum,
1412 2506 1430 2550 1.

119 2592 214 2661 deum,
238 2590 348 2648 etdeus
362 2598 425 2648 crat
437 2587 560 2648 verbnm.
606 2590 667 2648 Hoc
680 2591 785 2648 eratin
797 2587 939 2666 pmbaec‘pteb
953 2589 1030 2664 opud
1042 2589 1133 2648 deum.
1181 2591 1279 2652 Omm'n

115 2713 174 2773 per
193 2695 282 2772 ipsum
296 2690 382 2772 serto
402 2699 483 2760 sunt,
517 2699 545 2750 et
565 2693 625 2750 sine
643 2693 703 2769 apso
713 2691 826 2770 stactam
845 2700 889 2749 eat
907 2689 982 2750 nt'dil
995 2699 1048 2750 ete.
1097 2682 1184 2771 Quod
1203 2689 1228 2752 si
1247 2689 1277 2752 in

119 2795 187 2878 ipao
205 2793 385 2868 factasunt,
416 2801 446 2852 et
465 2790 735 2875 peripsomlaota,
767 2791 816 2854 ille
835 2791 1025 2856 ctAdamnm
1045 2789 1216 2870 fabricavit,
1249 2803 1279 2856 et

119 2917 163 2960 ex
179 2893 278 2958 Maria
294 2893 409 2978 virgine
425 2893 480 2958 sibi
498 2912 604 2976 corpus
621 2893 749 2971 effinxit,
773 2913 807 2957 ac
823 2902 912 2956 totam
929 2893 1054 2978 denique
1071 2893 1128 2958 sibi
1143 2905 1276 2959 naturam

120 2997 249 3064 bominis
265 2997 416 3074 adiunxit,
448 3013 532 3079 qoam
550 3016 567 3057 a
583 3015 615 3060 se
633 2995 683 3060 illo
699 3005 830 3080 tempore
848 2997 1011 3074 conditam,
1044 2997 1158 3062 dentum
1174 2998 1278 3062 eretis-

119 3101 196 3168 sime
219 3101 273 3163 sibi
298 3097 456 3185 copulavit.
502 3093 562 3162 lem
588 3118 660 3162 uero
683 3099 709 3162 si
728 3099 854 3164 alienum
875 3120 947 3184 opus
968 3099 1119 3184 usurpavit
1141 3099 1205 3164 eine
1230 3099 1278 3184 qui
1366 3179 1369 3191 ¹
1419 3170 1421 3178 ,

120 3211 240 3266 creatas
257 3223 306 3266 res
325 3201 399 3266 male
420 3201 564 3279 condidit,
597 3221 631 3264 ao
647 3202 738 3266 malus
756 3201 892 3286 opioiooe
910 3211 958 3264 toa
976 3199 1046 3279 luit,
1078 3201 1122 3278 si,
1147 3201 1275 3285 inquam,

120 3304 207 3370 malis
224 3303 361 3390 operibus
379 3324 450 3368 usus
467 3314 529 3382 est,
560 3323 635 3388 quae
656 3324 672 3366 a
689 3304 765 3367 malo
781 3313 849 3368 sunt
863 3303 974 3368 artifice
990 3305 1138 3390 prolecta,
1163 3315 1278 3369 creato·

119 3409 165 3474 ris
179 3429 212 3472 se
228 3405 356 3490 inequitia
370 3405 561 3492 implicaverit
578 3415 694 3492 oportet
709 3425 762 3470 osu
779 3405 828 3469 illo
841 3427 876 3470 ac
892 3406 1046 3486 beneflcio,
1071 3417 1131 3470 tum
1147 3407 1277 3472 eiusdem

119 3511 250 3594 imagine
267 3510 461 3595 capessenda3
483 3509 557 3593 quod
574 3508 635 3572 lieri
651 3508 769 3572 omniuo
785 3528 843 3574 non
859 3517 967 3594 potest.
1012 3507 1129 3575 Etenim
1145 3511 1170 3575 si
1185 3510 1277 3574 bomi-

119 3613 169 3678 nis
185 3623 316 3676 naturam
332 3611 435 3690 induit,
460 3632 517 3676 nou
533 3632 650 3674 carnem
667 3611 764 3689 modo,
789 3613 840 3674 sed
854 3621 885 3676 et
899 3611 1022 3676 animam
1037 3612 1177 3697 suscepit.
1213 3609 1277 3678 Ne·

121 3737 179 3802 que
198 3715 275 3780 enim
292 3714 448 3780 obscurum
465 3713 534 3778 illud
553 3724 609 3778 est.
655 3711 714 3798 Qui
732 3714 810 3780 enim
826 3714 933 3800 alioqui
950 3714 1078 3779 dicerete
1112 3719 1276 3778 Potmtotem
1290 3737 1367 3783 teu..

119 3821 210 3884 dobeo
231 3823 359 3900 acerbare
382 3823 502 3882 enimam
525 3839 629 3892 meon,
662 3829 691 3880 et
706 3839 811 3900 ponere
834 3825 917 3880 enm?
961 3814 1159 3900 Quamobrem
1184 3828 1274 3882 totum
1290 3791 1322 3847 ¹⁰*
1338 3791 1368 3838 ¹⁸⁴

119 3923 191 3988 illud
207 3943 282 4007 opos
299 3941 471 4000 assumens,
503 3941 587 4006 qoam
606 3931 724 3986 creator
737 3920 893 4006 imaginem
909 3921 1052 4005 appellat,
1085 3931 1175 3986 totum
1193 3921 1275 4000 illud,

119 4025 259 4110 inquam,
283 4044 323 4088 ex
340 4045 463 4110 corpore
478 4025 632 4109 animeque
648 4023 816 4101 condatum,
840 4023 944 4108 quibus
958 4023 1044 4088 bomo
1061 4022 1191 4109 partibus
1206 4045 1277 4088 coo·

120 4137 200 4206 stat,
234 4126 360 4192 divinum
385 4125 441 4190 sibi
467 4125 586 4190 verbnm
608 4125 753 4193 adiunxit.
800 4122 886 4208 Quod
910 4127 934 4190 si
958 4126 998 4192 ita
1016 4136 1076 4206 est,
1109 4127 1217 4192 veneni
1236 4127 1277 4190 tni

121 4229 280 4296 efficacitas
298 4228 391 4294 omnis
406 4228 606 4314 extinguitur,
631 4250 666 4294 aa
681 4229 887 4293 tumultuosum
903 4229 1158 4314 perturbatumque
1173 4229 1275 4314 dogma

122 4330 263 4410 concidit,
288 4331 363 4415 qood
379 4331 458 4395 nullo
473 4333 661 4396 tentamento
677 4329 836 4397 stabilitum
851 4333 929 4397 nulla
939 4332 1076 4398 -retitatis
1090 4331 1226 4398 firmitate
1241 4353 1276 4396 ac

121 4436 271 4501 soliditate
293 4434 406 4497 nititur.

210 4534 350 4605 Ceterum
373 4557 437 4602 eom
461 4559 477 4603 e
495 4537 589 4604 sacris
607 4537 700 4603 literis
720 4538 855 4625 quiequid
875 4538 1016 4624 placuerit
1033 4537 1125 4624 eliges
1141 4508 1277 4606 andreii-
1296 4549 1355 4618 esp.
1374 4549 1405 4600 v.
