3078 5012
413 289 546 342 ransart
565 289 628 342 ute.
642 293 662 341 ι.
678 291 759 342 rota:
773 291 818 342 tu.
835 289 935 342 uass.
946 291 1027 342 xarr.
1231 237 1316 339 τιδι’

138 405 239 472 Nobis
254 407 368 474 iniussu
381 409 542 474 venerandi
559 411 649 496 patris
666 412 705 474 tui
722 413 821 476 iacere
835 410 912 474 istud
930 431 987 474 ιιιιιι
1004 409 1083 473 lieet.
1128 407 1192 475 Una
1207 409 1297 493 siqui-

139 512 208 576 dem
224 512 294 576 fides
312 523 374 590 est,
399 523 428 578 et
444 513 605 577 animorum
621 535 682 578 uos
694 514 867 594 consensioq
892 534 986 597 neque
1001 524 1102 576 contra
1115 511 1296 598 spectatissi-

137 635 219 678 mum
246 614 389 698 collegam
412 623 523 701 patrem
555 625 634 680 tunna
668 617 762 680 moliri
788 615 930 701 quippiam
959 636 1124 700 possumus.
1176 615 1218 679 Αι
1246 616 1294 679 illa

137 717 345 782 vehementius
369 720 591 783 excandescens
613 739 648 782 ac
671 718 808 804 snperbia
829 719 997 802 invidiaque
1019 718 1147 803 percitus
1169 719 1295 784 schisma

137 820 291 898 conllavit,
316 841 349 884 ae
364 821 505 906 privatam
523 821 659 885 haeresin
674 822 880 885 architectatus
895 833 952 899 est,
975 831 1016 900 et,
1042 819 1218 900 Ecclesiam,
1242 823 1294 900 ait,

139 935 271 986 vestram
293 926 348 1008 ego
366 923 543 1001 dissociabo,
566 925 597 988 in
616 946 737 1008 eamque
755 923 882 988 schisma
900 925 1110 1009 sempiternum
1129 924 1292 988 immittam.

138 1021 227 1108 Quod
244 1027 292 1090 ille
309 1047 415 1090 revera
433 1047 487 1092 aec
503 1027 651 1092 mediocre
667 1028 781 1111 quidem
797 1026 915 1105 iniecit,
948 1047 1006 1090 non
1023 1026 1064 1092 ita
1084 1037 1180 1092 tamen
1199 1038 1231 1091 ιιι
1247 1049 1295 1092 ec·

138 1127 277 1207 alesiam,
301 1131 352 1193 sed
377 1139 407 1193 ut
429 1151 462 1194 se
486 1129 581 1216 potius
604 1151 639 1194 ao
660 1151 731 1193 suos
754 1130 942 1194 discinderet.
1005 1207 1009 1213 Ι

227 1227 319 1296 Cuius
342 1233 369 1296 ei
388 1233 554 1298 schismatis
572 1243 775 1317 argumentum
792 1233 899 1296 nebulo
922 1232 970 1296 ille
993 1242 1023 1294 et
1039 1233 1182 1317 impostor
1196 1230 1295 1298 Cerdo
1315 1245 1374 1313 Cap.
1391 1249 1432 1298 ιιι.

137 1333 284 1418 praebuit.
330 1333 407 1400 Nam
426 1347 457 1400 et
471 1337 528 1399 duo
544 1336 605 1421 ipse
620 1331 768 1420 Principia
786 1335 947 1398 constituit.
991 1336 1032 1398 At
1047 1333 1162 1398 Marcio
1177 1337 1294 1400 tertium

137 1438 174 1499 ad
197 1437 272 1500 illius
300 1437 404 1522 dogma
426 1436 604 1524 Principium
627 1439 750 1516 adiecit,
784 1449 816 1501 ιιι
840 1437 957 1500 omnino
981 1438 1037 1500 tria
1060 1440 1136 1501 sinte
1171 1459 1294 1522 quorum

136 1560 227 1602 unum
251 1541 291 1602 sit
310 1561 493 1626 supremum,
528 1541 603 1624 qnod
626 1559 721 1624 neque
744 1538 861 1604 nominc
883 1540 1089 1625 comprehendi
1113 1561 1207 1625 nequo
1227 1543 1294 1604 visu

137 1643 249 1726 percipi
266 1643 369 1727 possit,
394 1622 479 1726 qoem
497 1654 526 1706 ct
542 1641 655 1707 Bonum
674 1640 767 1706 lleurn
784 1642 920 1727 appellat,
944 1663 960 1706 a
979 1665 1036 1727 quo
1053 1641 1123 1705 nibil
1139 1642 1178 1705 sit
1194 1663 1293 1707 eorum

136 1763 214 1828 quae
230 1744 259 1807 iu
274 1746 381 1810 mundo
396 1757 465 1810 sunt
478 1747 638 1810 eonditum.
686 1745 820 1809 Alterum
837 1766 910 1809 roro
926 1743 1022 1810 Deum
1039 1765 1107 1808 esse
1124 1744 1192 1808 dicit
1210 1765 1294 1830 aspe-

137 1844 274 1910 ctabilem
292 1865 327 1910 ac
345 1845 528 1912 Creatorem.
578 1847 713 1911 Tertium
731 1848 855 1932 denique
873 1845 1028 1912 Diabolum
1044 1847 1122 1910 inter
1140 1847 1242 1911 ambos
1258 1847 1293 1911 il·

135 1949 203 2028 los,
227 1949 433 2034 aspectabilem
453 1951 566 2014 scilicet
582 1960 613 2014 et
630 1969 694 2013 euru
712 1951 760 2033 qui
778 1950 869 2034 aspici
886 1950 986 2034 nequit
1002 1949 1199 2013 interiectum.
1244 1947 1293 2014 tta

136 2050 176 2115 iis
205 2053 252 2135 qui
276 2049 402 2116 Creator
428 2063 474 2116 est
502 2063 532 2116 et
557 2052 675 2137 opilea,
711 2052 861 2136 riderique
884 2061 995 2137 potest,
1032 2049 1206 2118 ludaeorum
1227 2073 1293 2116 esse

136 2153 237 2231 deum,
262 2155 443 2239 eundemque
463 2152 603 2219 ludicem.
650 2152 791 2220 Ceterum
808 2154 962 2238 virginitas
977 2175 992 2216 a
1008 2152 1163 2218 Marcione
1180 2155 1293 2240 praedi·

135 2266 234 2318 catur.
280 2253 422 2320 ieiunium
442 2268 471 2320 et
488 2257 609 2322 sabbato
627 2257 778 2320 observari
797 2257 949 2342 praecipit.
993 2254 1139 2341 Mysteria
1156 2257 1293 2321 eoteebu-

133 2356 232 2422 menis
252 2357 440 2423 cernentibus
463 2361 538 2444 apud
558 2359 637 2424 illum
657 2358 855 2426 celebrantur.
902 2359 949 2422 nt
968 2359 1040 2422 baec
1059 2381 1132 2423 vero
1152 2360 1292 2445 mysteria

134 2479 241 2543 aquam
264 2460 392 2524 adbibet.
439 2458 569 2526 Sabbato
593 2461 630 2525 ob
654 2482 718 2524 eam
741 2481 875 2525 caussam
897 2461 1036 2524 ieiunium
1059 2462 1171 2526 sanxit.
1217 2459 1291 2526 Cum

134 2561 290 2643 enimait,
323 2561 495 2628 ludaeorum
513 2565 577 2643 dei,
608 2563 656 2650 qui
674 2564 750 2626 baruc
768 2563 904 2627 mundum
921 2564 1092 2642 fabricarit,
1124 2564 1228 2629 illusit
1244 2585 1292 2628 re·

134 2663 238 2749 quies,
271 2687 335 2730 eurn
359 2667 404 2730 die
423 2664 493 2731 Vll.
514 2666 711 2750 requieverit,
744 2667 845 2730 eadem
868 2687 922 2730 nos
945 2665 1077 2730 ieiunare
1100 2667 1290 2745 instituimus,

133 2787 175 2830 ue
197 2763 371 2832 ludaeorum
395 2770 441 2832 dei
465 2768 567 2832 ritibus
591 2769 632 2832 uti
654 2769 816 2833 videamur.
863 2765 991 2832 Carnem
1015 2780 1103 2854 negat
1120 2789 1289 2854 resurgere,

131 2869 222 2953 idque
246 2870 334 2934 babet
354 2871 499 2956 plerisque
522 2894 587 2936 cuna
606 2871 777 2936 haeresibus
795 2893 960 2937 commune.
1007 2871 1131 2936 Animae
1149 2872 1293 2935 duntaxat

132 2974 383 3038 resurrectionem
400 2995 434 3038 ac
448 2975 537 3039 vitam
553 2975 639 3040 unius
655 2985 685 3038 et
698 2975 822 3038 salntem
837 2975 955 3038 asserit.
1000 2971 1152 3060 Baptismo
1170 2995 1228 3038 non
1244 2994 1292 3037 se·

132 3075 211 3152 mel,
242 3077 292 3139 sed
317 3077 404 3140 tertio
426 3077 500 3162 apud
524 3078 590 3141 illos
609 3078 771 3142 initiantur.
818 3075 904 3160 Quod
926 3077 988 3140 lieri
1003 3076 1114 3140 idcireo
1131 3076 1289 3156 concessit,

132 3177 213 3261 qnod
231 3197 247 3240 a
266 3178 415 3263 discipulis
432 3180 511 3254 suls,
544 3181 647 3266 quibus
667 3183 764 3244 lucrat
780 3180 931 3263 cognitus,
963 3178 999 3242 cb
1018 3179 1152 3242 delictum
1170 3179 1239 3241 illud
1257 3199 1292 3242 ac

132 3280 261 3362 virginis
283 3292 413 3366 stuprum
433 3282 557 3346 ludibrio
577 3294 656 3348 esset
674 3283 799 3346 babitus.
845 3278 923 3343 Nam
946 3301 1010 3342 cunr
1030 3281 1174 3362 virginem
1195 3281 1225 3342 io
1243 3301 1293 3364 pa-

131 3379 192 3446 tria
208 3394 443 3470 constuprasset,
477 3396 506 3448 et
523 3385 651 3468 ingentis
669 3384 769 3466 llagitii
788 3383 940 3446 convietus
957 3382 1136 3466 aufugisset,
1168 3379 1290 3446 alterum

130 3485 191 3548 sibi
217 3487 467 3550 circumforaneus
488 3490 546 3550 istc
569 3487 741 3571 baptismum
759 3484 899 3563 adscivit,
931 3485 1020 3548 licere
1038 3483 1229 3569 pronuntians
1246 3496 1292 3548 ter

132 3587 255 3651 omnino
271 3589 353 3672 aquis
368 3589 425 3652 elui
440 3611 474 3652 ac
489 3590 633 3674 baptismo
649 3598 833 3673 peccatorum
850 3588 886 3651 ad
902 3587 1145 3651 condonationem
1162 3587 1288 3672 explari,

130 3701 167 3754 ιιι
183 3689 209 3752 si
227 3690 290 3773 quis
307 3701 372 3775 post
385 3701 554 3776 usurpatum
571 3691 696 3775 priorem
712 3689 890 3774 peccaverit,
915 3689 949 3751 ad
967 3690 1125 3754 secundum
1141 3711 1206 3754 cum
1221 3709 1291 3774 poe·

132 3791 259 3856 nitentia
277 3793 445 3878 confugiat,
469 3793 661 3876 similiterque
679 3793 814 3869 tertium,
838 3792 864 3854 si
881 3802 947 3874 post
962 3793 1119 3855 secondum
1136 3793 1241 3856 iterum
1257 3811 1291 3857 se

133 3893 250 3958 delictis
270 3894 472 3959 obstrinxerit.
520 3893 607 3978 Quod
626 3895 660 3958 ad
678 3895 814 3958 infamiae
831 3913 900 3957 suae
919 3894 1078 3959 remedium
1096 3895 1288 3979 excogitavit,

133 4017 194 4081 quo
215 4017 249 4060 se
270 4017 384 4062 rursum
407 4009 472 4083 post
495 3998 607 4060 lacinus
624 4007 776 4082 purgatum
797 4007 827 4059 et
848 3999 926 4059 iuter
943 3997 1116 4062 innoeentes
1134 4019 1289 4062 numerou-

133 4101 203 4164 dum
226 4120 292 4164 esse
315 4101 516 4184 persuaderet.
562 4099 608 4162 tld
631 4098 816 4183 quodetiam
840 4099 912 4162 falso
932 4099 1128 4163 testimonium
1146 4100 1289 4183 quoddam

132 4203 353 4281 accommodat,
385 4201 581 4286 quodssspecie
599 4201 663 4286 ipsa
680 4199 828 4285 probabile
846 4201 938 4286 possit
955 4200 1065 4280 rideri,
1098 4201 1154 4266 etsi
1172 4223 1231 4267 noa
1253 4223 1290 4268 eo

132 4333 224 4406 ἀρθεὶς
240 4336 330 4406 θύμου.
734 4339 853 4388 Votteono.

170 4408 229 4458 Cae.
244 4411 288 4458 ut.
305 4435 340 4448 -
360 4406 381 4459 l.
397 4409 463 4458 auo
479 4404 581 4460 declusa.
762 4404 786 4458 3.
800 4403 867 4460 κατὰ
878 4409 1138 4459 emandotPetovtnain
1149 4410 1290 4462 aaronem.

168 4477 194 4526 ¹2.
214 4478 288 4527 Verbo
303 4473 348 4528 aul
360 4475 472 4541 κτίστην,
488 4491 547 4539 quoe
561 4477 698 4526 desideran-
765 4469 789 4524 4.
806 4473 926 4542 restitando
942 4478 995 4526 edit.
1011 4479 1085 4538 princ.

133 4551 173 4596 tar
188 4547 213 4594 io
228 4547 373 4608 catepano,
388 4547 500 4596 Petreius
510 4546 596 4596 adiecit
609 4545 697 4595 enred.
