3080 5002
369 180 618 262 ulularuntul.
635 203 992 260 rous.ttt.rtltett.xnv1.
1101 192 1108 205 '
1197 191 1257 254 'tlt

108 325 252 392 calvariae
271 327 414 393 vocabulo
432 327 615 407 nominetur,
639 326 801 394 cuiusmodi
819 325 920 410 capitis
939 325 969 388 in
989 321 1115 388 bumana
1133 344 1257 408 corpore

29 433 32 510 ξ
107 430 190 493 sedes
214 441 294 514 est,
310 451 406 515 neque
427 432 551 514 figuram
573 428 660 494 babet
681 429 775 502 edtae
796 427 953 512 cuiuspiam
976 425 1130 510 speculae,
1163 446 1197 490 ae
1220 447 1257 488 ne

28 545 30 588 l
108 532 214 596 ceteris
237 533 351 618 quidem
375 533 647 598 circumiacentibus
668 532 741 596 locis
765 531 851 595 altius
874 529 1036 613 consurgit.
1082 527 1197 614 Quippe
1220 549 1260 592 ex

26 695 27 698 ,
106 635 232 700 aduerso
250 647 299 700 eat
314 632 424 700 Oliveti
442 657 527 705 mous
545 635 668 716 editior,
700 635 752 698 sed
772 632 905 718 inprimis
922 633 1029 696 arduus
1046 641 1093 695 est
1109 629 1260 696 Gabaonis

105 757 188 800 mons
210 749 316 804 ocum
337 739 405 802 iude
425 738 519 826 lapide
538 718 661 802 distans.
706 734 863 801 Postremo
879 735 971 800 clivus
990 735 1078 800 etiam
1095 733 1144 798 ille
1163 735 1211 819 qui
1230 734 1258 796 io

105 835 197 904 Sione
220 841 363 926 quondam
388 841 504 921 extitit,
535 841 586 906 sed
608 841 729 906 excisus
750 839 835 903 bodie
856 847 918 916 est,
951 837 1004 900 luit
1022 834 1191 922 Golgotbae
1211 837 1259 899 illo

103 941 169 1008 loco
191 942 356 1008 sublimior.
402 941 553 1013 Undenam
577 944 665 1030 igitur
683 939 838 1008 Calcariae
859 959 965 1004 nomen
986 938 1130 1004 obtinuit?
1174 935 1260 1022 Quod

106 1045 241 1110 nimirum
267 1045 350 1131 primi
378 1047 503 1114 bominis
526 1047 584 1110 illic
608 1047 734 1110 calvaria
754 1055 870 1130 reperta
892 1043 947 1120 sit,
979 1042 1100 1128 eiusque
1119 1041 1260 1126 reliquiae

103 1148 257 1227 delossae,
283 1149 319 1212 ob
336 1149 365 1212 id
380 1145 539 1213 calvariae
558 1148 641 1212 locus
655 1149 815 1234 appellatus
830 1158 886 1212 est.
932 1143 967 1211 ln
985 1167 1041 1230 quo
1055 1145 1189 1210 domiuus
1208 1167 1259 1208 oo-

104 1261 167 1314 ster
184 1247 269 1316 lesos
286 1245 571 1317 Cbristorsublatus
589 1256 619 1315 io
633 1273 750 1316 crucem
765 1272 818 1337 per
832 1272 935 1335 aquam
952 1251 1027 1315 illam
1044 1260 1074 1314 et
1087 1249 1259 1332 sanguinem

105 1373 144 1418 ex
161 1354 227 1423 eius
245 1355 396 1440 perforato
413 1356 505 1419 latere
524 1356 730 1439 prolldcutem,
762 1353 843 1418 velut
860 1351 1015 1438 imaginem
1033 1351 1192 1437 quandam,
1218 1361 1261 1414 to-

105 1467 166 1520 tum
191 1455 295 1522 salutis
318 1469 438 1522 uestrae
460 1457 607 1542 negotium
625 1455 824 1535 adumbravit,
856 1456 922 1520 dum
942 1455 1026 1541 primi
1045 1455 1175 1541 parentis
1193 1455 1261 1518 reli·

106 1559 189 1642 quies
206 1559 242 1623 ab
260 1557 325 1646 ipso
343 1579 457 1623 massae
476 1559 618 1645 principio
640 1559 737 1646 rigare
754 1559 865 1644 coepit,
892 1571 923 1622 ut
939 1559 974 1622 ad
994 1558 1200 1643 detergendam
1219 1557 1261 1622 la-

103 1657 172 1726 bem
190 1661 417 1747 foeditatemque
437 1653 567 1725 uostraui
585 1683 620 1726 ac
639 1660 815 1748 poenitentis
832 1662 946 1726 animae
963 1661 1198 1748 repurgationem
1215 1661 1260 1724 sui

106 1765 258 1849 sanguinis
283 1765 482 1851 aspersionem
508 1765 693 1843 ostenderet,
729 1776 815 1850 atque
837 1766 872 1828 ad
896 1763 1095 1828 subactionem
1118 1765 1260 1848 quioniam

106 1867 397 1952 commistionemqoe
413 1867 643 1951 significandam,
668 1889 702 1932 ac
720 1881 885 1932 nostrarum
901 1868 1043 1947 sordium,
1068 1865 1122 1930 boc
1139 1877 1184 1930 est
1197 1888 1257 1930 sce·

106 1968 218 2049 lerum,
248 1969 465 2055 expiationem,
489 1990 591 2058 aquarn
610 1969 685 2034 illam
704 1970 734 2034 iu
753 1969 915 2034 subiectum
934 1969 1079 2034 bominem
1097 1969 1261 2052 ibidemque

106 2072 250 2158 sepultum
264 2071 428 2137 destillasse
442 2083 630 2152 monstraret,
648 2094 682 2136 ac
698 2083 754 2136 um
766 2072 860 2158 ipsum
878 2095 963 2157 quam
978 2094 1032 2136 nos
1048 2072 1111 2136 eius
1127 2081 1262 2157 posteros

105 2173 141 2237 ad
156 2195 238 2261 spem
254 2175 479 2259 consequendae
496 2175 598 2238 salutis
615 2175 754 2261 erigeret.
800 2173 948 2258 Quocirca
964 2175 1024 2239 illic
1039 2174 1202 2260 scripturae
1219 2172 1261 2236 di·

107 2287 184 2340 cluur
200 2277 270 2341 illud
287 2276 436 2361 impletum
452 2287 512 2341 cst:
537 2283 633 2358 Surge
647 2283 699 2359 qui
712 2282 832 2351 duranti,
857 2289 885 2338 el
898 2283 1024 2340 werdere
1039 2299 1056 2339 o
1073 2282 1207 2351 mortuis,
1232 2289 1262 2338 et
1273 2287 1357 2349 Bolos,
1368 2294 1398 2340 rt.

107 2381 281 2442 illuminabit
300 2391 327 2440 tc
349 2383 489 2442 Obrutus.
535 2377 624 2444 Licet
644 2381 721 2444 enirn
745 2381 781 2443 od
804 2399 857 2443 uos
878 2378 954 2442 istud
974 2379 1133 2464 pertineat,
1166 2379 1262 2462 quiet

107 2481 192 2546 molis
211 2481 295 2546 lactis
313 2481 419 2546 mortui
435 2503 553 2562 sumus,
578 2494 607 2547 et
623 2481 765 2547 altissimo
783 2482 968 2568 ignorantiae
984 2503 1088 2547 somno
1105 2480 1262 2567 consopiti,

106 2583 295 2648 nibilominus
310 2583 390 2648 illinc
409 2585 548 2669 liguratae
566 2586 651 2650 buius
668 2586 833 2650 sententiae
847 2585 1056 2652 arcessendum
1073 2593 1118 2648 est
1134 2584 1259 2662 initium,

106 2695 139 2749 ut
162 2709 222 2750 non
243 2699 356 2752 temere
380 2709 436 2752 nec
458 2688 553 2752 otiose
574 2689 760 2774 pronuntiata
780 2688 926 2752 videatur.
971 2693 1170 2750 Surreceroot
1188 2692 1261 2750 corba
1274 2705 1359 2814 maeqq
1416 2706 1423 2717 ·

107 2792 194 2852 multo
211 2811 331 2872 corpora
347 2802 508 2854 coactorum
524 2790 595 2872 (ut
587 2813 616 2854 ru
634 2791 787 2876 cvangelio
799 2791 937 2877 scriptum
953 2794 1027 2874 est),
1050 2803 1081 2854 et
1093 2791 1313 2854 moorbruot'

106 2911 168 2954 cour
190 2897 251 2974 ipro
273 2897 303 2955 in
324 2905 449 2954 amictum
471 2898 610 2956 cebrtntem
632 2905 685 2956 cto.

191 2991 293 3059 Cum'
285 2995 375 3081 igitur
392 2994 518 3059 culicis
510 2996 595 3060 istius
614 3016 728 3060 morsus
746 2994 861 3065 divinae
880 2996 1098 3061 misericordiae
1117 2997 1201 3073 oleo,
1228 3017 1261 3060 ac

108 3096 217 3160 domini
240 3098 334 3162 nostri
357 3097 513 3162 salvatoris
532 3099 677 3176 adventu,
709 3109 739 3162 et
756 3097 890 3162 veritatis
907 3099 1094 3182 evangelicae
1113 3098 1177 3162 luce
1195 3118 1262 3183 pro·

108 3197 304 3282 pulsaverim,
328 3198 364 3262 ad
384 3199 457 3263 alias
475 3199 632 3279 haereses,
656 3199 772 3279 divina,
796 3221 849 3286 pro
866 3221 903 3264 eo
919 3221 954 3264 oc
969 3201 1070 3280 soleo,
1096 3200 1189 3264 lretus
1206 3219 1260 3284 ope

107 3301 328 3387 patrocinioque
350 3301 530 3388 progrediar.

342 3473 432 3524 121th
456 3473 550 3525 l’lllbll
574 3471 690 3524 TOMUS
713 3471 857 3526 TERTIUS
883 3473 1025 3526 omenta.

108 3676 498 3741 commensurationem
512 3681 624 3732 uruntur
638 3681 667 3730 u-
700 3693 755 3730 uero
769 3681 925 3732 commortuos
940 3685 987 3744 eat,
1011 3683 1093 3744 repetit
1106 3693 1136 3732 ec
1149 3681 1262 3732 cocum

109 3745 156 3798 oro
173 3751 334 3798 commutatur.
701 3763 837 3813 procffmc
853 3741 931 3817 ἀρχή.

141 3805 202 3866 4
182 3831 218 3880 η
234 3815 592 3881 quodtnllbriauonleqttur,
608 3817 671 3882 quod
