3106 4990
344 269 480 324 rinnau
498 271 745 324 metrumne
763 271 861 324 ιιιι.
874 273 986 325 xxxv.
1179 263 1240 328 485

83 389 134 454 uir
154 411 258 456 rocem
276 389 440 457 tribuimus.
487 389 588 476 Quare
606 403 730 478 utroque
747 411 857 476 genere
875 391 922 456 bic
939 403 969 456 et
984 392 1056 456 baec
1073 395 1159 458 homo
1174 417 1241 481 pru·

84 496 168 558 terre
185 494 325 558 solemus.
373 491 433 560 Sed
452 495 499 560 ubi
516 515 656 580 generum
673 507 720 560 est
735 495 938 579 distinguenda
954 497 1132 581 proprietas,
1157 497 1241 562 femi·

81 619 155 662 uam
179 597 325 676 mulieris,
359 619 468 662 marem
493 598 548 662 viri
573 597 689 662 nomine
711 598 905 662 declaramus.
952 595 1005 660 llis
1029 597 1105 662 eninr
1127 600 1239 666 dnobus

80 700 254 778 vocabulis,
284 721 424 785 generum
442 701 609 766 habitudine
625 710 778 786 separata,
809 720 901 764 sexus
919 699 1069 782 utriusque
1085 701 1240 767 diversitas

82 803 273 891 exprimitur.
320 804 362 867 At
380 804 505 868 bominis
528 825 588 868 rox
610 803 724 868 nonnisi
744 796 916 884 ὁμωνύμως
937 811 966 866 et
989 800 1123 887 nmbigt'sc
1146 804 1238 868 virum

80 929 121 970 ac
143 907 295 970 mulierem
317 907 530 993 complectitur.

171 1005 255 1092 Quae
270 1029 335 1071 cum
351 1008 390 1072 ita
407 1029 439 1072 se
455 1009 598 1088 babeant,
622 1010 723 1072 udeste
738 1029 847 1094 quaeso
862 1007 942 1072 servi
958 1007 1004 1072 dei
1021 1026 1122 1072 omues
1139 1017 1170 1071 et
1185 1027 1237 1072 ve·
1257 1023 1316 1093 cop.
1331 1027 1373 1079 ιιι,

78 1110 181 1174 ritatis
199 1121 362 1188 amatores,
393 1111 508 1197 planum
528 1111 607 1176 illum
626 1121 657 1174 et
673 1112 846 1176 nebulonem
866 1107 1059 1176 Colorbasum
1080 1110 1237 1176 vehemen-

78 1214 142 1276 tius
163 1213 311 1291 deridete,
343 1214 390 1278 vei
408 1213 506 1298 lugete
523 1214 619 1300 potins
642 1233 693 1278 eus
712 1214 759 1299 qui
778 1214 890 1298 decepti
910 1223 995 1291 sttut,
1026 1234 1090 1278 curu
1110 1214 1235 1300 seipsos,

78 1327 144 1379 tuna
170 1315 242 1380 alios
265 1337 350 1400 quam
370 1315 509 1401 plurimos
529 1317 727 1402 perdiderunt.
772 1313 838 1379 Nos
856 1327 952 1380 autom
973 1315 1027 1380 deo
1046 1320 1154 1399 gratias
1170 1336 1237 1400 nga-

78 1439 167 1498 mns,
199 1417 274 1502 quod
298 1417 492 1482 mediocribus
509 1418 743 1504 simplicibusque
764 1417 863 1482 verbis
883 1417 957 1481 filios
976 1437 1046 1481 auos
1062 1418 1173 1482 veritas
1190 1438 1237 1482 re·

78 1532 161 1585 etam
186 1521 215 1584 in
234 1521 310 1586 viam
330 1521 425 1585 soleat
441 1521 603 1602 deducere,
636 1533 738 1585 contra
757 1541 830 1585 vero
848 1521 955 1585 misera
974 1520 1021 1585 illa
1036 1521 1237 1604 arrogantiae·

78 1643 141 1710 qne
156 1623 242 1710 plena
261 1624 415 1708 dogmata,
439 1633 471 1686 et
487 1625 635 1709 exquisito
652 1627 744 1688 lunate
762 1622 908 1688 lenocinio
925 1623 1061 1710 dissipet,
1085 1644 1119 1686 ac
1135 1632 1236 1707 pacate

78 1726 249 1811 leuiterque
267 1727 458 1812 progrediens
476 1737 590 1792 evertat
609 1727 739 1792 funditus
757 1737 786 1790 ct
805 1727 975 1810 extinguam
1008 1737 1039 1792 nt
1057 1747 1095 1790 cx
1112 1725 1234 1812 propbe-

78 1842 132 1894 tae
150 1828 319 1893 testimonio
337 1829 490 1894 manifeste
505 1829 666 1915 colligitur,
691 1829 738 1914 qni
755 1829 911 1893 nonnullos
926 1827 1013 1914 irnpiu
1028 1830 1168 1913 quaedum
1184 1849 1235 1892 cu·

76 1932 191 1996 riccius
207 1931 422 2013 adsciscentes,
454 1953 489 1996 ac
504 1933 646 1997 scelerata
665 1931 766 1996 nescio
784 1953 858 2016 qnae
878 1951 959 1996 suam
979 1930 1014 1994 ad
1033 1931 1162 1995 lrandem
1181 1951 1233 1994 ex·

78 2035 247 2118 cogitantes
272 2034 315 2098 sic
337 2036 508 2120 alloquitur:
540 2041 596 2098 Pro
617 2059 649 2098 eo
667 2039 743 2118 quod
758 2035 900 2096 ubtbcirtir
916 2037 1127 2116 aquensibus,
1161 2055 1296 2116 quaerut.
1309 2059 1361 2114 ιι

78 2142 161 2200 cudit
177 2159 240 2200 cunr
253 2142 367 2202 silentio
374 2185 383 2214 ,
406 2143 528 2201 adducet
539 2161 624 2220 snper
638 2161 686 2200 uos
699 2143 826 2200 mrbus
838 2159 939 2219 uquam
945 2141 1043 2221 fluori',
1067 2157 1161 2216 regem
1175 2141 1233 2198 Ar·

78 2245 236 2322 egrici-uon.
267 2239 346 2305 Nam
360 2261 463 2325 aquam
479 2238 562 2306 sitos
577 2241 657 2306 missi
673 2241 832 2304 doctrinam
846 2237 1033 2324 interpretari
1047 2239 1125 2302 licet.
1158 2235 1232 2321 Quis

78 2345 132 2408 ille
148 2363 221 2406 reru
238 2343 313 2408 alius
327 2355 376 2407 est
392 2353 510 2429 praeter
526 2339 624 2408 lesum
642 2343 787 2407 dominum
807 2352 936 2406 nostrum
954 2363 970 2404 a
987 2341 1043 2405 dec
1061 2339 1146 2404 Patre
1164 2339 1232 2403 mis·

78 2467 165 2525 aum,
196 2457 227 2510 et
241 2446 361 2531 quidem
375 2446 491 2530 quiete,
523 2445 597 2529 qnod
616 2445 687 2510 nibil
702 2446 832 2510 insolens
850 2455 900 2508 aut
915 2447 1039 2510 locatum
1056 2452 1230 2529 perstrepat,

79 2550 135 2612 sed
153 2568 225 2612 rere
247 2569 282 2612 ac
300 2549 416 2613 sincere
435 2547 647 2612 sanctissimam
666 2569 802 2635 sponsam
821 2548 959 2625 edoceat,
991 2566 1075 2631 quam
1097 2545 1127 2610 in
1147 2542 1232 2610 Sulc-

79 2651 179 2716 monis
193 2647 325 2716 (lacticis
340 2651 500 2715 columbam
517 2651 554 2716 ob
567 2651 700 2715 animalis
714 2651 926 2736 simplicitatem
939 2660 969 2714 et
982 2648 1230 2714 mansuetudinem
1245 2675 1339 2730 mnes,
1351 2677 1383 2720 te

79 2754 298 2841 puritatemque
313 2755 519 2839 cognominati
561 2749 616 2831 Et,
641 2754 715 2838 quod
734 2764 780 2817 est
794 2752 984 2817 admiratione
1000 2753 1130 2836 dignius,
1162 2751 1230 2815 reli·
1258 2728 1381 2835 12:52²&

79 2877 157 2942 quas
173 2877 294 2933 omnes,
319 2878 392 2941 qnae
408 2877 473 2920 cnm
489 2856 602 2920 alieune
618 2857 693 2935 sint,
718 2877 824 2920 nomeu
841 2855 931 2941 ipsius
946 2864 1102 2941 usurpant,
1125 2875 1231 2918 concn-

78 2961 167 3024 binas
183 2981 218 3023 ae
234 2957 352 3044 reginas
368 2959 510 3045 appellnt,
535 2959 572 3022 ub
587 2959 698 3043 rugium
716 2957 827 3024 Christi
844 2979 967 3036 nomen,
992 2959 1067 3041 quod
1084 2977 1231 3040 unaquae-

79 3061 209 3148 quesibi
225 3060 387 3126 insolenter
402 3081 541 3147 arrogare
558 3062 717 3126 contendit.
755 3061 814 3127 Sed
830 3064 885 3128 etsi
901 3062 1071 3126 concubinae
1086 3065 1144 3122 subt
1156 3071 1231 3120 octo-

77 3171 181 3246 ginta,
207 3163 262 3227 buc
278 3173 324 3228 est
340 3165 492 3244 baeresca,
515 3174 576 3228 tum
589 3161 702 3246 puellne
716 3187 849 3247 quarum,
875 3165 983 3249 inquit,
1007 3185 1062 3226 non
1079 3173 1123 3224 eet
1136 3182 1230 3223 nume-

78 3289 150 3342 rus,
182 3288 239 3330 unu
259 3277 349 3329 tumen
367 3269 552 3330 eatcoluanbu
572 3289 646 3342 men,
676 3271 897 3350 perfecturum,
929 3265 1063 3330 nimirum
1082 3274 1183 3328 sancta
1201 3273 1232 3326 et

78 3369 226 3434 eatboliea
242 3368 379 3432 ecclesia.
425 3367 510 3453 Quae
525 3370 657 3433 columba
672 3371 786 3453 quidem
803 3380 860 3447 est,
884 3379 917 3432 ut
930 3368 1069 3444 diximus,
1093 3365 1130 3428 ob
1146 3363 1230 3428 buius

78 3473 146 3536 sris
168 3471 418 3535 monsuetudinem
441 3481 470 3535 et
491 3471 688 3535 innocentium
708 3492 741 3534 nc
762 3471 977 3548 sinceritatem,
1009 3469 1138 3555 perlecta
1156 3486 1229 3532 vero

79 3574 158 3659 quod
176 3574 337 3659 perlectam
359 3595 376 3638 ι
394 3575 449 3638 deo
466 3573 617 3638 scientiam
636 3572 856 3658 absolutamque
874 3571 910 3636 ab
928 3573 990 3658 ipsu
1007 3568 1162 3634 Salvatore
1178 3591 1231 3656 per

80 3675 225 3765 Spiritum
242 3685 374 3740 sanctum
390 3676 583 3761 cognitionem
600 3677 704 3762 adepta
720 3674 770 3739 sit.
805 3673 898 3761 igitur
912 3694 1038 3760 sponsus
1051 3673 1125 3759 ipse,
1144 3695 1229 3759 quem

78 3788 195 3844 meunt
213 3779 398 3865 interpretari
417 3780 502 3856 licet,
533 3779 588 3842 boc
605 3789 651 3843 est
669 3783 791 3854 Sulcum,
816 3799 919 3862 aquam
938 3776 1024 3840 babet
1042 3777 1148 3842 leniter
1165 3797 1229 3842 sca-

79 3883 256 3961 turientem,
289 3882 450 3946 doctrinam
472 3882 585 3947 scilicet
606 3903 664 3946 nun
687 3881 799 3967 ingenti
822 3903 886 3944 cnut
910 3880 1032 3964 strepitu
1056 3901 1089 3944 ac
1112 3881 1228 3965 lrugore

78 3983 288 4072 praecipitem,
321 4005 376 4048 nec
401 3983 480 4049 inani
505 4005 538 4050 se
562 4005 664 4071 pompa
688 3995 717 4048 et
739 3983 896 4048 ambitione
920 3983 1089 4048 iactantem.
1135 3979 1227 4048 Cuius

77 4105 187 4175 sponsa
216 4087 294 4150 mitis
314 4086 408 4152 instar
428 4087 579 4153 columbae
600 4106 715 4153 veneno
736 4097 833 4165 caret,
867 4105 961 4170 neque
982 4087 1106 4149 molares
1126 4086 1227 4148 dentes

76 4202 126 4256 aut
146 4189 267 4256 aculeos
285 4191 378 4275 gerit,
411 4191 571 4256 cuiusmodi
590 4201 744 4276 serpentes
760 4187 867 4254 babent
889 4189 938 4252 isti
962 4189 1009 4273 qni
1030 4207 1144 4253 veneno
1162 4207 1227 4251 sca-

76 4305 159 4373 tent,
184 4313 307 4378 quorum
326 4293 432 4379 singuli
449 4293 633 4380 praecipuum
649 4293 763 4378 aliquod
783 4292 945 4356 mortalium
963 4289 1065 4377 generi
1082 4290 1163 4354 virus
1178 4311 1227 4355 co·

77 4408 188 4462 nantur
201 4395 359 4462 immittere
373 4417 408 4462 ac
423 4407 585 4462 sectatores
599 4417 668 4462 snos
683 4415 880 4480 eorrumpere.
927 4392 1058 4478 Quorum
1075 4413 1091 4457 e
1107 4414 1227 4458 numeru
