3106 4990
359 289 605 345 1111111111
625 290 709 344 rost.
720 291 763 344 ιιι.
781 291 879 344 nens.
890 291 1027 344 xxxvu.
1209 281 1271 344 sut

116 407 187 475 Neo
205 421 251 476 est
273 410 348 494 quod
371 411 480 476 ideireo
503 412 637 476 eonditne
659 431 708 476 res
727 433 744 474 1
760 412 815 476 deo
833 411 1035 498 vituperentur
1049 411 1124 497 quod
1141 410 1271 476 nonnulli

117 535 221 578 rursus
242 512 404 578 incredibili
427 533 529 578 errore
552 515 672 580 leniunt.
719 512 793 578 lllud
815 515 892 578 enim
915 517 1024 600 ligures
1044 515 1138 580 instor
1156 512 1272 579 ludaeis

117 616 148 680 iu
164 617 321 680 solitudine
337 615 510 699 degentibus
527 629 676 681 ostensum
694 627 756 695 est:
780 617 818 680 ob
835 637 898 681 eum
916 616 1007 702 ipsum
1026 618 1168 681 rationem
1186 639 1272 703 quem

115 719 148 783 in
171 717 324 802 evangelio
347 718 481 782 domiuus
504 720 664 804 expressit.
709 717 872 784 Nimirum:
904 724 988 782 St'eut
1004 723 1143 782 exultauit
1158 725 1424 800 nequeuntem.

114 833 270 902 serpentem
288 825 317 882 iu
333 825 458 894 deserto,
484 827 525 884 s'tu
540 826 668 885 exultari
683 825 899 902 oportetfih'um
913 826 1050 898 homnium,-
1074 824 1151 907 quod
1170 833 1271 906 posteo

116 921 250 1006 sorrtigit.
295 920 374 986 Nem
397 921 496 986 ludaei
517 921 666 988 Christum
689 925 835 989 dominum
858 925 939 990 velut
959 935 1125 1009 serpentem
1149 925 1273 1007 ignomi-

115 1026 201 1090 niose
219 1035 377 1090 trooteutes
392 1025 509 1110 ipsimet
522 1025 669 1109 serpentis
686 1027 816 1104 insidiis,
841 1027 896 1090 hoo
911 1037 957 1090 est
972 1027 1091 1104 diaboli,
1116 1025 1273 1090 vehemen-

115 1140 163 1192 ter
180 1127 284 1192 eliensi
307 1140 386 1193 suunt.
434 1126 494 1192 seu
512 1140 543 1192 ut
560 1139 659 1192 ereeto
675 1141 813 1213 serpente
832 1130 850 1192 ii
869 1129 917 1213 qui
935 1149 1034 1194 morsu
1052 1139 1136 1192 eruut
1153 1128 1272 1213 oppetiti

114 1239 238 1315 repente
256 1231 370 1296 libernti
393 1242 478 1310 sunt,
512 1232 550 1294 itu
569 1227 689 1295 Christe
708 1232 737 1294 in
757 1251 873 1296 ornnem
888 1231 1001 1296 subluto
1020 1231 1135 1294 onimee
1152 1241 1272 1294 nostroe

113 1357 131 1398 s
156 1335 265 1419 peooeti
289 1334 434 1398 morsibus
456 1343 524 1398 suunt
547 1344 714 1419 exenrptse.
759 1334 858 1418 Atque
876 1334 951 1398 hono
966 1334 1058 1420 ipsum
1077 1333 1185 1396 domini
1204 1353 1273 1396 sen·

114 1437 237 1500 tentisrn
254 1437 288 1501 sd
304 1437 416 1500 erroris
429 1437 475 1500 sui
492 1435 684 1521 putrooinium
698 1435 836 1502 ederunt.
882 1433 991 1500 Nonne
1008 1434 1102 1514 vides,
1127 1434 1272 1519 inquiunt,

114 1540 159 1602 its
182 1539 385 1622 pronuntiasse
412 1535 579 1602 Christum:
613 1541 753 1618 Quomodo
774 1542 912 1602 euultuos't
935 1543 1049 1619 Moyses
1066 1550 1220 1619 serpentem
1244 1543 1273 1600 in

114 1647 243 1716 deserto,
277 1647 317 1704 r‘tu
339 1645 467 1704 eeutturr'
485 1653 594 1722 oportet
605 1643 704 1722 fitium
725 1645 865 1704 tomnms'st
908 1637 1070 1726 Propterea
1087 1640 1190 1704 etalio
1208 1642 1273 1704 looo

114 1745 160 1807 sio
177 1743 335 1829 praecipit:
367 1748 467 1806 Estote
477 1747 630 1824 prudentes
646 1755 677 1806 ut
691 1755 848 1824 serpentes,
879 1757 910 1806 et
923 1748 1062 1826 rrhrplr'ees
1076 1748 1152 1806 stom
1165 1747 1271 1806 11111-
1284 1758 1369 1856 qqstqtp

114 1850 177 1910 bue.
224 1843 275 1909 Sin
295 1846 383 1930 igitur
400 1846 448 1910 isti
468 1867 539 1930 quus
557 1846 700 1930 imagines
721 1868 756 1910 uo
773 1847 858 1929 signs
875 1847 1032 1910 coelestem
1052 1847 1087 1910 11
1108 1846 1270 1910 doetrinnrn
1315 1845 1323 1869 ’
1362 1841 1368 1852 '

115 1949 268 2035 prseolore
284 1948 356 2012 deus
373 1949 532 2027 transtulit,
551 1970 585 2013 ee
601 1950 636 2012 11
651 1950 818 2032 dogmatum
832 1969 950 2013 suorum
967 1950 1123 2014 lolsitetem
1135 1967 1274 2014 asseren-

114 2053 182 2116 dam
205 2049 389 2135 impudenter
410 2053 639 2116 unoommodunt.

201 2149 351 2237 Siquidem
373 2150 455 2218 lesus
476 2149 613 2218 Christus
633 2153 766 2218 dominus
788 2166 908 2232 noster,
943 2155 1076 2238 idemque
1097 2155 1169 2218 deus
1195 2151 1271 2217 Ver·
1291 2165 1426 2234 capvttt.

114 2256 202 2333 bum,
227 2275 245 2319 1
260 2252 349 2318 Patre
364 2265 432 2320 onte
448 2255 547 2320 seculo
564 2257 659 2320 omnis
673 2255 738 2322 sine
754 2257 897 2342 principio
916 2278 951 2320 oo
968 2268 1098 2342 tempore
1116 2257 1173 2322 ullo
1191 2257 1274 2340 geni·

116 2369 182 2436 tus,
215 2377 393 2442 nequaquem
418 2373 463 2422 est
485 2379 620 2443 serpens.
666 2357 773 2424 Prooul
793 2358 1166 2424 absitutitosentiumus.
1213 2356 1272 2424 Sed

115 2470 220 2524 eontre
235 2471 401 2546 serpentem
416 2459 546 2524 advenit.
590 2457 648 2544 Qui
665 2461 688 2524 si
705 2463 878 2546 quandoque
894 2461 1020 2524 dixerit:
1039 2465 1273 2543 1111111111-

116 2579 159 2628 tes
177 2575 380 2644 strepentes,
404 2575 433 2626 ec
448 2566 589 2644 simplices
605 2567 681 2626 stem
696 2565 856 2639 colombae,
882 2563 950 2628 illud
967 2564 1151 2648 interrogare
1170 2586 1224 2628 uos
1240 2585 1274 2628 uo

116 2685 298 2751 cognoscere
318 2685 370 2751 per
389 2678 452 2743 est,
484 2687 538 2729 eur
556 2666 605 2730 ille
623 2668 698 2743 duo,
729 2666 891 2730 oolumlmro
909 2666 1023 2730 scilieet
1039 2687 1074 2730 ee
1094 2678 1273 2752 serpentem,

116 2770 203 2834 nohis
220 2767 386 2833 erudiendis
401 2769 598 2854 proposuerit.
637 2766 757 2834 Nullum
776 2769 898 2832 enimin
915 2780 1065 2854 serpente,
1089 2780 1207 2856 praeter
1222 2771 1274 2834 du·

114 2873 187 2959 ples
209 2872 278 2936 illud
301 2872 471 2956 prudentiae
491 2870 638 2956 specimen
662 2882 800 2958 opponet,
833 2870 953 2956 primum
977 2873 1052 2957 quod
1071 2873 1215 2960 appetitus
1237 2873 1273 2936 11

115 2977 233 3060 aliquo,
258 2995 322 3038 oum
343 2974 372 3036 in
389 2974 483 3059 sepite
499 2973 588 3038 ritem
606 2994 720 3037 omnem
737 2993 821 3038 suem
837 2974 968 3038 residere
985 2975 1110 3054 sentiet,
1135 2976 1216 3039 velut
1230 2957 1275 3038 in·

115 3078 271 3144 terdiotum
290 3077 358 3140 illud
378 3077 489 3140 veritus
507 3076 583 3160 quod
602 3087 720 3161 propter
738 3077 882 3140 hominem
899 3077 971 3140 deus
990 3078 1057 3140 olim
1075 3078 1105 3141 iu
1122 3099 1190 3142 sese
1208 3098 1274 3163 pro-

115 3179 279 3246 nuntisvit:
304 3183 398 3258 Caput
409 3180 446 3239 sb
462 3183 522 3258 :pso
538 3183 692 3252 custodies,
717 3183 767 3240 s'lle
782 3201 801 3240 u
818 3189 845 3240 te
861 3183 1037 3252 eulooueum,
1062 3189 1125 3242 tolo
1142 3181 1170 3243 iu
1187 3190 1272 3263 ceput
1285 3199 1373 3254 noos,
1384 3198 1415 3241 te·

114 3281 291 3366 eompliooto
309 3301 449 3364 torpore,
480 3279 607 3364 illudque
625 3293 784 3365 protegens
799 3292 830 3343 et
845 3281 1011 3359 oneultens,
1035 3302 1148 3346 summe
1163 3281 1273 3345 eallidi-

115 3394 177 3448 tste
200 3383 340 3467 reliquum
364 3402 470 3466 eorpus
493 3383 623 3467 opponit.
671 3379 723 3446 sio
748 3402 802 3446 nos
824 3381 950 3465 unigena
969 3383 1014 3444 dei
1032 3379 1125 3446 Filius
1149 3405 1165 3446 1
1184 3381 1273 3447 Putre

113 3505 309 3574 progressus,
344 3486 408 3548 sive
431 3483 514 3548 hoste
533 3495 745 3568 persequente,
778 3481 842 3546 sivo
864 3483 966 3566 quevis
984 3483 1138 3567 ingruente
1156 3485 1272 3549 uelami-

115 3601 197 3668 tste,
231 3587 310 3651 iubet
332 3599 433 3652 nostra
452 3587 549 3650 omnis
568 3589 647 3650 leuno
665 3607 699 3648 so
716 3585 841 3650 flammis
859 3605 1026 3671 exponere,
1059 3587 1210 3672 solumque
1228 3597 1274 3650 tu·

114 3691 173 3756 teri
194 3701 297 3776 eaput,
331 3691 385 3754 hoe
409 3689 588 3755 estmininre
607 3689 755 3772 ebneqsre
774 3685 936 3753 Christum.
982 3685 1147 3771 Quoniam,
1181 3695 1427 3773 &postumum

113 3799 207 3858 omnes
223 3798 281 3854 1111·
290 3805 335 3854 est
347 3797 486 3866 Chesion,
508 3797 553 3854 uir
567 3804 660 3853 nutem
674 3795 801 3853 molemus
813 3803 901 3872 ouput
911 3803 964 3865 est,
988 3803 1073 3872 eaput
1088 3815 1152 3854 uero
1166 3797 1277 3856 Chresti

113 3903 202 3970 deus,
228 3905 259 3958 ut
275 3895 425 3980 spostolus
441 3895 578 3978 loquitur.
625 3891 708 3956 lnest
724 3913 795 3956 vere
814 3905 844 3956 et
861 3893 984 3956 alterum
1004 3894 1033 3956 in
1052 3906 1189 3979 serpente
1206 3918 1273 3982 pru-

113 4000 234 4066 dentiss
256 4019 366 4082 genus,
400 4009 431 4060 ut
452 3998 487 4060 do
510 4017 546 4059 eo
570 3995 732 4086 physiologi
752 4005 907 4060 testentur.
954 3992 1027 4060 Cum
1051 3996 1129 4060 enim
1149 4019 1165 4060 e
1182 4019 1273 4062 eoves

113 4103 221 4169 sitiens
236 4101 271 4163 11
288 4121 389 4184 equum
405 4098 519 4162 bibendi
535 4098 629 4182 gretia
645 4097 786 4184 prorepit,
811 4098 892 4162 virus
908 4118 1007 4162 seeum
1024 4121 1082 4162 non
1098 4091 1195 4178 ellert,
1220 4103 1271 4164 sed

113 4207 146 4270 in
163 4204 285 4268 latibulo
301 4202 449 4286 relinquit,
468 4201 566 4284 itaque
582 4202 617 4264 ed
633 4210 731 4286 potum
747 4199 908 4283 egreditur.
954 4199 1040 4283 Quod
1057 4201 1170 4285 quidem
1187 4204 1273 4269 nobie

113 4307 286 4373 imitandum
304 4305 492 4391 proponitur:
523 4313 555 4368 ut
570 4325 634 4367 oum
653 4305 689 4367 11
704 4313 836 4367 sonetum
853 4302 899 4367 dei
916 4305 1071 4368 ecclesium
1086 4303 1188 4367 orandi
1204 4326 1271 4391 gro-

149 4461 174 4512 2.
193 4456 208 4512 e‘
225 4473 270 4510 om.
286 4461 336 4510 sod
353 4461 449 4523 llltedr'p.

148 4527 175 4582 3.
190 4525 336 4596 περιστιραί
351 4529 419 4580 sodd
439 4529 511 4580 tom.
530 4529 641 4592 1111111,
655 4533 677 4579 et
693 4529 748 4578 edtt.
764 4529 846 4580 Petou.
880 4524 1014 4594 περιστερά
1030 4527 1084 4579 edtt.
1095 4529 1170 4592 prtum
