3112 4984
400 365 537 418 rounam
556 365 619 416 uta.
633 365 652 414 ι.
669 366 751 417 nom.
764 367 797 416 u.
813 366 914 417 xasa.
930 368 1020 420 xxx.
1229 357 1290 420 259

129 485 165 549 iro
188 482 335 570 tosepoao
357 484 522 550 inveterate
544 483 706 569 pertinacia
725 485 914 550 obduruerat.
960 483 1020 550 Sed
1039 488 1286 554 elementissimus

127 587 280 665 dominus,
313 589 362 672 qui
381 609 449 652 sese
466 587 652 671 diligentibus
670 587 820 672 praeclara
838 590 979 672 quaedam
997 589 1085 654 offert
1102 611 1285 675 consequeu-

126 689 179 752 dae
198 689 303 752 salutis
321 688 487 775 praesidia,
511 691 613 753 eadem
631 689 689 754 iitis
705 689 834 774 impertit
851 711 925 774 quos
942 701 1082 756 aeternae
1097 693 1176 756 vitae
1194 693 1286 758 ieiioi·

126 801 186 855 tete
210 791 328 874 dignari
349 792 513 856 coustituit.

211 889 274 956 Por
287 894 362 956 idem
376 904 490 979 tempus
506 915 571 956 oum
586 891 642 956 iam
658 893 822 978 patriarcha
840 891 926 960 iudos
940 893 996 976 (ito
1010 893 1086 957 enin
1102 895 1180 958 torte
1194 919 1283 962 vous·
1301 899 1361 970 Gap.
1371 901 1417 952 x1.

123 994 226 1078 datur)
242 997 278 1060 ad
297 995 447 1060 rodostum
463 1005 587 1058 aetatem
602 996 798 1079 pervenisset,
823 991 978 1081 losephum
995 996 1117 1082 praemii
1134 997 1198 1062 toea
1213 1021 1284 1083 apo·

122 1099 246 1160 stolatus
263 1097 428 1182 (dignitatis
447 1097 475 1160 id
493 1118 599 1160 nomen
614 1101 672 1178 est)
686 1097 799 1162 honore
811 1119 846 1162 oo
860 1099 1020 1162 commodis
1035 1111 1174 1162 exornat.
1209 1098 1282 1166 lude

122 1221 186 1263 earu
203 1199 298 1264 diteris
315 1202 344 1263 in
361 1195 497 1264 Citiaiam
515 1197 719 1284 proficiscitur.
765 1197 833 1284 Quo
851 1221 916 1264 oum
932 1201 1126 1280 senessisset,
1151 1223 1282 1286 ιιιιιηιιιι-

121 1321 177 1385 que
194 1321 234 1365 ex
249 1301 354 1388 oppido
370 1303 508 1365 deounras
521 1323 556 1364 ιι
571 1299 713 1386 primitias
729 1322 745 1364 a
762 1301 988 1386 provintialibus
1002 1299 1118 1366 ludaeis
1129 1303 1278 1386 exigebat.

118 1403 168 1466 Ae
186 1415 246 1466 tum
264 1426 336 1467 oasu
354 1403 477 1486 eontigit
494 1413 524 1466 ut
541 1403 642 1466 neseio
660 1423 715 1486 quo
733 1402 763 1465 in
780 1403 851 1466 urhe
869 1405 897 1466 io
916 1403 1012 1466 vicina
1029 1403 1174 1468 eeclesiae
1193 1408 1278 1470 domo

120 1503 337 1569 diversaretur.
383 1503 502 1570 Exinde
520 1515 671 1570 eontraoto
693 1526 757 1568 oum
776 1506 913 1590 episeopo
933 1505 1127 1570 familiaritate
1150 1506 1223 1570 eiam
1242 1507 1278 1574 ab

119 1627 157 1672 eo
174 1607 398 1692 evangeiiorum
414 1607 516 1670 tibrum
533 1607 670 1692 postulat,
694 1627 729 1669 ao
744 1606 826 1690 tegit.
871 1605 911 1669 Et
925 1606 1060 1690 quoniam
1076 1629 1127 1692 pro
1141 1627 1177 1672 ιι
1192 1631 1278 1692 quoda

119 1710 246 1792 gerebat
264 1709 389 1796 apostoli
409 1709 558 1772 iurtotiooe
576 1709 632 1788 (ita
649 1707 724 1771 eninr
742 1720 774 1771 ut
791 1708 918 1772 diximus
934 1730 970 1772 ea
985 1707 1109 1792 dignitas
1126 1717 1276 1792 voratur),

118 1831 262 1876 ιιιιιιιιιιιιι
284 1833 354 1896 prae
373 1831 406 1876 se
425 1811 601 1896 gravitatem
620 1821 708 1896 atque
726 1810 755 1872 in
774 1811 976 1874 eonstitueoda
995 1810 1147 1896 disoipiiaa
1164 1815 1279 1878 severi·

117 1922 209 1976 tatem
229 1915 358 1992 iereirut,
379 1912 425 1976 oui
442 1913 484 1977 rei
500 1913 693 1998 praestandae
710 1913 805 1976 iuerat
820 1911 944 1987 eiectus,
968 1931 1003 1974 tto
1018 1911 1172 1998 plerosque
1188 1933 1276 1998 syna·

116 2015 203 2100 gogis
223 2017 389 2100 praefectos
407 2025 438 2079 et
454 2016 623 2078 sacerdotes
646 2036 681 2078 ae
699 2015 887 2100 presbyteros
910 2022 938 2076 et
960 2011 1109 2090 oronites,
1140 2035 1197 2098 qno
1222 2037 1275 2078 no-

117 2117 197 2180 aaioe
213 2117 355 2181 diaconos
372 2125 423 2180 aut
440 2115 590 2180 miuristros
606 2117 763 2202 appeliant,
788 2115 919 2179 homines
933 2113 1080 2198 improbos
1096 2113 1126 2176 in
1142 2118 1275 2182 ordinem

116 2219 275 2303 redegerat
291 2239 326 2282 ue
346 2218 487 2302 dignitate
506 2217 654 2302 privarat,
678 2218 832 2281 muitarum
851 2215 881 2278 in
897 2236 931 2280 se
947 2215 1094 2278 convertit
1110 2215 1195 2296 odia3
1224 2219 1275 2302 qui

116 2329 149 2383 ut
163 2341 230 2384 euna
248 2321 473 2397 uioisoereutur,
496 2318 641 2382 curiosius
657 2320 825 2404 explorare,
851 2327 880 2380 et
895 2335 969 2400 quse
983 2317 1020 2380 ab
1034 2317 1085 2380 itta
1098 2333 1275 2402 gererentur

114 2421 267 2506 inquirere
290 2441 475 2506 summopere
495 2419 662 2504 cupiebant.
709 2417 755 2484 Oh
776 2439 829 2482 eas
851 2419 941 2502 igitar
963 2439 1083 2482 oeossm
1104 2421 1273 2488 acutissimo

115 2525 233 2586 taudem
250 2523 364 2586 odorati
382 2543 421 2586 ex
437 2523 597 2606 improviso
615 2521 751 2606 impetum
768 2521 797 2583 in
812 2519 900 2582 aedes
918 2519 1039 2598 iaciunt,
1062 2534 1149 2606 atque
1165 2521 1272 2610 inipso

115 2625 340 2708 evangeiiorum
363 2623 490 2690 lectione
512 2620 666 2707 iosepituoa
684 2620 860 2707 opprimunt.
906 2619 963 2688 flio
985 2621 1060 2685 iibro
1081 2623 1117 2688 de
1138 2625 1271 2692 manibus

114 2739 220 2811 erepto
238 2725 382 2790 hominem
400 2725 578 2809 corripiunt,
608 2737 639 2788 et
655 2725 689 2787 ud
708 2735 815 2786 terram
833 2723 945 2786 aiiisunn
965 2725 1179 2808 voeiierontes,
1210 2751 1272 2792 mu·

114 2827 265 2912 ximisque
289 2826 474 2892 eontumeiiis
497 2837 642 2890 vexantes
664 2826 693 2888 in
718 2845 898 2910 synogogam
922 2825 1087 2908 abducunt,
1120 2829 1272 2914 virgisque

110 2931 250 2994 euedunt.
286 2925 414 2992 Primum
430 2929 484 2991 itoo
500 2927 536 2991 ab
550 2927 600 2990 itta
615 2925 773 3010 legitimum
787 2937 935 2992 oertameo
951 2949 1003 3013 pro
1020 2929 1074 2992 tide
1088 2943 1268 3016 sasseepturn.

110 3033 162 3094 At
176 3031 250 3094 isaeo
267 3031 395 3094 aeoorrit
410 3029 491 3092 urbis
506 3029 674 3113 episeopus,
699 3049 823 3114 eumpse
835 3049 875 3092 ex
890 3031 1004 3094 iiiorma
1018 3031 1152 3096 maribus
1168 3031 1268 3116 eripit.
1394 3059 1397 3070 ·

110 3133 200 3196 Atiae
218 3131 323 3195 deiude
340 3151 406 3194 eum
426 3131 483 3194 iter
498 3139 633 3213 egentem
653 3130 860 3207 offendissent,
884 3132 927 3194 sio
944 3131 1022 3194 enim
1038 3133 1100 3216 ipse
1118 3133 1268 3212 narrabat,

111 3233 142 3296 in
158 3230 297 3320 Cydnum
320 3233 476 3310 abiiciunt,
511 3242 597 3314 atque
618 3229 699 3294 iilum
715 3232 822 3316 inipetu
842 3232 967 3298 fluminis
985 3233 1134 3318 abreptum
1156 3255 1191 3296 ιι
1212 3235 1268 3298 sub

108 3355 204 3419 aquas
222 3337 386 3400 mnemon
403 3333 525 3416 periisse
543 3331 597 3396 reti
616 3353 793 3418 magnopere
809 3334 903 3418 gavisi
922 3345 1001 3397 sunt.
1046 3331 1107 3398 Sed
1125 3334 1151 3397 is
1164 3354 1268 3398 serva·

110 3449 160 3502 tus
180 3449 283 3523 postea
305 3434 426 3498 coelesti
449 3434 596 3498 lavatione
612 3434 747 3516 dignatus
766 3445 822 3498 est.
868 3433 945 3498 Hine
962 3437 998 3498 ad
1016 3435 1183 3499 comitatum
1199 3457 1267 3522 pro-

108 3542 205 3604 iectos
223 3539 258 3602 ad
280 3533 466 3602 Constantini
484 3535 668 3618 imperatoris
683 3535 837 3598 amicitiam
853 3536 1004 3621 pervenit,
1028 3537 1113 3620 eique
1130 3537 1266 3621 quioquid

106 3641 163 3706 ott
181 3639 330 3703 resideret
348 3637 503 3722 exposuit,
534 3635 694 3720 prinoipem
714 3656 748 3700 se
766 3634 891 3701 induem
909 3639 987 3700 inter
1002 3637 1151 3722 dignitatis
1169 3639 1264 3705 ionum

107 3741 264 3818 ΙιιΙιιιίιιι,
288 3741 340 3804 sed
358 3741 419 3802 visa
435 3738 491 3802 sibi
510 3739 671 3822 frequentia
689 3737 828 3803 divinitus
844 3739 950 3817 obtata,
976 3739 1118 3802 invitante
1133 3741 1263 3823 domino,

106 3855 141 3906 at
160 3845 196 3906 ad
215 3843 281 3906 utet
299 3839 533 3927 cognitionisque
551 3859 622 3903 suae
640 3840 853 3906 onustissimum
874 3853 983 3904 sortem
1001 3863 1037 3904 ao
1053 3841 1175 3906 satutem
1194 3865 1262 3908 sesa

107 3945 296 4008 ιιιιιιῐιιιιῑ.
342 3945 383 4007 At
405 3941 531 4027 optimus
550 3941 727 4027 imperator,
758 3939 927 4025 Christique
950 3963 1055 4006 revera
1077 3961 1200 4023 servus,
1231 3955 1262 4009 et

106 4047 208 4110 divino
229 4046 352 4130 quodam
376 4046 454 4108 inter
478 4044 623 4129 prinsipes
648 4045 754 4106 ardore
776 4055 841 4128 post
861 4041 1020 4122 Davidem,
1053 4043 1212 4110 Ezeahium
1231 4057 1262 4110 et

105 4145 214 4212 lusiam
233 4157 389 4226 aestuans,
413 4147 468 4210 tuoe
485 4145 526 4211 iili
542 4145 689 4230 dignitatis
707 4146 883 4231 praemium,
907 4145 983 4230 quod
998 4147 1084 4232 paulo
1098 4158 1167 4212 aute
1182 4159 1261 4212 reta-
1288 4147 1291 4152 ’

137 4366 163 4420 ii.
184 4369 328 4420 onmium
347 4377 373 4416 et
389 4381 435 4435 per
449 4365 531 4434 tegens
547 4367 597 4418 hoo
613 4383 671 4418 oer-
737 4367 762 4416 5.
776 4361 955 4434 dpopaupdvru
965 4371 1009 4418 ood
1024 4370 1097 4418 Vetto
1118 4361 1261 4433 dpuopdveu

104 4447 190 4487 tamea
207 4437 314 4503 primum
331 4435 380 4502 ipsi
399 4435 510 4502 eontigit.
704 4435 760 4485 editt
775 4437 828 4484 titre·
843 4441 864 4484 et
880 4438 931 4486 eod.
945 4437 1042 4498 tttaeup.

137 4501 163 4555 4.
180 4502 219 4562 eiu
239 4505 292 4554 eod.
313 4507 387 4554 Votis.
410 4509 432 4553 et
454 4505 509 4554 inde
533 4505 570 4555 ee
586 4507 670 4555 Prtoo.
734 4501 762 4555 6.
779 4500 938 4568 dorpotmmo
953 4506 1005 4554 ond
1021 4505 1094 4554 vute.
1212 4547 1216 4555 .

100 4571 186 4640 peuri
204 4570 242 4632 εἰς
258 4573 312 4622 eod.
328 4571 426 4634 motu.
443 4577 465 4622 et
481 4573 536 4622 edit.
552 4575 628 4634 prino.

977 4653 1046 4719 17*
