3080 5002
377 235 521 290 eannulf
530 236 592 290 hta,
608 239 628 288 l.
646 237 729 292 ΤΟΜ.
741 239 785 290 lll.
803 237 902 290 flans.
915 239 1007 294 xhvt
1206 233 1265 296 'ill

68 441 69 446 ἵ
108 358 292 438 multantes,
321 381 388 436 eum
410 361 440 422 io
461 353 610 424 Christum
629 359 819 436 credidisset,
851 359 939 423 multa
962 359 1102 426 virtutum
1122 365 1269 428 exercita·

110 462 193 526 tione
208 462 380 546 perpolitus,
405 461 521 546 vitaque
535 462 570 524 ad
587 483 702 526 omnem
720 461 901 526 honestatem
916 462 1060 544 instituta,
1086 465 1201 530 taudem
1217 489 1269 552 pro

111 561 233 630 Christo
250 565 390 651 martyrio
408 565 577 650 perfunctus
593 564 833 649 perfectissimam
851 587 990 636 corona·
1006 568 1128 654 adeptus
1146 580 1193 632 est
1206 568 1268 634 llo·

109 687 190 746 mae,
214 667 267 732 suh
282 666 407 732 Rustico
424 668 584 753 praelecto,
609 667 741 730 Adriano
756 668 930 752 imperante,
954 668 1063 754 inipso
1079 671 1152 735 llore
1165 672 1269 737 iuren-

110 770 199 849 tulis,
223 791 301 834 anno
314 768 451 834 videlieet
467 769 573 834 aetatis
591 769 752 836 tricesimo.
797 768 874 834 Huic
889 791 954 834 cum
971 793 1004 836 sc
1022 771 1168 838 'Pedianus
1186 775 1269 838 initio

108 873 287 951 dedidisset,
312 873 447 958 quamdin
463 895 528 936 nuru
543 883 646 938 sacruto
662 884 792 958 martyre
810 873 902 953 vluit,
927 895 991 938 cunt
1010 877 1118 940 ceteris
1133 876 1163 939 in
1181 877 1269 947 rebus

110 975 319 1040 honestissime
338 997 371 1038 se
388 976 497 1059 gessit,
533 987 592 1040 tum
611 977 731 1059 egregia
749 976 804 1040 luit
820 999 854 1040 ac
870 977 1013 1041 constanti
1031 978 1087 1041 lide
1107 979 1267 1064 praeditus.

109 1076 173 1144 Sed
188 1077 238 1142 illo
254 1089 369 1142 mortuo
386 1078 505 1164 perinde
523 1099 559 1142 ac
573 1078 599 1142 si
616 1097 721 1142 caecus
736 1077 771 1141 ah
786 1079 880 1144 altero
897 1080 1036 1144 deductus
1052 1101 1068 1143 a
1083 1081 1204 1146 ductore
1219 1083 1270 1146 de·

110 1183 263 1260 stituutur,
281 1181 309 1245 iu
326 1201 465 1266 praeceps
479 1201 547 1246 sese
560 1180 745 1269 committens
762 1203 831 1266 prae
848 1183 990 1246 caecitate
1006 1183 1141 1248 deorsum
1156 1184 1194 1248 ita
1211 1186 1269 1248 ler-

109 1296 177 1364 tur‚
210 1295 241 1349 ut
259 1283 397 1348 cohihere
414 1285 527 1369 lapsum
546 1295 691 1368 nequeat,
724 1284 817 1348 donec
839 1284 1008 1350 inexilium
1032 1300 1114 1367 ruat,
1148 1286 1188 1350 ita
1207 1285 1270 1352 Ta-

109 1389 193 1452 tiano
207 1387 341 1471 contigit.
386 1385 462 1450 Erat
476 1387 540 1464 hic,
565 1387 805 1472 quemadmodum
822 1388 1000 1474 accepimns,
1024 1389 1143 1453 natione
1160 1387 1268 1476 Syrus.

110 1488 172 1572 Qui
196 1491 320 1575 primurn
342 1491 371 1554 io
387 1487 603 1574 Mesopotamia
624 1511 730 1554 noram
753 1501 865 1554 sectam
882 1492 1010 1555 condere
1028 1513 1187 1577 aggressus
1209 1505 1267 1572 est,

114 1595 196 1658 circa
222 1613 330 1657 anuum
353 1589 429 1656 Xll.
454 1591 597 1656 Antonini
619 1605 816 1676 cognomento
836 1591 895 1657 Pii.
947 1591 1062 1681 Quippe
1089 1606 1153 1679 post
1176 1597 1270 1660 sancti
1408 1667 1410 1674 ,

108 1694 219 1760 lustini
234 1695 405 1780 martyrium
419 1693 516 1758 llanta
533 1697 681 1780 proiectus
697 1695 726 1758 iu
744 1697 899 1776 orientem,
924 1709 955 1760 et
968 1697 1073 1761 ibidem
1091 1697 1225 1762 habitans
1240 1699 1270 1762 ia

109 1799 256 1864 absurdas
280 1797 434 1882 opiniones
459 1797 577 1876 incidit,
610 1819 644 1861 ac
663 1799 764 1862 nescio
786 1819 859 1883 quos
878 1801 998 1864 Aeonas
1019 1821 1036 1864 e
1054 1798 1270 1866 Valentinianis

109 1902 229 1979 fabulis,
255 1913 285 1965 et
300 1899 441 1986 principia
458 1901 599 1985 quaedam
616 1923 652 1964 ae
667 1902 893 1987 propagationes
910 1913 1091 1967 commentus
1106 1915 1163 1968 est.
1209 1902 1271 1971 Sed

108 2005 272 2072 Antiochia
289 2003 480 2089 praesertim,
504 2025 579 2088 qnae
595 2005 631 2066 ad
649 2002 791 2089 Daphnen
810 2015 866 2085 est,
892 2005 968 2069 illius
986 2007 1091 2090 dogma
1107 2005 1269 2070 derivatum

108 2110 142 2174 iu
158 2103 264 2174 Cilicia
278 2129 312 2170 ac
325 2104 434 2170 Pisidia
450 2106 617 2190 cumprimis
632 2106 751 2170 coaluit.
789 2106 867 2172 llinc
882 2108 959 2171 eninr
974 2105 1191 2174 Encratitarum
1206 2121 1271 2175 orta

109 2211 265 2275 successio
286 2221 349 2290 est,
382 2209 486 2294 quibus
509 2229 653 2274 uenenum
672 2209 741 2273 illud
763 2231 927 2296 aspersum.
971 2208 1086 2274 Ferunt
1107 2233 1180 2298 opus
1201 2212 1270 2277 illud

110 2316 191 2401 qnod
209 2335 250 2378 es
266 2310 311 2378 lv
328 2313 491 2397 euangeliis
509 2321 680 2376 contextum
699 2323 762 2393 est,
786 2313 921 2398 quodque
939 2315 1098 2378 secuudum
1118 2313 1271 2380 Hebraeos

111 2416 248 2484 nouuulli
271 2427 394 2495 vocant,
419 2414 455 2479 alt
478 2435 514 2478 eo
536 2435 603 2478 esse
626 2415 834 2500 conscriptum.

199 2723 340 2794 Ceterum
355 2725 457 2790 eedem
475 2727 537 2790 lere
552 2745 618 2788 cam
631 2723 759 2809 antiquis
774 2725 944 2794 haeresibus
962 2725 1102 2789 deleudit.
1148 2727 1194 2792 Ac
1211 2728 1270 2815 pri·
1289 2748 1349 2816 cap.
1363 2748 1396 2799 tt.

110 2853 192 2897 mum
208 2831 456 2912 Adamum'negnt
473 2849 539 2892 esse
555 2828 679 2892 saluum.
716 2825 831 2891 Deinde
848 2829 1056 2892 conducentium
1072 2830 1270 2916 caelibemque

110 2935 203 2998 vitam
229 2933 387 3018 praedicat.
436 2929 563 3018 Nuptias
588 2930 760 2994 adulterium
783 2951 850 2994 esse
875 2952 986 2994 merum
1015 2953 1049 2994 ac
1076 2935 1269 3019 corruptelam

110 3038 283 3114 existimat,
315 3055 370 3099 nec
388 3034 425 3098 ab
442 3034 493 3098 illo
511 3034 678 3120 discrepare
697 3033 830 3119 penitus,
863 3036 915 3098 sed
933 3034 1009 3098 ideur
1033 3047 1063 3098 et
1080 3057 1168 3100 utrum
1189 3057 1268 3100 esse.

111 3139 182 3224 Qua
198 3139 313 3224 quidem
330 3136 530 3202 continentiae
544 3158 579 3200 an
596 3137 750 3222 pudicitiae
768 3137 886 3222 specie,
913 3137 993 3201 uelut
1009 3137 1148 3200 illecebra
1166 3159 1272 3224 propo-

111 3247 188 3321 sita,
214 3243 301 3306 homo
316 3241 399 3304 valor
415 3239 563 3325 obrepsit,
588 3250 733 3324 tamquam
750 3259 842 3324 rapax
859 3239 973 3323 qnidam
990 3239 1072 3324 lupus
1088 3240 1193 3325 pellem
1207 3241 1272 3304 oris

112 3347 252 3424 induens,
277 3364 372 3428 ecque
385 3343 482 3422 ¹cultu,
506 3343 640 3427 quemad
656 3352 770 3426 tempos
785 3352 973 3426 susceperat,
998 3340 1123 3406 miseros
1139 3342 1272 3408 homiues

111 3451 144 3514 in
166 3448 299 3514 mandem
323 3445 484 3531 pelliciens.
530 3443 674 3508 Similiter
695 3455 725 3507 et
744 3447 886 3530 mysteria
904 3447 1046 3530 quaedum
1069 3445 1105 3509 ad
1126 3445 1270 3510 ecelesiae

111 3561 236 3618 sauctae
254 3548 446 3617 imitationem
466 3547 608 3623 instituit,
642 3548 695 3610 sed
716 3545 752 3610 ad
775 3567 811 3610 ea
829 3559 925 3612 museo
944 3547 1014 3611 nihil
1031 3559 1149 3634 praeter
1167 3570 1270 3633 aquarn

113 3653 255 3723 adbfiuit.
301 3649 414 3715 Verum
427 3671 464 3714 ne
477 3650 526 3714 ille
542 3648 656 3735 quidem
673 3649 781 3734 poterit
793 3649 906 3714 ratione
921 3651 978 3715 ulla
992 3653 1169 3730 corrsistere‚
1188 3651 1271 3718 cuius

114 3771 172 3823 tam
192 3755 366 3822 imbecillum
382 3753 559 3837 minimeque
576 3753 741 3816 cohaerens
757 3765 804 3816 est
819 3753 934 3837 dogma.
981 3753 1027 3820 Ae
1045 3755 1100 3818 nisi
1117 3755 1201 3819 lallor
1217 3755 1271 3818 hnc
1323 3765 1328 3784 ¹

113 3873 246 3947 tempore
270 3879 334 3923 cum
357 3857 435 3921 omni
457 3856 558 3922 schola
579 3877 632 3920 sua
655 3856 803 3920 extinctus
825 3855 987 3920 intercidit.
1033 3855 1109 3940 Quid
1135 3857 1211 3922 euim
1234 3859 1270 3920 ad

113 3966 195 4030 illum
211 3963 394 4027 salutandum
411 3960 509 4024 allerri
529 3981 587 4024 uon
602 3961 719 4046 potest?
762 3957 821 4024 Sed
839 3957 907 4023 illud
924 3959 1004 4023 valet
1020 3959 1171 4045 inprimis,
1197 3961 1272 4044 quod

115 4045 386 4134 adversus'similes
403 4064 542 4127 haereses
557 4075 644 4126 antea
659 4063 874 4149 proposuimus,
899 4062 961 4126 lieri
977 4063 1096 4126 omnino
1112 4083 1168 4126 non
1186 4083 1272 4148 posse

114 4172 199 4256 plura
222 4175 262 4234 ut'
272 4165 420 4252 Principia
443 4164 502 4228 sint
522 4186 624 4231 eorum
644 4187 717 4250 quae
737 4166 926 4230 successione
946 4177 1137 4249 generantur.
1182 4162 1272 4229 Plura

117 4275 259 4359 siquidem
273 4272 323 4336 illa
336 4281 366 4334 et
378 4289 466 4334 unum
482 4267 518 4332 ab
534 4290 591 4332 uno
607 4269 737 4353 prolecta
751 4269 787 4332 ah
801 4289 860 4332 uua
875 4269 1002 4332 omnium
1018 4290 1122 4334 caussa
1137 4289 1273 4333 manasse

149 4423 173 4479 l.
192 4423 336 4493 εὐαγγέλιον
352 4425 480 4475 emendatio
495 4428 528 4474 est
542 4426 586 4476 les.
600 4426 677 4476 scott-
746 4424 804 4478 Cur.
820 4425 854 4475 Il.
870 4453 903 4464 -
924 4425 947 4474 l.
964 4427 1060 4476 correct
1074 4425 1170 4476 πασῶν.
1202 4427 1273 4474 Peto·

116 4499 172 4560 pot
206 4499 273 4546 Lthrt
289 4497 373 4556 hohesta
390 4486 550 4560 adnascitur.
710 4495 763 4544 mus
776 4496 850 4548 uotult
865 4489 971 4548 immun.
1005 4495 1070 4546 utta
1083 4491 1274 4546 concatenatas.
