3072 4986
318 282 453 334 rsuram
472 283 549 334 inv.
565 255 734 336 uanaesbs
751 284 814 336 urs.
831 286 849 336 1.
868 286 949 338 roa.
963 289 983 338 r.
1189 278 1230 338 65

56 402 105 486 qui
124 400 203 464 istic
220 409 293 464 onte
312 421 346 465 sc
359 401 535 469 domicilium
552 403 788 483 collocaverant,
813 404 860 488 qui
881 406 996 470 tandem
1014 426 1031 468 a
1047 407 1174 470 iecorum
1196 408 1227 472 vi

56 517 85 565 et
104 501 300 566 immanitate
315 523 437 568 servare
453 524 520 568 sese
537 504 713 590 potuissent.
760 502 875 588 Quibus
895 507 1001 570 auditis
1023 529 1078 572 rex
1097 510 1224 572 accersi·

56 606 92 666 tis
109 604 293 668 senioribus
317 605 496 688 interrogat,
529 627 672 691 quaenam
697 607 754 670 iilis
775 606 806 670 in
824 605 932 672 iudaea
953 609 1030 672 vitae
1047 611 1140 690 ratio,
1163 621 1224 676 tum

56 709 212 790 quomodo
235 705 267 768 in
290 716 369 770 taum
389 707 549 770 bestiarum
570 708 739 772 incursione
758 709 903 792 tantisque
919 709 1048 794 regionis
1063 712 1224 776 incommo-

56 810 98 870 dis
117 810 245 871 iliarum
266 808 405 871 laniatum
421 830 456 872 ac
477 810 620 874 feritatem
641 809 827 894 effugissent.
874 808 918 874 liii
937 813 1112 878 constitutas
1130 836 1147 878 a
1165 815 1222 880 deo

54 909 109 972 sibi
135 911 227 993 leges
252 909 469 988 demonstrant,
502 911 717 996 prudenterque
743 912 819 996 quod
847 923 910 975 erat
936 914 1042 976 rationi
1066 929 1222 980 consenta-

54 1033 144 1076 neum
167 1011 357 1095 significant,
381 1011 487 1076 nuliam
510 1012 547 1075 iis
567 1012 597 1075 in
614 1013 686 1078 locis
707 1013 853 1076 nationem
873 1036 960 1099 posse
977 1016 1141 1084 consistere
1164 1018 1221 1082 nisi

54 1114 203 1177 diuinitus
220 1113 336 1176 traditis
351 1134 404 1200 per
420 1112 547 1199 Moysen
562 1115 674 1200 iegibus
690 1115 916 1197 obtemperaret,
937 1117 1023 1180 deum
1039 1119 1143 1202 quippe
1161 1130 1220 1182 ter·

54 1237 105 1278 rae
126 1215 299 1300 praesidem
316 1237 350 1279 ac
367 1227 563 1301 protectorem
586 1237 669 1294 esse,
694 1217 869 1302 minimeque
889 1217 949 1302 pati
965 1218 1001 1280 ab
1019 1220 1152 1282 externis
1169 1242 1220 1306 pc-

54 1317 130 1400 puiis
147 1337 205 1402 per
223 1317 446 1380 simulacrorum
463 1316 569 1380 cultum
589 1317 718 1402 aliasque
736 1319 962 1402 superstitiones
984 1319 1137 1403 quicquam
1159 1320 1218 1384 illic

55 1429 162 1482 eontm
185 1417 320 1482 instituta
341 1417 493 1482 committi.
533 1417 617 1502 Quae
636 1421 732 1482 omnia
751 1417 1028 1484 Nabuchodonosor
1045 1422 1218 1505 negligenda

56 1521 178 1584 minime
199 1531 301 1597 ratus,
330 1521 466 1585 sincerae
488 1521 603 1584 illorum
629 1521 753 1584 orationi
777 1522 860 1584 iidem
878 1524 1118 1600 accommodans,
1142 1523 1217 1608 legis

55 1623 226 1706 exemplum
249 1622 391 1707 poposcit.
438 1619 531 1686 Cuius
556 1643 620 1686 cnm
646 1621 689 1684 iili
706 1622 817 1708 copiam
843 1623 957 1688 abunde
978 1625 1135 1702 iecissent,
1160 1623 1217 1690 Es·

56 1723 134 1786 dram
155 1726 306 1807 quendam
321 1724 505 1788 sacerdotem
522 1723 654 1808 legisque
672 1723 820 1786 doctorem
837 1721 991 1809 Babylone
1008 1747 1072 1789 cum
1087 1726 1136 1790 iila
1153 1726 1217 1812 ipsa

56 1823 118 1908 iege
136 1827 310 1906 destinant,
333 1836 366 1889 nt
383 1825 527 1911 Assyrios
545 1826 593 1909 qui
609 1823 773 1890 Samariam
790 1826 976 1905 incolebant,
999 1827 1055 1891 boc
1074 1839 1121 1892 est
1135 1823 1216 1892 Chu-

56 1926 179 2006 tbaeos,
211 1928 345 2010 aliosque
368 1948 456 2012 supra
484 1936 728 1990 commemoratos
750 1927 889 2012 populos,
924 1923 1067 1992 Mosaicis
1090 1929 1216 1994 decretis

57 2029 239 2092 imbuerent.
285 2029 403 2093 Accidit
427 2029 482 2092 boe
502 2029 649 2092 tricesimo
673 2029 737 2114 plus
756 2030 851 2092 minus
877 2049 971 2108 anno,
1004 2051 1089 2114 quam
1113 2027 1215 2095 iudaei

56 2149 93 2192 ex
107 2128 225 2194 bracle
245 2153 279 2194 ac
296 2130 511 2216 Hierosolymis
528 2130 670 2214 deportati
690 2129 825 2194 inissent.
866 2127 960 2214 igitur
975 2129 1099 2210 Esdras,
1120 2143 1150 2196 et
1165 2132 1214 2217 qui

57 2253 118 2294 com
135 2254 177 2295 eo
193 2233 321 2316 proiecti
339 2243 425 2312 sunt,
451 2231 653 2296 Samaritanae
676 2231 806 2313 regionis
826 2231 938 2295 incolas
954 2234 1107 2311 erudiant,
1131 2232 1214 2298 inde·

56 2355 108 2418 qne
123 2331 300 2398 Samaritae
317 2335 398 2414 dicti,
422 2335 470 2420 qni
487 2335 523 2398 ab
540 2333 648 2411 Esdra,
673 2355 756 2418 quem
771 2353 828 2398 rex
845 2331 999 2421 Babylone
1016 2335 1146 2411 miserat,
1170 2333 1213 2396 le-

55 2458 117 2518 gem
133 2448 331 2522 aeceperunt.
377 2435 451 2500 Post
470 2438 542 2501 haec
559 2435 624 2500 aliis
642 2432 701 2498 XL
718 2437 803 2499 annis
821 2435 941 2519 elapsis,
964 2435 1106 2500 dissoluta
1121 2436 1213 2521 capti·

55 2539 143 2602 vitate
167 2537 326 2604 israelitae
348 2537 378 2604 in
402 2539 522 2624 patriam
547 2537 661 2604 reversi
682 2547 762 2601 snut.

144 2739 225 2806 iilud
263 2763 335 2807 vero
369 2742 562 2806 admiratione
595 2740 664 2805 mibi
701 2741 819 2824 dignum
850 2742 984 2822 videtur,
1025 2741 1211 2825 quemadmo·
1229 2741 1362 2813 Gapvur.

56 2846 117 2908 dnm
142 2867 199 2931 pro
220 2841 265 2908 Ν
289 2845 400 2908 iliarum
424 2844 553 2928 gentium
578 2863 699 2906 numero
726 2843 844 2906 totidem
866 2843 896 2907 in
924 2865 960 2907 eo
983 2845 1090 2928 populo
1112 2855 1212 2910 sectae

57 2949 214 3011 coluerint.
261 2941 392 3027 Quarum
420 2946 512 3030 prima
535 2956 580 3008 est
596 2943 800 3024 Esseoornm,
830 2943 869 3008 li.
890 2943 1127 3025 Gorthenorum,
1150 2943 1209 3012 ill.

55 3045 279 3125 schaccorum,
311 3045 367 3111 IV.
388 3045 609 3110 Dositheornm.
666 3043 815 3110 licuerit
843 3047 985 3133 propositi
1012 3048 1096 3110 uobis
1122 3069 1211 3133 argn-

54 3152 141 3213 meuti
159 3150 349 3234 susceptique
365 3150 507 3211 adversus
525 3149 664 3212 haereses
682 3148 780 3232 aperis
796 3148 923 3224 initium,
947 3170 982 3213 ac
999 3150 1121 3233 primum
1136 3150 1209 3213 mul-

56 3252 193 3336 tiplicium
210 3251 325 3314 iliorum
347 3272 479 3313 errorum
496 3249 639 3334 originem
658 3249 777 3334 paucis,
802 3249 853 3313 sed
870 3250 1024 3335 perspicue
1041 3250 1206 3314 declarabo.

55 3351 208 3435 Quaenam
230 3373 303 3414 vero
324 3353 439 3414 tandem
462 3351 518 3416 alia
538 3371 605 3416 esse
624 3362 719 3436 potest
741 3351 798 3415 nisi
821 3352 895 3436 quod
914 3352 1077 3436 linguarum
1098 3371 1136 3414 ex
1158 3350 1209 3413 iiia

53 3461 197 3520 varietate
217 3454 369 3518 nationum
392 3465 459 3518 suut
483 3455 559 3516 iacta
578 3452 718 3516 dissidia?
749 3453 881 3537 singulae
904 3474 992 3536 porro
1017 3451 1209 3514 nationesne

55 3559 179 3622 lumiliae
194 3557 295 3620 varias
311 3557 341 3618 iu
358 3567 462 3640 gentes
478 3565 656 3641 propagatae
672 3556 762 3618 suut‘i
784 3575 904 3640 quarum
919 3571 1110 3637 unaquaeque
1126 3551 1208 3616 dein-

53 3680 120 3743 ceps
144 3681 232 3722 sunm
260 3657 316 3721 sibi
342 3677 439 3741 regem
469 3657 630 3720 constituit.
675 3653 726 3718 Ex
753 3677 809 3738 qno
835 3655 910 3719 belia
931 3653 1151 3736 discordiaeque
1173 3674 1208 3718 ac

54 3762 181 3842 gentium
198 3761 280 3823 inter
298 3779 332 3822 se
353 3759 505 3822 couiiictus
524 3757 621 3820 exorti
642 3779 706 3819 cum
724 3758 751 3819 id
770 3758 891 3840 quisquc
909 3755 984 3838 quod
1002 3753 1133 3818 libuisset
1155 3755 1207 3818 ob·

55 3864 148 3926 dcere
168 3872 310 3946 cuperet,
335 3871 365 3924 et
383 3880 457 3944 quae
472 3860 594 3922 aliorum
614 3869 699 3921 erant
716 3859 751 3921 ad
768 3878 835 3922 sese
854 3857 1052 3941 pertraheret,
1076 3856 1105 3920 id
1128 3857 1205 3941 qnod

56 3963 86 4024 ab
102 3963 265 4026 insatiabili
283 3965 405 4048 quadam
420 3961 508 4024 insita
533 3959 636 4044 generi
660 3970 762 4023 nostro
780 3958 936 4043 cupiditate
960 3960 1122 4043 proiectum
1145 3968 1202 4022 est.

58 4060 103 4128 Sic
117 4066 213 4152 igitar
229 4087 294 4129 cnm
311 4085 370 4128 una
383 4075 470 4148 atque
484 4061 610 4148 simplea
626 4059 824 4125 israelitarum
841 4057 945 4142 religio
962 4079 1122 4146 sacraeque
1139 4059 1205 4123 iite-

88 4321 143 4371 Cur.
160 4321 231 4371 vttt.
249 4346 281 4357 -
318 4319 340 4371 1.
357 4319 394 4370 tto
411 4319 576 4382 tadilbtdip,
593 4321 614 4367 et
681 4309 1046 4396 Z'btucutpricmooddtbedtp.
1066 4315 1138 4378 l'olpc
1149 4315 1203 4365 dta-

59 4389 124 4440 εᾱω
139 4393 199 4440 aaa
215 4394 320 4467 umque.
648 4397 781 4450 σαφησων.

101 4471 190 4526 &rpus
205 4467 336 4514 flauuiol.
350 4469 380 4512 ii·
968 4473 987 4532 5
