3072 4986
302 335 438 388 cunano
456 335 533 389 sor.
549 335 717 389 ussussus
734 339 798 390 ura.
810 341 829 392 1.
848 341 929 392 rom.
945 343 965 392 ι.
1167 329 1207 396 69

57 455 100 539 gia
121 463 197 518 suut
221 473 363 540 aspersa,
393 454 433 518 ita
460 466 557 519 omen
577 467 609 518 ut
629 476 810 542 nequaquam
835 458 987 544 perspicue
1009 461 1204 546 praedicetur.

57 559 99 620 st
114 557 193 620 haec
209 555 245 620 de
263 557 350 620 unico
366 557 412 620 dei
428 557 487 621 lilio
501 556 609 621 iniecta
626 557 735 622 mentio
751 570 809 637 est,
823 560 950 644 itemque
964 561 1082 648 spiritus
1097 565 1204 650 sancti,

56 681 87 723 se
106 661 145 724 de
167 659 314 722 idolorum
331 660 527 723 damnatione.
574 657 709 723 Tametsi
728 659 835 726 clarius
849 660 880 724 iu
895 663 939 726 his
956 664 1001 727 dei
1019 665 1205 750 singularitas

57 762 238 840 adstruitur,
270 761 299 824 in
324 781 378 845 qua
398 770 494 824 lamen
521 761 711 846 spiritualiter
734 783 847 847 qnoque
864 763 979 829 trinitas
996 767 1205 851 comprehensa

58 866 104 927 rit.
153 863 196 926 At
218 863 259 926 illi
283 873 403 948 accepta
426 863 493 946 lege
515 861 570 927 lroc
591 883 678 927 unum
698 865 888 944 studuerunt,
912 876 944 929 ut
961 865 1103 932 idolorum
1120 889 1206 956 repu-

58 967 132 1029 diata
152 965 367 1051 superstitione
383 985 472 1029 uuum
491 965 575 1029 deum
590 977 796 1049 agnoscerent.
827 963 934 1052 Neque
947 969 1111 1034 accuratius
1125 972 1206 1054 quic·

57 1089 141 1150 qua·
158 1067 321 1151 exquirere
339 1066 506 1132 voluerunt.
549 1065 642 1132 lidem
661 1087 733 1132 voro
749 1067 781 1131 iu
798 1089 928 1133 emonem
944 1069 1087 1155 prolapsi,
1112 1091 1207 1156 neque

57 1190 161 1234 omues
188 1167 257 1232 lidei
282 1179 402 1233 nostrae
427 1180 526 1254 partes
549 1179 600 1232 aut
626 1169 771 1254 integram
798 1170 887 1234 vitam
911 1182 1016 1236 exacta
1046 1173 1203 1256 complexi,

56 1283 241 1334 namuurum
257 1271 503 1335 resurrectionem
518 1271 671 1356 ignorant,
696 1293 751 1335 neo
765 1271 829 1335 lieri
842 1291 930 1357 posse
947 1283 1058 1358 putent.
1093 1269 1207 1336 Deinde

58 1373 189 1458 spiritum
210 1383 348 1437 sanctum
365 1373 518 1450 relidunt,
550 1393 635 1458 qoem
658 1373 758 1458 utique
777 1373 922 1438 nesciunt.
967 1371 1028 1439 Sed
1050 1374 1119 1438 illud
1140 1374 1207 1438 huic

59 1476 173 1540 haeresi
192 1475 337 1559 contigit,
361 1486 392 1538 ut
413 1476 480 1540 dum
497 1487 677 1539 mortuorum
698 1476 943 1540 resurrectionem
960 1476 1121 1561 improbat,
1143 1478 1207 1540 ido·

59 1577 263 1661 lolatriamque
283 1578 411 1662 respuit,
442 1578 472 1641 in
493 1599 557 1642 earn
584 1576 751 1663 imprudens
774 1576 926 1658 inciderit,
957 1577 1033 1663 qnod
1058 1577 1206 1642 nationum

60 1690 184 1762 quatuor
200 1679 409 1768 simulacraqiu
425 1690 524 1743 moute
544 1680 667 1764 quodam
685 1680 827 1744 occultnta
845 1689 929 1758 suut,
958 1680 1005 1765 qui
1022 1679 1058 1744 ab
1075 1679 1132 1744 illis
1146 1677 1207 1744 Ga·

60 1781 131 1843 riain
150 1781 354 1844 fraudulenter
370 1781 590 1865 cognominatus
610 1793 667 1846 est.
713 1779 791 1846 Nam
807 1781 831 1843 si
845 1781 910 1865 quis
923 1781 959 1845 de
974 1793 1072 1845 monte
1085 1779 1207 1846 Gariziu

60 1883 206 1967 explorati
235 1882 341 1966 aliquid
368 1881 476 1945 habere
499 1881 586 1961 velit,
615 1883 764 1948 sciendum
789 1893 836 1946 est
855 1883 891 1946 nd
916 1879 1111 1948 lerinhnutem
1135 1883 1208 1948 duos

61 2005 123 2048 esse
145 1995 284 2062 montes,
317 1982 441 2048 Garizin
458 2003 493 2048 ao
513 1981 624 2063 Gelani,
655 1985 730 2048 ultra
745 1983 916 2065 lordauem,
947 1985 995 2070 qui
1014 1982 1208 2050 leriohuutem

61 2087 93 2147 al
113 2087 236 2149 oriente
258 2086 436 2170 respiciunt,
460 2096 492 2150 ut
507 2087 536 2149 in
554 2083 784 2152 Deuteronomio
800 2099 831 2152 et
849 2086 923 2150 libro
944 2084 1013 2152 lesu
1029 2085 1116 2153 Nave
1134 2082 1356 2195 scri-2⁸⁰⁰&

61 2199 135 2270 ptam
151 2199 213 2252 est.
249 2185 452 2273 lmprudeutes
470 2210 541 2273 crgo
557 2188 712 2252 simulacra
732 2199 922 2268 venerantur,
945 2208 1010 2253 oum
1027 2189 1105 2253 iuter
1120 2211 1208 2254 orau-
1234 2151 1317 2206 ’Μ

63 2291 124 2354 lara
144 2290 277 2374 undique
296 2311 329 2354 se
348 2291 385 2353 ad
408 2301 535 2354 montem
559 2290 639 2355 velut
661 2299 793 2354 sanctum
817 2290 983 2355 obvertunt.
1028 2287 1110 2355 Fieri
1131 2291 1208 2357 enim

64 2413 116 2455 son
141 2402 246 2478 potest
268 2402 299 2454 ut
324 2393 468 2482 scriptura
491 2393 618 2456 mendax
636 2393 697 2473 sit,
717 2411 792 2477 qnae
811 2392 898 2456 dicite
932 2395 1101 2456 dicesserunt
1120 2397 1207 2473 legera
1233 2353 1318 2476 iffa}

64 2507 222 2569 mla,
247 2507 278 2556 et
292 2499 441 2557 odorantes
457 2497 610 2558 adnulacra
625 2517 694 2570 saa,
719 2517 805 2577 nsque
824 2499 863 2557 od
877 2507 1051 2575 praesentent
1066 2497 1154 2571 dt'cnq·
1178 2503 1210 2558 ιιι

66 2594 158 2660 ΗΥ
180 2595 355 2681 Regnorum
379 2595 453 2660 libro
476 2597 618 2682 proditum
642 2607 698 2661 est.

142 2696 235 2782 Quod
261 2719 333 2760 vero
356 2699 392 2761 ad
411 2710 590 2763 mortuorum
608 2697 854 2762 resurrectionem
874 2698 994 2779 attinet,
1018 2699 1139 2784 primum
1158 2718 1208 2762 eo·
1228 2711 1342 2778 capttt.

67 2819 122 2862 run
144 2819 236 2863 maor·
259 2819 300 2863 ex
316 2800 420 2864 Abelis
438 2799 561 2864 historia
578 2801 738 2879 refellitur,
762 2801 845 2866 cuiue
863 2801 982 2885 sanguis
1000 2801 1047 2866 vel
1068 2811 1134 2887 post
1149 2799 1212 2864 olri-
1224 2811 1282 2857 oce
1294 2811 1315 2867 t
1328 2811 1359 2854 ¹²

69 2911 118 2964 tam
148 2923 218 2964 cum
246 2901 363 2964 domiuo
389 2902 551 2966 collocutus
580 2913 638 2966 est.
682 2901 773 2986 Atqui
797 2903 917 2986 sanguis
945 2904 1041 2968 anima
1067 2925 1126 2966 nou
1153 2912 1211 2981 est,

69 3005 112 3066 red
138 3003 224 3066 inest
248 3023 284 3066 ea
309 3003 339 3065 in
368 3005 522 3088 sanguiue.
567 3001 675 3088 Neque
700 3025 773 3068 vero
798 3005 890 3084 dixit,
924 3011 1030 3068 Animo
1053 3007 1131 3066 illene
1154 3008 1213 3066 olo-

69 3119 118 3167 ut
130 3109 174 3168 ad
188 3128 251 3180 rne‚·
277 3116 309 3168 ιιι
324 3127 404 3191 spem
421 3127 488 3170 esse
504 3125 658 3191 corporum
676 3106 901 3170 resurrectionis
916 3108 1096 3170 ostenderet.
1129 3105 1214 3169 Adde

71 3209 138 3290 qood
156 3205 266 3287 Enoch
291 3227 328 3271 ue
352 3219 473 3272 mortem
498 3207 594 3271 obiret
615 3207 771 3272 translatus
794 3219 857 3289 est,
889 3227 943 3272 neo
962 3218 1063 3292 postca
1081 3213 1363 3291 espencaeum.

71 3322 120 3372 est.
167 3308 248 3393 Quid
266 3311 342 3394 quod
369 3320 399 3373 ct
416 3308 507 3374 Sarra
534 3310 562 3374 id
581 3311 674 3394 ipsum
701 3310 898 3390 demonstrat,
932 3310 998 3374 dum
1023 3309 1130 3372 edocto
1157 3307 1214 3369 iam

71 3423 146 3475 atero
168 3411 378 3497 supressisqoc
402 3411 559 3476 menstruis
577 3411 734 3496 genitalem
755 3412 814 3474 vim
839 3412 934 3474 denuo
957 3411 992 3473 ad
1016 3405 1215 3494 proseminan·
1227 3417 1284 3462 θυι·
1292 3417 1323 3474 ¹⁸,
1331 3417 1363 3464 ¹¹·

73 3513 131 3578 mm
143 3514 266 3600 accipit,
280 3535 316 3576 ac
330 3513 415 3576 senio
432 3517 564 3577 coniecta
580 3511 667 3576 lilium
685 3512 871 3576 nihilomiuus
889 3533 927 3576 ex
941 3508 1134 3596 promissione
1148 3529 1214 3593 par·
1225 3519 1364 3576 osanne

73 3619 153 3696 terit,
179 3617 216 3680 nlr
236 3635 318 3701 spem
334 3626 475 3680 venturae
495 3615 650 3699 aliquando
668 3615 912 3678 resurrectionis?
944 3609 1112 3695 Quinetiam
1129 3607 1215 3675 lacob

75 3717 131 3780 lu
148 3719 188 3781 de
206 3720 271 3783 suis
287 3716 403 3781 ossibus
422 3727 468 3781 est
484 3717 645 3795 sollicitus,
677 3737 734 3778 non
751 3716 849 3800 utique
866 3717 902 3778 de
917 3714 962 3778 his
982 3725 1116 3797 tanquam
1138 3714 1214 3800 peri·
1226 3723 1364 3781 nomm.

77 3819 139 3883 his
155 3821 293 3884 mandata
308 3819 370 3884 suis
388 3819 514 3904 reliquit.
549 3817 635 3902 Quod
652 3817 745 3902 ipsum
763 3815 903 3901 loseplms
918 3823 1019 3898 postea
1034 3815 1214 3899 praecipiens
1227 3823 1365 3880 oon-⁶⁸&

80 3921 295 3985 mreetismis
312 3919 439 4005 speciem
456 3920 648 3987 adumbravit.
694 3919 778 3983 noas
793 3915 970 3981 Aaroulcam
988 3917 1117 4002 virgam,
1140 3935 1216 4001 qnae

81 4025 196 4087 mlaeta
218 4022 394 4108 germinavit
420 4024 588 4107 fructusque
612 4021 748 4108 protulit,
779 4030 811 4084 ut
833 4029 965 4084 emortua
981 4019 1128 4083 hominnm
1146 4039 1212 4081 cor·
1226 4027 1362 4084 dnn-tm

84 4141 141 4202 tora
162 4127 197 4190 ad
216 4123 298 4189 ritae
314 4146 393 4211 spem
412 4127 571 4190 excitanda
590 4133 784 4202 monstraret3
817 4120 846 4183 id
865 4120 941 4184 enim
965 4121 1001 4186 ad
1028 4119 1216 4184 astruendam

85 4228 317 4292 ttearrectiouem
339 4227 488 4312 pertinuit.
534 4225 593 4292 Sed
619 4236 648 4290 et
671 4219 766 4288 Musis
787 4223 871 4306 virga
894 4223 989 4307 lignea
1014 4223 1140 4288 animata
1168 4219 1214 4282 dei
1228 4233 1297 4279 mac
1311 4232 1364 4290 aa.

87 4407 138 4472 ὅ),
157 4417 231 4466 ded.
248 4417 326 4476 prmo.
361 4413 388 4464 ln
403 4415 459 4463 adit.
477 4415 558 4464 Petne.
574 4416 630 4476 tept-
697 4409 721 4460 ¹2.
738 4406 883 4480 πρεσβύτης
893 4411 945 4462 cod.
953 4409 1217 4473 nortmanniae.

88 4478 175 4544 *sps
191 4489 212 4533 d
227 4497 253 4532 n
266 4495 346 4544 my·
372 4480 505 4540 achilam
515 4477 628 4546 πηγὴν...
661 4479 776 4530 mildo&-

89 4541 179 4609 &W
193 4564 313 4610 men,
332 4562 362 4599 ne
379 4551 506 4612 suspicata
522 4562 627 4599 acumen.
