3096 4988
335 313 467 363 rnnaan
486 309 546 363 urs.
562 313 581 364 t.
600 310 679 365 ron.
695 313 724 364 n.
743 312 838 364 unna.
855 313 954 364 xxxi.
1157 303 1216 366 :ter

72 433 145 496 lecta
168 431 243 518 stipe
265 430 387 496 molitio.
433 431 517 516 Quae
535 434 648 512 omnia,
681 455 733 518 pro
753 454 789 497 eo
807 435 882 518 quod
899 455 955 498 non
975 455 1076 498 omnes
1095 435 1130 498 ad
1151 455 1215 500 eam

74 533 269 619 cognitionem
286 535 383 599 idonei
401 535 512 614 dorent,
543 557 600 599 raon
619 545 718 622 aperte
736 535 911 621 signilicata,
936 537 987 600 sed
1004 537 1127 601 obscure
1143 538 1215 602 dun·

73 649 151 702 taxat
169 659 204 701 ac
223 659 276 723 per
292 639 455 723 aenigmata
476 639 512 702 iis
530 640 577 724 qui
596 638 758 722 intelligere
775 649 896 724 possent
913 661 929 702 a
946 635 1100 704 Salvatore
1116 641 1213 704 adum-

72 739 152 805 brata
175 740 360 828 praedicant,
395 742 430 805 ad
454 763 519 805 eum
541 741 678 805 uidelicet
696 741 825 813 modum,
867 737 995 806 Primum
1014 742 1132 827 triginta
1150 745 1215 807 illos

71 843 192 908 Aeones
209 845 340 923 totidem,
365 855 396 907 nt
411 844 549 922 diximus,
575 865 715 908 aranorura
732 844 852 908 indioari
869 865 1001 923 numero,
1027 845 1129 929 quibus
1145 845 1215 908 nihil

71 947 161 1030 palam
180 957 293 1030 gestum
311 967 327 1010 a
344 945 499 1011 Salvatore
516 948 631 1026 dicunt,
662 946 692 1010 iu
708 947 864 1010 vinitorum
883 947 1018 1032 parabola
1034 949 1214 1012 demonstra·
1227 965 1351 1011 mauman.
1423 957 1426 972 ¹

71 1060 141 1113 tum.
184 1047 297 1113 Deinde
313 1045 435 1113 Paulum
452 1049 634 1135 apertissime
649 1050 766 1114 eosdem
780 1049 845 1113 illos
861 1053 993 1128 Aeones,
1012 1071 1047 1114 ae
1062 1071 1213 1136 persaepe,

70 1151 249 1232 nominasse,
269 1163 355 1240 atque
371 1152 516 1216 bisetium
532 1153 629 1216 verbis
644 1173 743 1216 eorum
760 1152 889 1216 ordinem
904 1173 1057 1217 servasse:
1076 1158 1110 1215 In
1124 1175 1216 1216 omnes
1228 1169 1351 1228 uptam.

67 1261 264 1335 generationes
282 1259 439 1316 seculorum
459 1259 556 1317 seculi.
602 1251 761 1318 Praeterea
783 1277 847 1318 euna
871 1255 900 1318 iu
920 1256 1076 1340 gratiarum
1100 1257 1214 1346 actione

70 1379 121 1422 nos
146 1357 188 1422 ile
208 1357 347 1435 dicimus,
381 1364 414 1420 In
436 1363 532 1420 aerulo
553 1361 725 1434 seculorum,
760 1357 855 1422 nullos
874 1357 948 1422 alios
968 1361 1089 1422 Aeones
1105 1357 1214 1442 signill-

69 1481 152 1541 rare,
186 1461 360 1545 omninoque
378 1460 491 1545 quoties
509 1461 594 1525 Aeon
614 1462 770 1525 Aeouesve
790 1471 1069 1541 commemorentur,
1092 1481 1161 1525 snos
1179 1462 1213 1525 ad

68 1563 133 1628 illos
151 1564 259 1627 relerri
274 1573 396 1627 censent
409 1573 557 1649 oportere.
596 1561 678 1626 lllam
693 1585 766 1627 vero
781 1559 946 1628 Dodeeadis
962 1563 1097 1627 Aeonum
1113 1583 1215 1648 propa-

67 1667 218 1747 gationem
237 1665 416 1742 duodenario
430 1687 572 1730 annorum
588 1665 710 1729 indicari
728 1687 866 1745 numero,
891 1677 961 1751 quot
975 1687 1068 1730 annuos
1083 1687 1148 1730 oum
1165 1687 1215 1730 ua·

68 1778 114 1832 tus
136 1778 220 1832 esset
240 1768 372 1832 dominus
394 1789 457 1832 cnm
477 1769 552 1854 legis
569 1769 735 1833 doctoribus
754 1767 925 1854 disputabat.
972 1767 1085 1853 Quibus
1100 1780 1128 1832 et
1144 1791 1213 1854 apo·
1227 1780 1315 1824 nana

67 1872 213 1934 stolorum
228 1871 370 1936 dolentum
388 1871 539 1950 adiiciunt3
563 1871 702 1955 siqnidem
718 1871 757 1934 illi
773 1872 922 1935 duodecim
940 1871 1113 1936 extiterunt.
1154 1869 1214 1935 lle-
1227 1847 1345 1892 mm

65 1971 163 2058 liquos
179 1995 267 2059 porro
281 1973 402 2039 Aeones
416 1973 616 2058 duodeuiginti
630 1974 658 2037 in
674 1995 709 2037 eo
723 1974 951 2060 repraesentari,
974 1975 1049 2059 quod
1066 1974 1102 2037 ab
1116 1995 1214 2038 resur·

66 2075 203 2140 rectione
219 2097 271 2141 sua
291 2077 429 2156 totidem,
460 2087 491 2140 ut
506 2077 647 2156 afferunt,
671 2097 788 2140 menses
804 2099 868 2140 oum
889 2075 1035 2161 discipulis
1053 2097 1214 2141 commora-

65 2189 111 2242 tus
130 2189 191 2242 est.
231 2175 294 2242 lmo
312 2190 341 2243 et
357 2179 502 2263 prioribus
519 2179 628 2243 duabus
646 2178 722 2242 illius
738 2179 864 2242 nominis
879 2179 983 2258 literis,
1004 2189 1059 2241 ret
1071 2203 1102 2260 η,
1123 2182 1215 2244 mani·

66 2283 142 2345 leste
158 2281 319 2344 octodecim
332 2281 454 2345 Aeones
468 2282 604 2367 exprimi.
634 2279 712 2346 Nam
726 2281 802 2345 illam
815 2281 949 2345 Aeonum
962 2278 1109 2344 Deuadem
1122 2284 1214 2369 primo

64 2384 196 2448 nominis
212 2383 358 2447 elemento
370 2383 534 2449 adumbrari
549 2394 666 2470 putant;
683 2385 806 2468 ideoque
820 2405 837 2447 a
851 2383 997 2447 salvatore
1012 2383 1135 2448 dietum:
1152 2390 1365 2452 dotum-m

65 2507 172 2560 annm,
197 2497 249 2547 out
264 2509 337 2548 unus
353 2509 427 2568 open
446 2509 501 2548 non
514 2489 698 2568 preteribit,
722 2491 808 2548 doner
826 2491 916 2548 omniu
926 2488 1016 2565 finnt.
1063 2483 1124 2550 lam
1143 2507 1215 2553 vero
1229 2495 1352 2547 Menam

64 2588 235 2653 duodecimi
249 2587 362 2652 Aeonis
376 2588 566 2653 calamitatem
581 2589 743 2674 proditione
758 2585 858 2668 Iudae,
875 2591 923 2673 qui
937 2589 1131 2673 apostolorum
1145 2591 1216 2655 duo-

62 2691 197 2756 deeimns
218 2689 288 2770 luit,
313 2692 463 2755 commode
479 2691 638 2770 declarari,
662 2690 742 2756 velut
757 2692 842 2754 etiam
858 2691 886 2754 in
903 2693 1029 2776 eoquod
1045 2693 1214 2758 duodecimo

61 2815 169 2860 mense
191 2811 297 2880 passus
320 2804 376 2858 est.
422 2791 488 2858 Uno
510 2794 587 2857 enim
611 2795 769 2874 duntaxat,
801 2805 951 2880 postquam
973 2795 1136 2882 baptizatus
1156 2808 1212 2875 est,

62 2917 144 2960 anno
161 2895 254 2960 divini
275 2895 357 2960 verbi
373 2896 589 2982 praedicatione
606 2899 734 2960 iunctum
753 2917 819 2962 esse
837 2909 979 2962 statuunt.
1026 2895 1085 2963 Sed
1104 2899 1214 2984 perspi-

60 3019 115 3064 eue
133 2998 307 3084 cumprimis
322 2999 391 3062 illud
408 2999 437 3063 in
456 3019 490 3063 ea
508 2999 629 3064 muliere
646 3002 871 3064 demonstratum
891 3021 964 3086 qnae
981 3001 1130 3086 sanguinis
1148 3021 1214 3084 pro·

60 3099 154 3166 durio
180 3100 343 3164 laborabat.
389 3099 473 3184 Quae
497 3123 562 3166 oum
582 3103 732 3166 duodecim
754 3102 921 3168 iomannes
940 3123 976 3166 eo
994 3103 1096 3166 morbo
1113 3101 1212 3166 eonlli·
1225 3110 1308 3159 meu.
1321 3113 1341 3159 t.

60 3214 216 3281 claretur,
253 3203 408 3266 saluatoris
434 3204 579 3283 adventu,
615 3205 661 3269 nbi
690 3205 830 3269 limbriam
858 3206 922 3268 eins
944 3205 1055 3288 attigit,
1090 3203 1212 3266 salntem

59 3305 266 3392 recuperarit.
312 3303 407 3388 Quam
430 3305 466 3370 ob
490 3327 621 3371 caussam
642 3309 773 3372 salrator
789 3307 913 3385 dixerit,
947 3311 1015 3386 (lnr's
1035 3327 1077 3368 me
1099 3310 1214 3386 tetigit?

59 3420 89 3471 ut
105 3407 274 3494 discipulos
287 3409 456 3493 mysterium
472 3409 541 3474 illud
558 3411 633 3494 quod
647 3411 677 3474 in
691 3409 843 3475 Aeonibus
858 3409 1021 3492 contigerat
1035 3419 1121 3492 atque
1137 3406 1212 3470 illam

57 3509 162 3576 anseri
181 3509 297 3574 Aeonis
316 3510 493 3575 curationem
513 3512 642 3576 doceret.
687 3509 804 3576 Etenim
825 3511 928 3575 mulier
949 3531 1022 3595 quae
1040 3510 1123 3573 annis
1144 3511 1214 3574 duo·

58 3614 158 3678 decim
178 3611 363 3699 aegrotarit,
392 3609 497 3678 Virtus
514 3613 562 3678 illa
582 3626 735 3701 propterea
754 3625 815 3694 est,
850 3615 923 3698 qnod
942 3622 1060 3676 extenta
1079 3621 1165 3697 atque
1183 3613 1214 3676 in

57 3715 213 3780 infinitum
228 3715 369 3801 dissipata
381 3713 542 3779 substantia
557 3717 645 3797 locet,
663 3717 718 3780 nisi
732 3727 883 3802 gestamen
896 3715 972 3778 illiue
986 3714 1143 3798 attigisset,
1159 3715 1215 3779 boc

57 3829 104 3882 est
119 3817 313 3898 Veritatem,
344 3838 417 3903 quae
434 3818 464 3882 in
482 3819 574 3904 primu
592 3817 722 3884 Tetrade
742 3829 926 3896 numeratur,
958 3827 987 3880 et
1004 3836 1057 3901 per
1073 3815 1214 3882 fimbriam

56 4006 251 4074 reputamur,
277 4011 348 4058 ellum
369 4008 437 4059 codd.
458 4009 511 4058 lea.
535 4013 556 4072 et
573 4009 628 4070 fleo.
662 4008 721 4057 illud
734 4002 950 4073 inconpelrrcbar
964 4003 1064 4072 λέγουσι
1078 4007 1215 4057 abundarat.

55 4079 139 4128 Poris.
661 4076 733 4126 Aliter
747 4077 837 4138 pteron
852 4077 981 4137 lloeeueto,
998 4078 1064 4126 cuins
1078 4076 1216 4126 adnotatum

91 4147 134 4197 ¹2.
150 4146 257 4198 meod.
271 4146 323 4195 Vra.
350 4146 423 4208 Vutpo
434 4149 497 4196 estut
507 4145 555 4210 τῆς
567 4137 628 4197 ἀπε»
660 4157 684 4194 o.
700 4157 756 4206 pop.
770 4141 807 4194 16.
823 4144 875 4193 edit.
889 4143 986 4193 irenaei.

55 4213 173 4273 στασίας
192 4209 236 4266 διὰ
249 4206 356 4266 ’laddum
386 4215 568 4264 Pedumuolebot
585 4207 627 4265 aad
697 4213 735 4263 lb.
748 4209 906 4278 φρονήματος
915 4213 965 4261 cod.
976 4213 1160 4263 Vm.-Lcttn.
1168 4213 1215 4262 lre-

53 4282 103 4350 τῆς
121 4276 290 4340 α’ποστασίας
306 4281 351 4333 τοῦ
369 4272 463 4334 'Iou'dm
660 4283 714 4330 nort
723 4282 836 4342 lntuprer
849 4281 915 4330 uertit
930 4279 960 4329 Er
973 4279 1019 4329 nisi
1034 4279 1156 4346 tetigisset
1169 4293 1215 4327 re-

89 4351 132 4404 13.
152 4343 198 4408 sd:
212 4350 264 4399 eod.
281 4349 335 4398 l'en.
661 4347 811 4406 elimentum,
827 4345 877 4398 hoc
891 4355 928 4396 ert
942 4346 1037 4397 illius
1054 4345 1143 4404 Filii,
1161 4345 1215 4394 Ve-

89 4417 131 4470 l·l.
149 4419 233 4479 Vulpo
244 4417 379 4466 domemur
391 4421 423 4466 est
432 4415 567 4484 προδοσίας
577 4415 629 4470 dcl·
661 4415 741 4466 nitatis
752 4413 845 4481 primae
857 4415 972 4467 Tetradis
982 4421 1031 4466 eett.
1061 4417 1096 4477 cs.
1106 4417 1216 4465 Moranetr'

50 4490 168 4542 mnam
184 4483 296 4550 λέγουσι.
321 4481 375 4536 Kal
387 4489 446 4548 ortt,
459 4487 522 4548 quod
535 4490 629 4536 muton-
661 4485 740 4535 adnm.

51 4561 112 4608 dem
125 4559 196 4617 eret,
212 4556 296 4605 neunt
308 4549 453 4606 murman
464 4551 572 4621 λέγουσι,
587 4557 630 4603 eut

104 4639 210 4696 corpu
222 4631 358 4681 &mamb
371 4631 401 4679 ll.
975 4641 1015 4702 22
