3112 4984
380 272 514 326 PANAllll
531 272 593 323 le.
604 274 622 324 l.
640 271 720 324 ΤΟΜ.
735 273 766 324 ll.
782 273 882 332 llffll.
897 273 995 326 XXVI.
1201 267 1261 328 185

112 411 179 454 care
197 411 258 454 nou
276 389 404 455 dubitet:
437 389 503 476 Ego
521 411 585 454 sum
603 388 758 473 Cbristus3
788 415 856 456 uam
877 413 930 478 per
946 388 1120 458 CCCLXV
1142 395 1261 460 nomina

110 491 280 579 Principum
302 513 343 556 ex
365 492 425 556 nlto
447 493 596 557 descendi.

192 694 342 762 Heiorum
362 717 451 783 porro
468 694 637 783 Principum
652 695 770 761 nomina
785 697 859 762 baec
875 717 943 762 esse
959 709 1112 762 memorat.
1157 695 1192 766 ln
1210 721 1260 766 su-
1278 709 1338 778 crp.
1353 712 1388 762 x.

106 821 229 886 premo,
251 801 402 884 inquiunt,
426 799 497 863 orbe
513 800 623 864 residet
641 796 710 878 lao,
740 800 770 864 iu
792 800 921 863 secundo
937 796 1064 879 Saclau,
1086 800 1113 864 is
1129 802 1177 886 qui
1198 813 1260 867 stu-

107 1015 211 1069 tuunt:
236 1005 340 1089 quippe
356 1014 489 1086 quartum
506 1024 575 1068 esse
592 1003 706 1067 coelum
721 1013 913 1082 asseverant,
937 1014 968 1068 et
984 1002 1118 1085 tertium3
1143 1025 1177 1068 ac
1194 1026 1260 1070 rnr-

107 1127 157 1170 aos
171 1105 324 1192 quintum,
353 1106 383 1169 iu
402 1127 460 1190 quo
479 1103 622 1169 Eloaeum
643 1105 804 1186 collocant,
829 1103 879 1190 poi
896 1105 972 1168 idem
995 1115 1024 1168 et
1039 1103 1200 1171 Adonnens
1217 1107 1261 1172 di·

107 1209 196 1271 citnr.
244 1207 286 1271 At
309 1217 425 1271 sextum
451 1227 596 1292 occupare
613 1207 726 1298 'volunt
747 1207 796 1271 alii
818 1204 1003 1285 luldabaotlu,
1032 1203 1174 1272 Elilnenm
1197 1209 1258 1274 alii.

108 1306 169 1375 Sed
188 1321 219 1374 et
237 1309 390 1394 septimum
407 1327 473 1373 esse
490 1309 619 1372 nonnulli
634 1310 785 1388 deliniunt,
806 1309 852 1374 cui
868 1305 998 1374 Sabaoth
1012 1308 1148 1373 insideat.
1173 1307 1260 1394 Quod

108 1413 144 1475 ab
162 1411 231 1476 aliis
247 1421 383 1495 negatur,
402 1409 450 1494 qui
469 1407 634 1474 laldabnotlu
651 1411 802 1496 septimam
820 1409 897 1476 illam
914 1412 1070 1474 stationem
1086 1411 1257 1478 attribuunt.

106 1511 142 1578 ln
161 1524 272 1578 octavo
288 1509 446 1576 llnrbeloni
469 1511 643 1576 domicilium
665 1531 732 1576 esse
755 1514 883 1597 lingunt,
907 1533 1040 1576 necnon
1061 1522 1091 1576 et
1107 1513 1260 1580 universo-

105 1637 173 1680 rum
189 1613 311 1679 Parenti
327 1613 368 1678 illi
383 1614 430 1698 qui
448 1612 525 1677 idem
545 1613 678 1678 dominns
689 1615 755 1693 sit,
779 1626 810 1679 et
827 1614 1025 1700 suimetipsius
1042 1625 1137 1699 puter,
1161 1637 1260 1700 quenn-

108 1718 266 1782 admodum
280 1727 311 1780 et
325 1715 409 1779 alteri
424 1715 538 1779 cuidem
552 1699 691 1795 Cbrislo,
715 1717 763 1800 qui
782 1737 834 1802 per
850 1737 918 1780 sese
938 1716 977 1780 sit
991 1716 1022 1780 in
1040 1717 1134 1780 lucem
1149 1718 1257 1784 editus.

108 1817 189 1883 'l'um
205 1837 279 1882 uero
297 1814 449 1882 Christum
464 1816 569 1880 ibidem
588 1816 682 1902 ipsum
701 1817 855 1895 collocant,
879 1819 927 1902 qui
945 1818 982 1881 de
998 1819 1082 1882 coelo
1096 1819 1259 1898 descendit,

108 1933 143 1984 et
155 1919 301 1985 eiusmodi
318 1917 524 2005 Cognitionem
540 1917 665 1982 bumono
682 1919 784 2003 generi
802 1920 935 1999 contulit,
959 1941 1043 2004 quem
1059 1920 1146 1984 etiam
1162 1923 1261 2007 appel·

108 2023 201 2086 latum
226 2023 319 2085 luisse
340 2019 437 2085 lesum
461 2020 641 2106 praedicant.
686 2019 798 2086 Verum
825 2021 947 2084 cundem
972 2032 1082 2106 negant
1105 2019 1140 2086 de
1161 2020 1259 2088 Maria

107 2134 231 2200 nalum,
264 2124 315 2187 sed
341 2143 393 2209 per
415 2119 541 2186 Mariam
561 2132 710 2185 ostensum
734 2132 889 2202 asserunt3
920 2143 1015 2207 neque
1034 2144 1152 2188 carnem
1175 2125 1261 2189 aliter

107 2247 196 2310 qnam
216 2226 314 2311 specie
330 2225 393 2310 ipsn
412 2223 589 2309 suscepisse.
623 2221 709 2306 Quod
727 2225 763 2289 ad
780 2221 908 2290 Sabaoth
930 2225 1069 2310 pertinet,
1093 2225 1169 2312 bunc
1185 2227 1260 2291 asini

107 2326 239 2411 quidam,
264 2326 312 2390 alii
328 2327 407 2413 porci
424 2327 516 2411 ligura
533 2336 671 2390 constare
687 2337 821 2390 censent.
855 2323 902 2391 on
916 2325 1003 2410 idque
1019 2323 1148 2406 ludaeis,
1165 2326 1272 2408 siunt‚.

106 2427 206 2493 suillis
227 2428 364 2492 carnibus
386 2413 593 2492 interdixerat.
637 2417 725 2491 llunc
746 2449 815 2492 esse
840 2428 922 2491 coelo
949 2439 1102 2513 terraeque
1128 2415 1285 2493 conditoss

105 2551 191 2612 ren,
215 2540 275 2594 tum
292 2550 393 2595 eorum
415 2529 463 2614 qui
486 2541 706 2614 consequuntur
730 2529 899 2594 coelestium
915 2529 1046 2609 orbium,
1074 2531 1260 2614 angelorum-

106 2651 171 2716 que
192 2653 325 2696 snorum.
370 2628 467 2694 Porro
491 2631 700 2716 digredientem
727 2631 794 2695 hinc
814 2629 939 2695 unimam
965 2631 1107 2716 perillus
1133 2632 1260 2697 transire

104 2733 277 2818 Principes,
301 2751 395 2816 neque
413 2744 510 2796 temen
525 2743 679 2818 penetrare
692 2753 798 2819 posse,
822 2733 878 2798 nisi
899 2729 1076 2818 Cognitiooe
1089 2733 1136 2797 illa
1152 2735 1259 2820 plenis-

105 2835 188 2899 sime
209 2837 327 2920 perlusa
346 2835 453 2914 inerit,
476 2835 525 2899 rel
543 2835 794 2900 condemnatione
812 2835 926 2920 potius3
950 2857 1006 2919 qua
1023 2835 1137 2920 quidem
1160 2857 1260 2902 cumn·

104 2939 171 3002 lata
191 2933 358 3022 Principum
383 2937 506 3001 istorum
528 2957 562 3000 ac
584 2933 764 3024 Potestutum
786 2957 890 3001 manuus
914 2919 1066 3022 effugiats
1088 2936 1210 3002 Addunt
1230 2950 1261 3002 et

106 3039 199 3103 buius
223 3039 319 3102 mundi
336 3035 508 3103 Procridem
530 3039 665 3122 draconis
689 3040 811 3122 effigiem
830 3039 956 3119 habere,
979 3039 1016 3102 ab
1033 3059 1126 3124 eoque
1148 3039 1260 3122 animps

104 3140 264 3204 absorberi
285 3137 463 3225 Cognitione
480 3141 529 3206 illa
548 3141 720 3219 destitutas,
743 3161 917 3226 rursumque
935 3143 1122 3227 percendum
1138 3141 1168 3204 iu
1184 3141 1259 3204 hunc

104 3243 249 3307 mandem
267 3243 392 3305 relnndi.
424 3241 476 3306 Ex
490 3264 547 3327 quo
563 3242 701 3327 deinceps
714 3241 744 3306 iu
764 3263 917 3327 porcorum
934 3242 1114 3327 nliorumque
1128 3228 1260 3306 animin-

105 3347 185 3407 tinm
202 3365 327 3429 corpora
342 3346 508 3408 translusac
521 3363 574 3429 per
589 3345 691 3408 eadem
706 3345 801 3410 denno
815 3344 943 3430 vestigio
957 3363 1072 3410 sursum
1087 3343 1258 3406 efferuntur.

105 3445 200 3530 Quod
221 3445 248 3508 si
269 3445 350 3529 quis,
380 3446 478 3524 aiunt,
509 3465 545 3510 en
568 3445 657 3509 luerit
672 3442 849 3532 Cognitionc
872 3445 1036 3531 praeditus,
1061 3464 1185 3528 seseque
1207 3464 1260 3531 per

104 3647 186 3713 nibil
204 3649 251 3711 bic
269 3649 393 3713 detineri
410 3649 552 3735 emplius,
581 3651 632 3714 sed
651 3671 793 3734 eosquos
814 3651 942 3714 diximus
960 3649 1158 3734 praetergredi
1173 3646 1259 3714 Prin·

105 3753 210 3838 cipes,
235 3761 265 3814 et
281 3751 316 3814 nd
330 3747 460 3816 Subactb
483 3772 575 3836 usqne
592 3751 763 3837 pervenire,
787 3761 873 3836 atque
891 3751 969 3815 illius
986 3751 1154 3836 proculcnrc
1174 3763 1261 3839 caput

105 3855 166 3936 (ita
185 3853 261 3915 enim
284 3853 426 3936 sacrilege
448 3863 534 3938 atque
557 3854 740 3938 impudenter
758 3855 927 3937 effutiunt),
957 3852 1082 3938 indeque
1100 3856 1135 3918 ud
1157 3875 1261 3941 supre-

104 3975 192 4020 nnnm
214 3953 286 4017 illud
304 3954 479 4018 domicilium
501 3957 645 4035 credere,
675 3956 724 4020 ubi
745 3953 907 4020 viventium
931 3963 1026 4019 mater
1048 3967 1096 4020 est
1113 3954 1259 4035 Borbero,
1297 4013 1298 4017 ,

105 4075 189 4142 qnae
208 4066 238 4120 et
259 4055 296 4119 ab
318 4055 377 4119 illis
393 4053 519 4122 Baebelo
539 4058 655 4123 dicitur.
700 4055 785 4121 llauc
804 4077 872 4120 esse
893 4057 1009 4122 animae
1030 4059 1173 4124 rationem
1198 4057 1260 4120 adi-

105 4159 269 4246 piscendae
285 4157 400 4222 salutis.
445 4155 519 4224 lllud
536 4181 608 4225 uero
626 4168 779 4246 praetereo
796 4158 929 4226 infelices
946 4159 989 4226 illi
1006 4162 1042 4226 ad
1064 4162 1188 4226 fabulam
1210 4159 1260 4223 nd·

139 4415 167 4468 3.
187 4411 299 4467 incndite
315 4415 367 4466 cod
385 4417 458 4467 Pctic.
739 4417 763 4469 5.
781 4415 847 4483 φησὶ
863 4420 931 4471 codd.
949 4419 1043 4482 llbedtg.
1058 4417 1130 4466 l'ntic.

139 4483 166 4534 «l.
186 4481 267 4548 φησὶν
283 4485 353 4536 codd
368 4486 442 4536 l'ctic.
458 4487 556 4550 llbtdtp.
