3110 4984
347 331 483 385 PANARH
502 331 578 386 ΔΜ.
595 329 766 383 nasutsss
784 331 848 382 Lib.
860 331 879 380 Ι.
897 331 978 384 uota.
991 333 1012 382 1.
1215 321 1255 382 75

116 451 267 516 summatim
280 450 482 536 perstringere
498 449 568 514 iicet
580 471 670 535 pauca
685 450 786 514 dicare
801 449 918 514 minime
933 449 1132 534 gravabimur.
1156 447 1254 516 Mani·

117 555 179 616 ieste
201 553 299 636 itaque
321 553 456 618 dominns
480 551 603 616 subinde
622 549 723 638 Moysi
751 551 839 628 dicit,
869 557 973 616 Adduo
996 557 1067 616 mr'hr'
1084 559 1113 616 a'n
1132 567 1406 629 murmurante

116 659 191 716 m
199 659 342 729 mna'erm,
367 666 397 716 ct
410 659 545 734 cremabat
561 657 714 734 despaiu'tu
731 665 779 716 rso
787 699 796 728 ‚
820 665 849 714 aa
864 658 893 716 r'n
908 657 973 716 illos
986 657 1148 740 affundent,
1171 669 1256 740 atqua

118 761 189 818 ntes
204 760 314 820 amiati
330 758 385 818 aba·
395 767 489 818 mr.
536 752 583 819 Da
603 755 661 818 filio
677 775 750 820 raro
770 755 810 819 uti
828 775 1092 839 cognosceremus,
1116 768 1200 843 pater
1214 761 1256 824 its

117 858 250 942 loquitur:
282 863 431 931 Fascianus
443 861 580 920 kambam
601 861 640 920 ad
663 861 811 938 Qunam
836 869 865 920 ct
885 861 1093 922 consummem
1114 874 1249 924 nonnum.
1266 875 1324 922 oss
1338 878 1358 933 1,
1371 878 1405 922 as.

115 959 193 1044 Atqui
207 981 270 1024 vox
285 961 353 1039 ista,
371 965 532 1033 racanas,
549 977 607 1022 uon
625 979 714 1024 uuum
729 959 871 1022 duntaxat
888 959 1044 1043 significat.
1076 958 1162 1039 item,
1177 967 1256 1027 Pluit

114 1065 227 1124 baram
242 1067 271 1123 a'n
280 1065 428 1123 Sodomam
442 1073 471 1122 at
478 1063 659 1122 Gomoarium
673 1065 767 1140 &mor
784 1073 812 1122 at
826 1063 978 1141 culpabere
991 1065 1145 1128 domanda
1160 1070 1247 1130 coelo.
1263 1080 1363 1138 uanis,
1372 1081 1405 1126 aa

116 1161 189 1246 Quod
205 1141 304 1226 intem
321 1164 356 1226 ad
375 1163 531 1248 propbetas
549 1161 664 1241 attinet,
679 1173 829 1246 postquam
842 1158 1035 1226 samaritanis
1051 1162 1176 1251 quinque
1186 1165 1255 1232 Mn·

115 1264 148 1328 sis
162 1263 310 1328 volumina
326 1265 432 1328 tradita
445 1274 525 1344 sont,
540 1263 693 1348 scripturis
708 1263 829 1348 reliquis
845 1284 1026 1350 nequaquam
1041 1267 1156 1330 assensi
1172 1280 1252 1349 sunt,

114 1367 155 1428 sei
170 1377 290 1451 praeter
307 1366 356 1429 iila
372 1364 499 1449 quinque
515 1375 633 1429 caetera
653 1374 902 1451 contempserunt.
948 1363 1035 1449 Quod
1051 1367 1077 1430 si
1093 1368 1157 1452 quis
1178 1369 1254 1435 alios

115 1467 237 1548 obiiciat,
260 1465 353 1530 velati
372 1464 516 1531 Davidem
535 1477 585 1531 aut
600 1464 724 1548 isaiam,
749 1478 779 1530 et
795 1467 941 1552 reliquos,
966 1479 1074 1552 negant
1089 1489 1122 1533 sc
1138 1491 1190 1536 eos
1204 1472 1255 1535 ad-

113 1571 229 1654 mittere,
255 1579 342 1654 atque
357 1569 394 1632 iis
411 1589 487 1653 quae
503 1589 520 1631 a
535 1569 695 1634 maioribus
711 1569 775 1634 suia
788 1580 965 1655 acceperuut
979 1571 1169 1656 pertinaciter
1182 1573 1255 1638 insi-

113 1682 189 1736 aunt.
214 1670 370 1736 Hactenus
388 1681 490 1734 contra
503 1667 706 1736 Samaritanus
720 1693 739 1735 a
755 1671 839 1734 nobis
855 1671 1032 1756 disputatum
1048 1682 1106 1752 cst,
1123 1675 1253 1761 adaoque

113 1775 215 1856 pascu,
241 1793 280 1838 uc
297 1773 414 1858 lougius
430 1793 515 1858 quam
533 1773 658 1838 instituti
676 1773 751 1838 ratio
770 1774 828 1837 iert
840 1792 1007 1838 sermonem
1025 1774 1230 1859 producamus.

381 2199 634 2278 cunrat
675 2197 974 2278 assuitus

198 2337 293 2434 Quae
321 2343 373 2410 ast
396 2337 503 2433 prima
530 2335 813 2412 Samaritanorum
838 2344 947 2431 secta,
975 2339 1091 2412 ordine
1107 2339 1152 2415 X.

180 2485 321 2572 Quatuor
347 2487 467 2551 omnino
495 2487 524 2550 in
557 2499 654 2553 sectas
683 2485 861 2552 Samaritani
892 2488 1039 2554 distributi
1063 2503 1143 2556 sunt.
1189 2492 1248 2576 Qui
1280 2503 1339 2574 cap.
1358 2508 1378 2558 t.

108 2609 161 2653 tum
178 2592 284 2656 cadem
304 2609 405 2654 secum
429 2589 554 2654 invicem
573 2591 703 2654 sentiant
719 2591 755 2652 de
772 2589 1012 2669 circumcisione,
1035 2592 1158 2658 sabbato
1171 2594 1254 2660 aliis·

108 2711 153 2774 qua
171 2692 242 2777 tege
259 2691 465 2778 praescriptis,
490 2691 589 2776 paucis
605 2703 701 2755 tamen
724 2691 755 2755 in
780 2691 868 2755 rebus
892 2691 977 2756 trium
993 2693 1127 2778 ringulae
1148 2696 1251 2760 arcii·

106 2793 161 2876 quis
178 2795 332 2858 differunt.
371 2790 450 2858 Nam
467 2791 628 2858 Dositheos
650 2793 731 2858 solos
757 2793 886 2879 excipio.
928 2789 1014 2876 Quod
1039 2796 1115 2860 enim
1138 2796 1173 2860 ad
1193 2795 1251 2862 Es·

106 2913 186 2960 senos
205 2905 341 2982 spectat,
373 2895 393 2958 ii
410 2895 487 2958 nulia
514 2915 547 2958 rc
568 2896 775 2980 praetermissa
797 2895 920 2981 primum
943 2895 1106 2962 institutum
1121 2899 1251 2964 retinue-

104 3008 173 3060 runt.
219 2995 391 3062 Secundam
408 2996 463 3061 bos
482 2993 627 3061 Gortheni
645 3017 661 3061 a
677 3017 710 3060 se
729 3008 828 3060 mutuo
850 2997 964 3063 levibus
982 2997 1018 3062 dc
1035 3001 1148 3064 caussis
1164 3021 1250 3085 sapa·

103 3098 151 3162 rab'
166 3109 259 3177 sunt,
283 3119 348 3162 cum
368 3098 476 3183 exigua
492 3099 633 3184 quaedam
650 3099 853 3164 controversia
876 3099 955 3164 intcr
971 3099 1051 3185 ipsos
1065 3101 1250 3166 intercessis-

102 3211 156 3278 set,
179 3201 240 3265 boc
255 3211 299 3264 cst
316 3200 394 3266 inter
412 3197 583 3277 Sabarcas,
607 3197 741 3264 Essenos
755 3211 786 3266 ct
805 3198 987 3266 Gortbcnos.
1032 3198 1116 3285 Quae
1132 3214 1250 3268 contro·

103 3303 191 3368 versia
218 3301 277 3366 tuit
300 3301 455 3365 eiusmodi.
499 3298 575 3366 Cum
595 3301 792 3388 laxandique
812 3300 936 3368 iudanos
954 3301 1161 3389 Hierosolyma
1178 3315 1402 3380 nou-Exottura.

101 3401 182 3468 inere
204 3403 335 3481 iuberet,
359 3403 444 3486 idque
460 3401 552 3467 tribus
571 3404 642 3468 anui
656 3404 846 3490 temporibus,
870 3405 1005 3469 nimirum
1022 3403 1051 3466 in
1064 3404 1248 3490 Azymorum
1262 3385 1385 3514 Bw*

101 3503 186 3586 imao,
210 3504 395 3572 Pentecoste
419 3526 455 3569 ao
473 3501 675 3592 scenopegia,
709 3525 832 3592 cumque
854 3528 906 3593 per
929 3503 1066 3570 iudaeam
1091 3527 1126 3569 ac
1145 3503 1250 3574 Sama-

99 3605 165 3672 n'am
185 3605 291 3673 ludaei
307 3607 431 3693 sparsim
447 3606 624 3687 babitarent,
647 3609 798 3672 accidebat
814 3619 847 3673 ut
860 3609 908 3693 qoi
924 3605 1160 3693 Hierosolymam
1176 3632 1248 3676 con·

127 3859 150 3914 6.
167 3879 198 3916 ra
215 3861 262 3916 arui
279 3863 331 3916 cert
348 3865 404 3914 Van.
726 3861 766 3915 12.
782 3865 820 3914 its
834 3864 886 3914 cod.
897 3863 973 3914 Venst.
999 3860 1137 3931 ropbnsaiu
1148 3869 1249 3930 nuncto

125 3929 201 3986 7·OE
225 3935 289 3984 suist
311 3935 566 3997 mimmnraiipuis
588 3933 656 3997 diffa-
688 3933 805 3994 κήρινα
827 3936 874 3994 aa,
898 3935 1248 4000 pucrnpossr'ertpsspuopua

96 4003 154 4048 oar.
690 4000 788 4050 Vsoatau
803 3999 860 4048 ta'brr
875 4000 986 4061 moutarn

124 4063 148 4118 ὅ.
167 4064 271 4134 luemus
288 4068 340 4118 and.
357 4069 412 4120 Van.
724 4063 764 4118 13.
782 4063 912 4120 ἐκέλευσα
928 4067 979 4118 cod,
999 4069 1075 4120 Vana.

124 4131 148 4188 9.
168 4137 249 4186 Verbo
276 4134 312 4204 τῇ
342 4131 432 4204 apsirp
457 4129 548 4205 ἀγωγῇ
575 4132 656 4202 uncis
725 4129 763 4185 14.
781 4137 849 4186 nece
869 4137 1012 4187 Omoemus:
1038 4135 1090 4186 bsx
1110 4133 1247 4215 praecipis·

95 4195 310 4272 itflpflabbs'pttum
339 4207 365 4255 io
387 4205 440 4256 aad.
465 4205 547 4256 Veneto
567 4207 656 4256 nmina
688 4203 734 4254 bat
754 4200 858 4254 ludaeos
880 4201 1037 4271 undiquaque
1058 4219 1203 4270 magnaram
1219 4203 1246 4254 iu

95 4276 150 4322 tut
688 4269 863 4351 Hierosolyma
876 4287 967 4340 saepe,
994 4281 1020 4321 et
1036 4269 1182 4340 praesertim
1196 4271 1246 4322 tri-

125 4339 163 4392 ¹⁰.
183 4335 255 4406 μετὰ
275 4336 335 4399 τούς
349 4337 518 4406 I'cpabrpric.
551 4339 581 4392 Δι
629 4334 653 4377 ’-
688 4338 733 4390 bus
754 4355 813 4388 anni
836 4339 989 4424 temporibus
1011 4343 1062 4391 attt-
1080 4341 1192 4391 Pctcuiur
1207 4342 1247 4392 dt·

94 4419 166 4468 roam
189 4409 246 4458 ead.
266 4407 340 4460 Μ
375 4409 449 4490 Recte
484 4409 556 4471 Vutpn
579 4355 654 4460 miri
687 4411 781 4460 amru:
805 4402 978 4474 ‘Ispccctupa
1003 4405 1122 4468 πολλάκις
1139 4404 1185 4474 aar
1202 4397 1244 4462 oris

124 4542 135 4592 ¹
182 4473 511 4607 ‘gppbnroptdttapuuncm
527 4481 578 4528 eas.
686 4481 736 4529 cett
770 4479 905 4540 Perpernae

141 4547 162 4592 1.
258 4543 285 4594 ‘a
346 4546 425 4596 ‚Vn
