3078 5012
346 301 482 354 rennes
498 302 560 353 nro.
572 299 590 352 r.
608 301 689 354 non.
703 303 745 354 nr.
764 301 861 354 unnn.
874 301 952 354 xnu
1162 289 1223 356 tot

73 421 228 507 magisque
245 422 430 500 reiellnmus,
451 421 510 493 sliu
525 421 602 485 istud
619 421 732 485 ratione
747 419 987 487 considemndum
1005 433 1061 487 est.
1106 419 1224 487 Etenim

74 527 102 590 si
115 522 216 590 Melus
231 523 280 588 ille
296 525 411 609 penitus
426 525 519 588 melus
534 534 590 602 est,
616 535 646 588 et
662 544 679 587 s
693 521 778 588 Bono
792 523 976 590 nibilominus
991 524 1084 590 bonos
1097 527 1223 607 euleret,

74 630 171 694 instoe
188 647 205 690 e
220 623 313 706 lusto,
336 627 416 690 solos
431 626 475 690 soi
491 626 601 690 similes
614 625 769 710 relinquet,
780 633 783 638 '
794 627 893 711 ntique
908 623 1006 692 Melus
1019 647 1085 692 esse
1099 628 1224 710 desinet,
1306 687 1310 696 ,

76 731 127 817 qni
143 731 238 796 melus
254 729 377 807 dieitur,
401 748 466 794 onor
481 728 623 792 bonorum
641 728 786 792 desiderio
803 739 955 808 tenentur,
979 731 1154 814 eosdemque
1170 730 1226 796 sibi

77 833 162 919 qussi
178 832 315 898 meliores
333 851 469 896 asserere
487 831 612 927 student.
659 827 712 896 Sin
730 831 766 894 de
783 831 844 896 suis
860 853 973 916 quoquo
990 831 1126 916 iudicium
1143 831 1227 897 insti·

78 947 161 1016 teet,
192 935 338 1020 obiisqoe
357 933 555 1019 quiininriem
573 933 957 1020 leoerintpoeneeexignt,
988 955 1045 1000 noo
1062 936 1118 1000 ism
1136 935 1228 1002 mulus

78 1040 137 1104 erit
157 1047 255 1124 utpote
274 1037 414 1100 melorum
432 1036 539 1113 iudex,
573 1046 660 1119 etque
680 1036 734 1099 bon
755 1035 840 1101 modo
858 1047 917 1102 tots
932 1037 1009 1102 illins
1027 1038 1159 1104 doctrine
1175 1057 1228 1125 per

78 1161 146 1206 sese
169 1141 285 1225 penitus
302 1139 445 1203 lebeleote
462 1137 608 1202 eonoidet.
652 1135 742 1202 Nono
759 1138 828 1203 illud
846 1141 931 1204 velim
950 1140 1016 1204 mibi
1036 1141 1226 1226 respondens,

80 1243 157 1310 unde
176 1245 230 1306 trie
247 1241 295 1306 ille
311 1239 458 1326 Principia
475 1241 597 1326 idipsum
617 1242 692 1324 quod
710 1253 778 1305 sunt
794 1241 988 1322 obtinuerint,
1021 1255 1070 1307 ent
1086 1243 1152 1328 quis
1168 1242 1228 1306 sin·

80 1347 149 1432 gula
164 1345 227 1410 suis
242 1343 347 1408 linibus
363 1363 397 1406 uo
413 1342 582 1426 regionibus
595 1342 794 1428 descripserit.
838 1341 916 1408 Num
933 1344 957 1409 si
976 1345 1094 1410 deorum
1109 1345 1229 1430 quilibet

80 1469 136 1514 sno
157 1447 222 1512 loro
243 1447 396 1524 debuitne,
427 1466 485 1509 non
508 1445 630 1531 emplius
654 1447 782 1531 perlecto
804 1446 852 1510 ille
875 1446 930 1512 trie
952 1459 1125 1529 censentur,
1156 1468 1228 1532 quee

80 1551 171 1616 nentis
184 1549 395 1635 eomprehenss
407 1558 476 1612 sunt
490 1569 525 1612 en
537 1547 756 1634 olroomsnripte
769 1549 883 1634 spotiie,
903 1560 1004 1635 estque
1017 1550 1139 1637 idipsum
1154 1549 1231 1636 quod

82 1652 215 1718 enrrtiuet
229 1673 265 1717 eo
282 1652 357 1736 quod
375 1650 541 1715 continetur
556 1649 665 1730 meius;
689 1671 783 1734 oeque
797 1653 874 1735 quod
891 1652 1030 1716 eiusmodi
1045 1653 1154 1718 ambitu
1169 1653 1230 1718 eiu·

81 1757 178 1842 gitur,
210 1755 256 1819 dei
275 1753 496 1839 appellationem
516 1763 661 1831 meretur,
691 1753 743 1816 sed
757 1753 880 1839 spetlum
897 1753 966 1819 illud
981 1755 1080 1840 utique
1096 1777 1153 1841 quo
1168 1754 1230 1820 suis

82 1861 177 1944 ipsum
193 1855 333 1923 limitibus
348 1853 558 1940 complectitor.
603 1854 721 1918 Atenim
740 1877 804 1920 oum
820 1858 848 1920 in
862 1879 949 1922 unum
966 1857 1123 1938 coiissent,
1146 1879 1231 1945 sepe·

82 1961 141 2026 reti
156 1971 256 2045 posteo
273 1960 359 2022 sedes
375 1977 444 2022 sues
461 1966 656 2040 oooupurnnt,
688 1979 722 2021 no
739 1958 853 2045 proprie
870 1960 991 2045 quisque
1009 1972 1163 2026 eontentns
1179 1981 1231 2026 ue·

83 2083 227 2149 quequem
253 2061 365 2126 insedit
385 2059 415 2124 in
438 2059 579 2138 alterum,
614 2070 665 2124 sut
684 2060 902 2146 impressionem
928 2063 1008 2128 lenit.
1054 2059 1147 2149 lgitnr
1172 2085 1232 2130 non

83 2166 207 2251 emplius
226 2162 372 2228 contraris
390 2161 516 2226 invicem
535 2173 621 2226 erunt
635 2161 682 2226 illu
700 2161 864 2249 Principio,
897 2185 951 2230 oen
970 2165 1058 2230 ullum
1080 2187 1148 2232 esse
1170 2188 1231 2230 ms·

84 2269 145 2332 lum
162 2265 285 2352 poterit,
309 2286 374 2328 oum
388 2284 457 2329 snos
474 2284 523 2328 res
538 2264 662 2330 comiter
675 2285 714 2330 ex
729 2287 823 2351 nequo
837 2267 970 2351 bonoque
986 2287 1021 2330 eo
1034 2288 1146 2334 sommo
1162 2289 1232 2332 oon·
1351 2259 1356 2276 '

83 2369 195 2434 stantis
211 2369 393 2446 moderetur,
426 2387 480 2431 nen
495 2367 570 2431 ultre
589 2369 724 2452 progredi
742 2387 826 2453 quem
844 2369 887 2434 les
903 2368 941 2432 sit
958 2379 1086 2456 oppetat.
1132 2367 1191 2436 Sed
1205 2370 1233 2436 si

84 2470 188 2538 ntstm
202 2491 220 2533 a
235 2491 373 2557 supremo
388 2468 515 2533 vinoitor
531 2489 566 2532 so
585 2469 729 2534 violenter
744 2468 930 2556 opprimitur,
954 2493 1018 2536 oum
1035 2481 1065 2536 et
1078 2472 1114 2536 eb
1132 2493 1168 2537 eo
1185 2492 1233 2538 se·

84 2577 203 2640 innotus
220 2574 259 2637 sit
276 2583 306 2638 et
323 2571 465 2658 propriam
483 2571 584 2636 sedem
600 2569 748 2652 obtinent,
778 2593 852 2657 quoe
870 2569 946 2636 Boni
961 2573 1038 2638 illins
1054 2595 1089 2638 uo
1104 2573 1234 2660 supremi

84 2677 159 2742 nibil
171 2675 300 2754 intersit,
323 2693 416 2757 neque
432 2673 585 2757 quinquen
601 2673 631 2738 iu
647 2693 681 2738 es
698 2693 772 2758 quse
790 2676 818 2738 in
834 2675 901 2739 muli
918 2676 1062 2740 domicilio
1078 2687 1147 2742 euut
1160 2678 1234 2742 iuris

86 2779 210 2858 bubest,
240 2775 402 2862 tyrannicis
419 2776 513 2858 megin
531 2777 588 2840 erit
605 2777 735 2843 moribus
754 2797 907 2863 supremus
925 2777 973 2842 ille
990 2778 1166 2864 minimeque
1182 2779 1234 2844 bo-

84 2903 156 2960 nos,
180 2881 227 2966 qni
245 2880 333 2944 lilium
350 2899 446 2957 sunm,
470 2899 573 2964 nempe
588 2873 750 2958 Christum,
774 2880 897 2961 miserit,
916 2890 948 2945 ut
959 2893 1113 2967 usurparet
1127 2881 1233 2947 eliens.

86 2983 158 3068 Quo
175 2983 289 3068 quidem
305 2981 476 3059 eonstitoto,
497 2980 544 3044 ubi
562 2980 610 3044 ille
627 2980 768 3046 terminus
784 2983 873 3047 erite
890 3005 947 3066 qno
963 3003 1002 3048 ex
1018 2984 1186 3070 impostoris
1201 2984 1236 3048 il·

85 3089 144 3154 lius
161 3085 298 3170 opinione
314 3083 371 3146 trie
387 3091 456 3147 sunt
471 3082 519 3150 illu
534 3079 681 3169 Prineipie
697 3088 850 3171 seperstel
893 3082 1085 3167 Qoeereudns
1100 3085 1235 3150 nimirum

87 3189 146 3255 erit
161 3197 281 3272 quertus
298 3184 402 3270 uliquis
418 3185 630 3269 aequissimus,
655 3207 689 3250 so
708 3187 798 3251 tribus
815 3187 992 3271 sapientior,
1016 3188 1097 3251 velut
1113 3186 1235 3251 limitum

87 3291 246 3374 finiumque
260 3287 456 3372 regundorum
473 3288 599 3371 peritus,
624 3288 671 3372 qui
688 3308 770 3352 suom
785 3289 888 3372 ruique
905 3291 1019 3353 modom
1035 3289 1177 3367 attribuit,
1200 3309 1236 3352 en

88 3413 192 3478 paoem
214 3390 291 3455 inter
312 3389 377 3454 illos
398 3387 553 3468 stabilivit,
586 3399 617 3452 ut
638 3410 676 3452 ne
696 3390 818 3475 emplius
840 3411 856 3452 e
878 3411 910 3454 se
929 3401 1028 3454 mutuo
1048 3390 1234 3470 dissiderent,

88 3507 138 3562 snt
154 3495 231 3560 elter
244 3491 385 3556 satellites
408 3512 477 3555 suos
494 3491 523 3554 in
539 3491 694 3556 stationem
710 3490 830 3556 ulterius
848 3491 1026 3556 immitteret.
1072 3492 1170 3576 Atque
1186 3493 1235 3557 ille

89 3599 207 3684 quidem
223 3615 294 3680 peoe
310 3597 387 3658 inter
403 3593 458 3656 trie
473 3590 620 3679 Principis
634 3594 790 3657 eonstitntn
805 3605 924 3678 quartus
940 3593 1155 3675 nunerebitnr,
1188 3615 1236 3660 ee·

90 3701 163 3765 teris
184 3695 353 3784 prudentior
373 3717 408 3760 en
428 3695 549 3776 iustior,
579 3707 610 3760 et
630 3695 706 3760 idem
728 3706 823 3760 temen
843 3697 906 3780 ipse
924 3697 1040 3783 proprio
1057 3717 1092 3761 oo
1107 3707 1189 3762 nerto
1207 3698 1237 3762 in

90 3803 155 3868 looo
178 3799 363 3885 quaerendos
384 3808 447 3876 eet,
477 3819 494 3862 e
516 3819 573 3882 qno
595 3798 680 3862 trium
699 3797 729 3861 in
749 3799 873 3864 medium
891 3819 1064 3885 progressus
1081 3799 1236 3884 uniruique

91 3915 203 3989 partem
220 3922 300 3968 susm
318 3900 393 3965 snite
407 3921 443 3964 so
460 3900 551 3986 perite
569 3900 718 3980 tribuerit,
743 3921 780 3964 ue
798 3911 896 3966 mutuo
911 3901 966 3964 sibi
984 3902 1115 3966 iniurium
1129 3903 1237 3986 impor-

92 4017 202 4070 tsrent.
247 4001 307 4068 lem
321 4023 393 4066 vern
409 4003 434 4066 si
449 4003 478 4065 in
495 4002 592 4082 unius,
616 4012 682 4087 putu
699 4002 853 4084 orentoris,
877 4003 1064 4089 possessione
1080 4005 1136 4068 duo
1154 4001 1237 4066 Prin·

92 4108 166 4194 nipie
185 4117 358 4186 versentur,
381 4105 473 4170 mulos
488 4103 635 4183 nimirum,
660 4103 751 4190 quiin
768 4105 853 4171 buius
867 4105 1034 4190 regionibns
1047 4106 1176 4190 locisque
1191 4125 1238 4170 re·

93 4211 199 4289 sideut,
223 4187 253 4272 e't
267 4227 283 4272 s
297 4207 374 4272 bono
387 4206 494 4272 missus
508 4205 671 4290 ibidemque
685 4228 867 4272 nummorum
883 4203 1031 4287 Christos,
1055 4229 1238 4292 consequeus

94 4323 215 4378 estnon
230 4309 309 4376 illurn
325 4311 410 4374 modo
425 4307 548 4374 iudioem
563 4329 597 4372 ue
612 4306 808 4390 conditorem,
839 4311 891 4374 sed
906 4320 936 4375 et
951 4310 1057 4374 bonnm
1074 4329 1157 4391 esse,
1189 4311 1239 4396 qni

96 4413 236 4478 ambobus
257 4413 457 4498 quodcumque
475 4413 549 4498 opud
570 4431 603 4476 se
625 4422 765 4498 superent
782 4432 871 4498 egere
889 4413 1070 4499 permiserit,
1100 4423 1151 4478 eut
1167 4433 1239 4478 sene

27 4581 29 4606 Ι
97 4535 234 4602 perquem
255 4515 311 4580 erit
326 4514 505 4594 imbecillus,
529 4514 577 4600 qui
594 4515 754 4580 elienorum
769 4515 932 4601 direpores
947 4522 1085 4580 oodroere
1102 4515 1240 4602 neqnive-

967 4616 1037 4686 36*
