3106 4990
378 293 513 346 nnnnnu
529 293 591 344 uro.
604 294 624 344 t.
641 291 722 346 rom.
735 292 777 344 ru.
795 290 894 342 nana.
905 289 1028 340 xxxiv.
1214 275 1275 340 tes

132 409 205 478 inde
229 413 338 478 omisso
360 433 462 478 rursus
479 415 607 499 episemo
631 423 660 476 et
681 412 809 498 ipsorum
831 409 1041 474 elementorum
1064 407 1206 474 subducto
1225 429 1278 470 nu·

132 537 215 580 mero
235 528 322 600 atque
344 516 505 602 conposito
527 536 618 600 usque
640 515 675 578 ad
698 525 765 578 octo
786 512 972 578 tricenarium
993 511 1154 596 perficiunt.
1199 507 1277 574 Nam

131 621 180 703 qui
202 619 237 682 ab
259 620 445 704 deceperit,
478 617 744 697 etinipdesierit,
776 614 1133 690 elenaentauumerando,
1164 613 1277 698 dempta

132 731 229 784 tamen
248 723 356 786 senarii
373 732 440 784 nota
460 741 494 784 ac
511 719 659 784 literarum
676 721 705 782 iu
726 741 812 782 urium
835 717 1041 804 progressione
1060 717 1201 794 cortileta,
1226 716 1276 778 tri-

129 825 211 909 ginta
229 825 366 909 reperiet.
411 820 556 907 Quoniam
572 822 606 884 ad
621 829 636 885 ἓ
654 843 746 905 usque
758 817 818 884 XV
836 831 1026 903 consurgunt.
1073 815 1127 880 itis
1144 819 1276 882 adiuncta

129 936 242 1011 septena
258 923 353 990 xxti
371 925 491 990 incitant.
537 921 651 1006 Quibus
666 932 700 1004 ip,
725 925 780 988 itoc
795 934 841 988 est
856 933 940 999 octo,
963 921 988 986 si
1006 921 1201 997 accesserint,
1226 921 1276 982 ad·

129 1029 290 1092 mirabitem
304 1028 382 1092 iituan
400 1027 607 1091 Triesuarium
622 1026 791 1111 implebunt.
837 1023 914 1088 iiiuc
929 1023 1063 1115 Aeonum
1081 1022 1199 1105 triginta
1217 1043 1277 1086 ma·

129 1141 206 1194 trem
225 1127 395 1214 Ogdoadem
410 1130 602 1194 constituunt.
647 1127 686 1192 lit
702 1128 837 1212 quoniam
855 1127 946 1191 tribus
962 1125 1116 1190 virtutibus
1133 1123 1277 1188 Tricena·

126 1233 192 1296 rius
211 1233 408 1317 componitur,
440 1243 486 1296 ter
503 1233 532 1296 iu
551 1253 617 1296 sese
635 1232 738 1296 duetus
757 1229 914 1312 nonaginta
932 1229 1075 1314 producit.
1119 1225 1185 1304 Ter,
1200 1227 1275 1290 enim

126 1335 249 1419 triginta
266 1335 301 1398 ad
316 1336 471 1419 nonaginta
488 1335 672 1420 perveniunt.
719 1330 778 1398 Sed
794 1343 824 1396 et
837 1332 984 1398 ternarius
1000 1351 1114 1416 quoque
1130 1331 1233 1394 ductus
1247 1329 1275 1392 in

126 1457 165 1502 se
187 1458 292 1502 norem
313 1437 410 1502 efficit.
456 1435 508 1500 Sic
526 1433 645 1521 Ogdoas
661 1432 771 1500 XCIX
793 1455 943 1500 numerum
966 1435 1041 1520 apud
1063 1434 1128 1498 iilos
1151 1432 1273 1518 peperit.

127 1537 264 1624 Cumque
280 1540 467 1604 duodecimus
484 1541 569 1603 Aaou
586 1538 723 1604 deficiens
738 1559 853 1604 sursum
868 1535 915 1602 ΧΙ
930 1537 1092 1621 reliquerit,
1116 1536 1145 1599 in
1161 1529 1275 1618 Λόγου,

127 1642 186 1704 itae
202 1652 248 1706 est
265 1641 372 1721 Verbi,
397 1643 487 1726 ligura
504 1653 729 1706 consentaneam
746 1641 895 1706 literarum
913 1641 1034 1704 sormam
1051 1639 1207 1702 adhibitam
1224 1659 1276 1723 pu·

127 1755 203 1807 tant.
248 1742 364 1810 Etenim
381 1744 534 1808 undecima
551 1745 654 1810 ordine
671 1745 819 1813 literarum
841 1755 885 1808 est
907 1731 938 1820 i,
970 1743 1016 1826 qui
1036 1741 1209 1807 tricenarius
1231 1750 1276 1804 est

126 1867 287 1925 numerus,
310 1857 342 1910 et
355 1847 389 1910 ad
407 1847 558 1932 exernpiar
571 1847 707 1912 coelestis
723 1846 921 1932 providentiae
937 1846 1041 1930 posita.
1087 1842 1276 1928 Qrtaodoqui·

125 1950 194 2013 dem
214 1949 239 2012 si
259 1950 296 2012 ab
313 1956 346 2022 ᾶ,
376 1937 443 2014 ati
461 1971 570 2034 usque,
602 1952 717 2034 dempto
734 1960 829 2014 tamen
846 1951 993 2034 episemo,
1024 1949 1160 2012 continua
1178 1946 1276 2011 litera·

125 2073 193 2115 rurn
211 2051 357 2116 additione
375 2073 526 2116 nunaerum
544 2073 644 2116 earum
663 2051 799 2135 colliges,
824 2053 1034 2137 comprehenso
1051 2049 1136 2116 simul
1152 2037 1174 2111 i
1185 2070 1275 2112 nona·

125 2155 211 2239 ginta
231 2175 335 2220 novem
355 2156 507 2240 prodeunt.
554 2152 693 2220 Ceterum
707 2142 727 2216 ἶ
741 2155 851 2239 ipsum,
882 2153 958 2238 quod
976 2154 1078 2216 ordine
1096 2163 1142 2216 est
1158 2151 1274 2216 undeci-

125 2277 224 2332 mum,
247 2257 283 2319 ad
299 2259 494 2341 quaerendum
511 2259 556 2322 sui
573 2257 666 2322 simile
684 2257 888 2334 descendisse,
913 2268 944 2320 ut
962 2254 1161 2320 duodecimum
1176 2253 1276 2336 impie·

124 2368 187 2436 ret,
211 2359 296 2443 idque
315 2381 351 2423 eo
367 2369 484 2444 reperto
498 2371 686 2424 consecutum
704 2381 783 2438 esse,
808 2361 879 2424 satis
895 2360 985 2444 ipsam
1005 2357 1140 2422 elementi
1155 2357 1274 2440 figuram

123 2481 265 2544 arguero.
311 2457 426 2547 Quippe
440 2449 505 2526 iau
523 2461 569 2526 sui
582 2461 685 2526 sinitis
700 2460 916 2547 inquisitionem
933 2461 1104 2540 adveniens,
1127 2481 1191 2524 curn
1205 2458 1274 2524 ittut

124 2563 293 2626 invenisset
308 2576 338 2627 et
353 2565 387 2628 ad
404 2586 471 2628 sese
488 2565 649 2648 rapuisset,
674 2564 834 2628 duodecimi
848 2565 941 2628 iocum
959 2563 1099 2650 implevit.
1144 2559 1229 2628 Unde
1246 2573 1276 2624 et

123 2669 147 2744 ᾗ
170 2674 307 2730 asserunt
328 2687 368 2730 ex
389 2667 494 2752 duptioi
512 2651 544 2730 ii
565 2687 632 2730 esse
655 2678 835 2732 contextum.
879 2665 1099 2754 Proptereaque
1119 2665 1274 2748 nonaginta

125 2787 235 2832 novem
258 2769 407 2852 regionem
429 2770 509 2853 ipsos
529 2769 695 2854 cogititioue
715 2771 831 2854 frigere,
864 2771 1006 2836 deiectum
1024 2769 1136 2834 sciticet
1153 2789 1187 2832 ac
1204 2766 1274 2831 siui-

124 2881 207 2934 strne
225 2892 328 2936 marius
347 2873 486 2956 figuram,
520 2894 606 2936 unum
624 2893 696 2936 vero
714 2875 895 2954 consectari,
927 2873 1002 2958 qnod
1019 2873 1054 2938 nd
1071 2867 1178 2936 xcix
1195 2870 1275 2933 addi·

125 2984 189 3037 tum
211 2974 344 3040 dextram
366 2976 447 3059 ipsos
469 2975 503 3038 od
527 2997 642 3040 manum
665 2977 856 3040 transtulerit.

213 3482 288 3551 Cum
305 3497 336 3550 tu
351 3487 424 3565 ista,
448 3486 615 3564 carissime,
641 3509 812 3573 percurres,
837 3509 895 3552 non
914 3487 1011 3552 dubito
1030 3486 1098 3570 quin
1118 3485 1205 3550 hasce
1223 3504 1273 3547 ve·
1288 3493 1424 3561 cupiittt.

126 3590 266 3654 nissimas
286 3589 409 3675 ineptias
430 3611 606 3676 magnopere
629 3591 772 3654 derideas.
819 3587 878 3656 Sed
898 3589 1064 3676 deplorandi
1089 3586 1274 3650 nihilominus

158 3811 200 3864 23.
219 3810 245 3864 do
262 3812 299 3878 τῷ
316 3809 428 3878 σχήματι
444 3814 570 3864 monadum
586 3816 632 3864 iet.
646 3816 684 3865 in·
716 3829 780 3865 mum
798 3831 826 3866 ea
843 3817 894 3866 eod.
912 3817 985 3864 Vetto.
1002 3827 1030 3862 eu
1047 3811 1139 3862 nddtdtt
1155 3811 1273 3862 Petreius.

122 3886 245 3944 terpretem
263 3885 355 3929 coniecti
371 3882 462 3930 diditus·
749 3883 790 3934 29.
807 3881 847 3938 eat
865 3881 898 3948 dri
916 3882 960 3935 καὶ
976 3883 1086 3932 Pseudo·
1097 3882 1211 3942 Ortpenes.

158 3945 200 3998 24.
219 3948 320 4000 κεῖσθαι
340 3951 432 4009 reposui
453 3962 482 3997 es
500 3951 547 3997 iet.
561 3951 684 4011 interprete
750 3949 791 4002 30.
809 3956 844 4005 ito
865 3953 910 4002 iet.
924 3953 1037 4013 interpres
1052 3954 1073 3999 et
1087 3947 1273 4009 Pseudo-Oripe-

122 4023 145 4066 et
159 4018 385 4078 Pseudo-Ordesos.
415 4017 480 4065 utera
495 4017 580 4066 intent
595 4013 684 4070 aretina.
716 4033 757 4069 nes
767 4020 804 4085 (tn
816 4035 862 4082 qao
877 4025 897 4070 et
912 4023 1000 4087 φυγεῖν
1009 4033 1053 4080 pro
1068 4011 1192 4083 φεύγειν).
1218 4017 1273 4063 iut-

158 4083 199 4134 25.
213 4087 263 4136 τῶν
277 4079 408 4146 τριάκοντα
421 4087 503 4146 scripsi
515 4099 567 4133 cum
581 4087 684 4134 Pseudo·
716 4103 746 4151 po
765 4083 850 4140 edred.

124 4155 225 4215 Origene
238 4157 260 4202 et
278 4155 322 4201 iet.
335 4153 465 4214 interprete.
491 4153 562 4216 Vatpo
576 4156 637 4202 enirn
650 4155 681 4203 le·
748 4155 788 4206 31.
806 4159 842 4206 ito
855 4157 922 4206 codd.
936 4157 989 4206 Van.
1009 4157 1079 4204 tutte.
1095 4153 1189 4214 Riedip.
1204 4156 1225 4200 et
1236 4151 1272 4200 ed.

121 4241 187 4300 vileir
203 4235 254 4288 reio
272 4239 292 4288 t.
715 4245 795 4294 Petam
832 4243 905 4291 Antea
921 4244 1031 4303 scriptum
1048 4244 1098 4291 erut
1116 4239 1153 4290 stt.

157 4303 199 4355 2⁶·
218 4301 403 4388 σᾙνῖξῖῑψέῖῡῑ
420 4307 655 4386 Ρξθῑῑᾶθ·οἶἷ99”ξθ’
749 4325 789 4376 32.
806 4320 898 4384 αὐτοὺς
917 4329 1010 4388 reposui
1031 4341 1059 4375 ec
1084 4327 1129 4374 Vei.
1143 4326 1273 4386 interprete.

157 4369 199 4424 27.
217 4389 297 4437 aspar
313 4375 364 4424 eoa
378 4375 474 4457 ΜΨ·
491 4380 511 4424 e
525 4375 578 4424 saia.
590 4391 666 4438 princ.
714 4397 842 4456 spapaema
858 4397 912 4445 tana
926 4400 948 4444 e
961 4395 1174 4456 eseamonpme
1189 4395 1274 4444 muna

156 4455 199 4509 28.
218 4459 292 4508 todo
309 4455 347 4510 Te
365 4455 414 4524 γὰρ
431 4463 445 4512 λ
462 4485 494 4497 -
507 4485 540 4498 -
553 4487 586 4498 -
602 4461 645 4512 τοῦ
664 4463 684 4524 n
715 4457 801 4516 edred.

123 4524 248 4594 στοιχιίου
262 4527 424 4578 desiderantur
435 4531 459 4578 in
469 4529 524 4578 edit.
531 4530 606 4590 ponc.
629 4531 683 4582 Prt-
