3096 4988
368 318 501 369 ιιιιιιιιιι
520 318 582 368 auo.
599 319 617 368 ι.
635 317 715 370 noar.
730 319 759 368 ιι.
787 319 885 368 noan.
903 319 1005 370 xxxo.
1199 309 1257 370 351

116 437 237 504 reflari.
271 435 331 502 lam
346 458 419 504 vero
433 459 450 500 e
464 449 584 522 stupore
601 459 635 502 ac
648 437 762 502 consilii
776 437 886 522 inopia,
903 449 1039 522 tanquam
1053 460 1093 504 ex
1108 439 1263 524 ignobilio-

116 561 156 618 rc,
171 559 324 625 corporea,
341 549 373 604 ιιι
384 549 453 604 ante
466 539 603 618 diximus,
620 539 719 602 mundi
730 539 874 604 clemente
890 540 1044 624 prodiisse.
1075 537 1119 605 lta
1134 561 1174 605 ex
1187 551 1262 606 atto-

116 644 190 708 nitae
207 644 313 708 mentis
329 653 407 708 statu
425 653 550 720 terram,
574 663 677 726 aquam
693 663 709 704 e
726 641 864 726 lacrymis
877 629 949 726 quas
964 654 1060 708 metus
1074 656 1260 724 excusserat,

115 765 211 811 cerem
227 767 268 810 cn
284 744 392 810 doloris
411 744 611 822 concretione,
634 743 732 828 ignem
752 744 876 828 denique
893 745 1027 810 omnibns
1044 745 1260 832 ingeneratum,

114 848 192 914 velut
215 859 336 912 mortem
359 858 446 932 atque
469 846 611 926 exitium,
641 846 760 931 perinde
780 859 865 931 atquc
885 845 977 913 tribus
996 849 1261 933 perturbationibus

115 950 250 1016 insertam
268 951 461 1036 ignorantiam
478 951 594 1016 docent.
642 950 686 1014 Ad
703 949 788 1028 bace,
811 950 942 1014 absoluta
955 952 1056 1016 mundi
1073 953 1193 1030 fabrica,
1218 954 1261 1016 lu·

114 1064 190 1118 teum
207 1051 361 1118 Hominem
381 1075 399 1118 a
418 1050 578 1118 Conditore
597 1053 712 1130 dotum,
744 1074 802 1116 nou
822 1073 861 1116 ex
878 1051 957 1118 sicco
975 1054 1023 1118 illa
1044 1064 1141 1118 tamen
1159 1055 1258 1134 burno,

115 1157 164 1220 sed
186 1177 227 1220 cx
247 1157 341 1222 visum
365 1158 494 1241 fugiente
511 1154 692 1233 substantia,
725 1177 790 1218 eum
808 1177 846 1220 ex
867 1156 969 1220 dillusa
987 1155 1151 1241 liquidaque
1169 1168 1260 1222 matc-

113 1259 174 1324 riae
191 1271 273 1344 parte
291 1261 483 1346 sumpsisset,
515 1269 544 1324 et
563 1259 591 1324 in
608 1279 674 1322 enm
693 1257 845 1322 Hominem
864 1259 1017 1323 animalem
1033 1259 1154 1324 alterum
1171 1262 1260 1346 inspi-

114 1373 218 1426 rasset.
262 1361 406 1447 Huneqtte
425 1362 499 1429 adeo
519 1361 612 1447 ipsum
628 1361 707 1425 illum
730 1381 798 1424 esse
816 1361 864 1445 qui
884 1361 919 1426 ad
936 1362 1090 1446 imaginem
1108 1383 1142 1426 ac
1159 1362 1260 1428 simili-

113 1464 239 1528 tudinem
263 1467 301 1530 sit
323 1485 495 1550 expressus.
546 1461 624 1528 Nam
648 1465 683 1526 ad
705 1464 862 1548 imaginem
882 1485 946 1528 eum
969 1486 1036 1530 esse
1057 1468 1179 1546 lactum,
1211 1467 1259 1550 qui

112 1566 231 1632 materia
247 1578 379 1645 onustat,
403 1567 510 1651 quique
525 1567 565 1631 ita
582 1563 639 1632 Dei
657 1567 760 1632 similis
776 1567 831 1646 sit,
856 1577 888 1630 ut
903 1567 1025 1632 eandem
1043 1589 1108 1632 cum
1125 1569 1190 1653 ipso
1208 1589 1259 1634 na-

114 1681 206 1734 turam
227 1667 347 1734 minium
368 1669 524 1747 sortiatur,
554 1668 720 1734 Animalcm
736 1689 809 1734 vero
831 1670 867 1734 ad
885 1669 1101 1735 similitudinem
1122 1673 1257 1748 effictum,

113 1771 187 1836 unde
207 1772 293 1836 etiam
311 1773 389 1836 vitae
406 1772 539 1858 spiritum
557 1771 620 1836 eins
638 1771 775 1858 appellari
791 1771 1001 1852 substantiam,
1025 1793 1099 1858 quae
1117 1795 1157 1838 en
1173 1773 1259 1858 spiri·

113 1873 160 1938 tali
182 1875 304 1958 quadam
328 1875 457 1940 lluxione
476 1876 605 1959 prolecta
623 1873 672 1938 sit.
717 1871 871 1940 Postremo
889 1875 1038 1961 pelliceam
1057 1876 1098 1940 illi
1118 1876 1257 1956 tunicam,

113 1976 167 2040 boc
183 1989 230 2040 est
244 1997 362 2042 carnem
378 1976 455 2040 illem
470 1999 555 2060 quau
572 1975 731 2054 cernimus,
749 1997 815 2041 esse
830 1977 1048 2042 circumdatam.
1085 1977 1171 2061 Quod
1187 1997 1259 2044 uero

113 2081 146 2144 ad
162 2075 273 2144 Matris
289 2078 453 2144 Achamoth
472 2080 560 2143 letum
576 2079 662 2144 alium
678 2078 814 2164 partinet,
839 2101 925 2164 quem
939 2101 979 2144 ex
993 2080 1175 2165 Angelorum
1193 2080 1259 2146 Sal·

113 2183 221 2248 ratoris
239 2181 375 2250 comitum
392 2181 635 2266 contemplatione
653 2182 782 2267 peperit,
807 2193 908 2266 estque
923 2182 1063 2268 spiritalia
1077 2194 1163 2268 atque
1180 2185 1258 2250 eiun-

113 2287 175 2350 dcm
193 2305 259 2349 cnm
277 2282 375 2349 Matre
392 2295 530 2364 naturae,
563 2284 651 2350 etiam
673 2285 749 2348 buno
770 2284 900 2369 ignotum
924 2285 1015 2350 luisse
1033 2279 1185 2350 Conditori
1206 2309 1259 2371 pu·

112 2399 189 2468 tant,
223 2409 257 2452 ao
275 2387 349 2452 clam
367 2387 430 2474 ipso
451 2391 601 2452 nesciente
621 2387 650 2451 io
668 2387 789 2452 eundem
807 2387 981 2468 demissum,
1013 2399 1115 2473 utpcr
1134 2389 1257 2454 lruuoin
1295 2445 1304 2462 ,

113 2493 271 2575 prolectam
292 2489 328 2552 ab
351 2511 387 2554 eo
409 2490 533 2554 aninuaur
557 2511 737 2575 corpusque,
768 2489 843 2574 quod
863 2511 927 2554 oum
947 2489 1070 2554 materia
1089 2501 1257 2556 coniuratum

112 2604 172 2676 en,
203 2603 319 2672 satum,
351 2592 386 2655 ab
406 2591 566 2676 iisdemque
588 2593 667 2656 velut
686 2603 769 2656 utero
785 2602 930 2676 gestatum
949 2602 1036 2676 atque
1057 2604 1192 2675 auctum,
1222 2595 1257 2660 ad

113 2696 138 2760 id
158 2697 236 2781 quod
255 2696 416 2781 perlectum
435 2707 481 2760 cst
499 2693 695 2780 recipiendum
714 2695 849 2758 idoneum
868 2694 1050 2760 redderetur.
1096 2693 1191 2781 lgitnr
1207 2698 1259 2763 ad·

112 2798 235 2864 mirabili
257 2800 397 2883 quadem,
427 2798 525 2876 aiunt,
554 2796 734 2882 providentia
756 2797 862 2860 lactum
888 2808 934 2861 est
955 2793 1103 2882 Spiritalis
1120 2809 1153 2864 ut
1172 2799 1257 2864 bonon

113 2896 303 2966 Conditorem
318 2901 439 2980 lateret,
472 2921 537 2964 curn
556 2921 613 2964 uoa
629 2921 682 2984 per
698 2899 761 2963 eius
776 2899 900 2964 adlatum
917 2921 934 2962 a
951 2897 1102 2986 Sapientia
1119 2923 1258 2968 consere·

112 3015 202 3069 retnr.
249 3001 290 3068 Ut
306 3003 383 3068 enim
400 3003 498 3087 ignota
512 3001 553 3066 illi
568 2998 668 3065 Mater
685 3001 754 3080 luit,
785 3000 829 3066 sic
847 3004 932 3066 etiam
952 3003 1141 3085 letusillius,
1172 3027 1257 3090 quam

113 3103 276 3172 Ecclesiam
295 3115 419 3184 vocant,
443 3102 595 3170 Ecclesiae
616 3104 736 3168 alterius
755 3124 790 3168 ac
808 3105 943 3170 coelestis
960 3106 1115 3189 imaginem
1134 3127 1258 3192 expres·

112 3227 182 3275 mm.
229 3208 329 3292 Atque
352 3207 427 3271 bunc
448 3207 541 3293 ipsum
565 3205 710 3273 bominem
732 3207 810 3271 illum
834 3227 900 3272 esse
923 3218 1045 3270 censent
1065 3209 1114 3294 qui
1135 3209 1165 3272 in
1184 3209 1257 3295 ipsis

112 3311 232 3388 existat,
250 3310 323 3374 adeo
341 3320 371 3374 ut
388 3309 513 3374 animam
529 3305 694 3387 Conditori,
715 3304 830 3394 Corpus
846 3309 944 3388 bomo,
961 3305 1089 3374 Carnem
1103 3313 1255 3390 materiae,

113 3407 281 3498 Spiritalem
302 3410 458 3476 Hominem
480 3409 570 3476 Matri
593 3411 757 3476 Achamoth
778 3423 927 3497 acceptum
950 3413 1091 3478 celerant.

192 3513 246 3580 Ex
261 3513 298 3580 iis
317 3515 409 3580 tribus
424 3515 499 3599 qood
515 3514 636 3578 materia
652 3523 778 3593 constat,
802 3512 1008 3598 sinistrumque
1023 3527 1156 3596 vocatur,
1180 3517 1256 3602 peri·
1291 3537 1352 3606 (ap,

112 3637 143 3682 rc
156 3617 331 3684 cocomario
346 3617 525 3702 praedicant,
550 3626 648 3702 utpote
663 3616 738 3701 quod
758 3637 795 3680 ne
812 3615 961 3680 minimum
975 3616 1089 3700 quidem
1107 3618 1256 3686 immorta-
1280 3605 1368 3660 ³³¹¹*

111 3719 199 3786 litatis
219 3721 347 3786 albatum
369 3719 460 3806 possit
480 3719 630 3804 recipcre;
654 3718 790 3784 Auimnle
808 3737 897 3800 vero,
921 3717 984 3784 sive
1002 3720 1156 3802 dextrum,
1180 3725 1257 3808 quod

112 3823 234 3888 medium
261 3825 340 3890 inter
362 3821 491 3908 spiritale
512 3843 547 3886 ae
572 3820 693 3886 materia
719 3821 879 3905 praeditum
904 3820 1074 3905 interiacet,
1108 3823 1174 3890 illue
1199 3848 1256 3912 qno

143 4078 183 4132 15.
201 4083 239 4132 lto
252 4081 321 4130 codd
335 4081 409 4130 lotio.
423 4085 444 4130 ιι
460 4083 521 4144 len,
535 4084 556 4130 rt
573 4081 619 4130 Vct.
630 4082 669 4130 ln·
702 4081 794 4142 ltrtr'qoi
810 4081 864 4129 labri
878 4081 989 4142 mactent
1007 4077 1066 4134 τότε
1085 4076 1147 4136 εἶναι
1166 4080 1209 4136 ado
1230 4082 1256 4138 dn

112 4152 179 4211 lunt.
216 4151 289 4212 Vulpn
306 4140 453 4214 cc’ubpuinmn.
702 4143 787 4206 adroic
803 4141 921 4208 ἀξιοῦσιν.

144 4215 183 4268 ta.
200 4214 306 4282 δυνάμει
329 4213 374 4268 καὶ
398 4215 498 4285 προνοίᾳ
519 4221 669 4279 reposuenmt
737 4219 775 4266 ιιι.
793 4217 829 4266 lto
842 4217 893 4266 cod.
907 4217 970 4280 Van,
981 4224 1050 4280 porte
1063 4220 1130 4270 codd.
1143 4233 1198 4269 mss.
1210 4223 1256 4271 Vct.

110 4283 192 4336 Βιιιιιιι
208 4287 295 4347 otiique
310 4285 339 4334 dc
356 4283 402 4334 Vct.
416 4287 546 4348 lntnprete.
700 4285 830 4346 lotapretts
844 4297 933 4348 quoque
945 4289 1102 4338 consentiente.
1137 4289 1209 4350 Vutqo
1223 4290 1255 4338 tr·

143 4351 183 4407 17.
201 4355 238 4404 lto
257 4354 367 4413 namlnat
379 4359 504 4415 promente
519 4355 588 4402 antro
602 4355 668 4402 ollis·
699 4355 762 4415 ptam
779 4349 906 4418 σαρκικόιι.

111 4433 167 4483 que,
188 4421 316 4472 amodum
335 4421 381 4472 l'et.
396 4423 527 4483 lnterpretlr
542 4424 667 4470 oudmbo·
737 4417 941 4471 crr.xx11.-
957 4424 978 4474 l.
993 4423 1155 4476 leocrates
1184 4426 1256 4488 Volgo

110 4491 162 4551 tem,
175 4493 198 4540 ιι
211 4489 262 4540 cod.
273 4491 358 4548 lomb,
372 4491 413 4552 qut
425 4489 492 4538 boon
504 4487 549 4542 και
561 4484 590 4542 τὸ
606 4483 669 4540 εἶναι
699 4483 879 4552 ἐπιδείξασθαι.

110 4553 151 4608 τὸν
174 4554 201 4609 do
220 4561 272 4616 τοῖς
294 4549 380 4615 αὐτοῖς
398 4547 528 4622 disponer
549 4549 666 4618 ἀξιοῦσιν.
