3106 4990
343 290 478 342 aauanu
495 289 557 340 crs.
573 291 594 341 1.
610 291 692 342 Tou.
706 291 748 341 tn.
765 291 864 342 unus.
875 291 997 346 xxxiv.
1183 284 1245 347 467

98 410 232 474 videlieet
254 429 288 472 ac
307 409 411 473 dulcis.
455 407 534 472 Nam
557 419 649 473 tutnm
672 411 765 496 ipsum
789 411 933 474 homiuem
952 413 1119 477 universnm
1141 414 1247 480 Trice-

97 513 170 576 oarii
194 512 410 576 similitudinem
435 511 510 576 bunc
533 511 563 575 in
585 515 701 576 modum
726 515 905 600 exprimere.
950 512 1080 579 Primum
1100 519 1129 581 in
1150 519 1247 604 digitis

95 612 242 680 Decedam
259 616 460 680 circumferre.
507 615 584 679 Tum
602 615 631 678 in
649 637 772 702 corpore
789 628 850 680 toto
866 615 1070 699 Dodeoadem,
1096 622 1170 704 quod
1184 619 1248 686 ΧΠ

96 719 123 780 in
144 718 272 781 membra
289 717 438 782 dividitur.
485 715 527 780 lta
544 719 620 782 enim
638 720 903 798 hoc-distribuunt,
928 730 959 784 nt
975 731 1004 783 et
1022 719 1165 785 Veritatis
1183 746 1247 787 cor·

96 839 165 904 pos,
196 821 232 883 de
253 841 311 904 quo
330 831 416 884 antea
437 821 575 884 diximus.
622 818 793 906 Ogdoadem
813 823 954 906 denique,
985 843 1058 908 quae
1082 825 1248 910 necexpli-

96 923 155 986 cari
179 944 316 988 sermone
340 945 394 987 nec
417 924 509 988 oculis
532 935 628 1009 potest
651 925 778 1009 percipi,
812 926 841 988 in
860 925 1023 990 visceribus
1044 927 1182 990 latentem
1204 928 1249 992 io-

97 1025 199 1110 telligi.

180 1126 305 1192 Praeter
328 1129 533 1208 caecantem,
566 1129 709 1193 luminare
731 1130 799 1194 illud
821 1151 974 1215 magnum,
1007 1133 1042 1196 ad
1065 1132 1249 1196 indicandum
1265 1147 1403 1215 caputve

97 1229 239 1295 Tetradis
258 1251 411 1294 numerum
426 1242 530 1314 quarto
547 1231 593 1294 die
612 1244 795 1318 procreatum
811 1243 922 1318 putant.
969 1232 1056 1318 Quod
1073 1234 1167 1319 ipsum
1182 1233 1251 1300 ttto-
1263 1247 1403 1302 stodeat

96 1333 166 1398 salci
186 1334 364 1398 tabernaculi
381 1335 483 1398 aulaea
499 1347 757 1419 repraesentasse,
789 1357 827 1398 ex
844 1337 951 1421 bysso,
984 1337 1157 1422 hyacintho,
1182 1360 1250 1424 pur·
1307 1303 1361 1344 Μ’

97 1457 168 1521 pura
184 1457 330 1522 coccoque
347 1447 498 1500 coattesta.
546 1435 707 1521 ltidemque
723 1438 884 1502 sacerdotis
899 1438 1021 1502 talarem
1037 1440 1165 1503 tonicam
1181 1445 1404 1524 qua-Excutere.

97 1551 166 1603 tuor
181 1539 345 1624 lapillorum
363 1540 513 1604 ordinibus
531 1540 708 1604 distinctam.
754 1541 800 1603 Ac
822 1541 847 1604 si
866 1562 921 1624 qua
941 1553 1009 1605 sunt
1028 1541 1249 1624 eiusdemmodi,

96 1663 172 1726 quae
193 1644 222 1705 iu
246 1643 340 1706 sacris
362 1642 456 1706 literis
478 1643 513 1706 ad
536 1644 751 1728 quaternarium
773 1665 925 1706 numerum
949 1645 1162 1710 accommodari
1186 1667 1252 1732 pos·

96 1757 183 1823 sunt,
216 1767 297 1808 sitam
320 1747 355 1807 ad
375 1745 534 1808 Tetradem
559 1745 706 1831 pertinere
728 1747 911 1810 coniirmaut.
958 1742 1127 1831 Ogdoadem
1149 1769 1251 1812 rursus

96 1847 152 1910 hoc
173 1848 234 1910 lere
251 1848 338 1911 modo
355 1849 562 1912 demonstrari.
608 1847 724 1912 Etenim
743 1859 848 1912 octavo
867 1849 912 1910 dic
932 1849 1088 1912 lormatum
1106 1851 1252 1914 hominem

96 1962 248 2029 asserunt,
267 1971 351 2034 qoem
365 1951 437 2014 alias
454 1961 541 2015 sexto
558 1952 653 2036 potius
669 1953 838 2036 productum
854 1951 971 2014 volunt:
998 1951 1053 2015 nisi
1068 1954 1144 2017 lorte
1160 1965 1253 2017 terre·

95 2064 189 2116 stram
215 2053 360 2116 homiuem
382 2063 486 2133 sexto,
518 2055 664 2118 carnalem
688 2065 791 2118 octavo
814 2055 861 2116 die
882 2054 1051 2118 fabricatum
1074 2055 1252 2139 intelligunt.

95 2153 184 2219 Haec
205 2156 283 2219 anim
307 2157 382 2241 apud
404 2157 470 2220 illos
489 2157 625 2220 distincta
647 2167 726 2220 sunt.
774 2153 833 2220 sat
855 2157 987 2219 nonrmlli
1005 2157 1153 2222 diversum
1172 2158 1253 2221 illnm

96 2260 211 2322 iaciunt
227 2261 275 2342 qui
292 2259 328 2322 ad
346 2257 502 2342 imaginem
517 2259 792 2342 similitudinemque
809 2270 926 2323 creartus
942 2271 988 2322 est
1004 2261 1068 2339 dei,
1099 2281 1185 2344 quem
1204 2281 1254 2323 au-

94 2362 263 2446 drogyoum
280 2361 479 2442 coristituunt‚
510 2361 545 2424 ab
563 2361 620 2425 alio
639 2362 686 2446 qui
704 2382 743 2424 ex
761 2361 847 2424 humo
866 2363 1007 2425 formatus
1027 2373 1083 2426 est.
1130 2361 1209 2446 Quin
1227 2373 1256 2426 et
1271 2381 1328 2426 aaa.
1342 2384 1361 2427 o.

93 2483 190 2526 ureae
211 2463 290 2528 illius
305 2463 406 2526 ditarit
425 2474 555 2550 tempore
572 2463 808 2550 dispositionem,
833 2462 862 2525 iu
880 2485 937 2547 qua
954 2464 1086 2528 homines
1102 2475 1169 2527 octo
1183 2464 1255 2528 libe·

93 2565 152 2628 rati
173 2575 259 2645 sunt,
293 2565 448 2630 manifeste
469 2568 628 2630 salutarem
649 2567 684 2630 ad
706 2563 874 2649 Ogdoadem
898 2577 1031 2651 spectare
1053 2569 1253 2651 pronuntiant,
1266 2589 1316 2633 aa
1348 2591 1398 2648 ao,

96 2680 128 2731 ut
146 2679 178 2732 et
196 2667 338 2733 Davidem
357 2669 470 2753 ipsum,
495 2669 543 2753 qni
560 2680 663 2732 octavo
681 2679 746 2753 post
764 2670 871 2730 iratres
889 2669 954 2732 loco
971 2667 1000 2731 in
1017 2669 1112 2732 lucem
1130 2680 1176 2734 est
1194 2671 1255 2734 edi·
1294 2643 1327 2699 ¹⁰¹
1354 2642 1372 2685 ¹¹

96 2781 158 2834 lus.
192 2771 314 2834 Addunt
328 2783 357 2834 et
372 2771 623 2835 circumcisionem
639 2783 744 2835 octavo
758 2770 804 2834 die
820 2782 985 2856 susceptam
1002 2773 1140 2837 eoelestis
1156 2769 1410 2858 Ogdo-uan.1a,ta.

95 2873 162 2936 adis
179 2873 433 2938 circumcisionem
451 2875 619 2938 ostendere.
665 2875 782 2959 Atque,
807 2886 838 2938 ut
852 2896 910 2938 uno
926 2876 1017 2938 verbo
1034 2875 1144 2954 dicam,
1169 2895 1258 2960 quae-

94 2997 225 3061 cumque
248 2978 342 3040 saeris
364 2978 394 3040 in
419 2977 500 3040 libris
519 2978 720 3063 reperiuntur,
753 2997 827 3061 quae
848 2980 882 3041 ad
903 2977 1090 3041 octonarium
1106 2997 1258 3042 numerum

93 3079 177 3142 trahi
194 3089 349 3164 utcumque
368 3089 506 3163 possunt,
532 3081 566 3144 ad
584 3079 795 3144 conficiendum
816 3076 967 3164 Ogdoadis
984 3081 1154 3166 mysterium
1175 3099 1259 3142 usur-

92 3193 181 3266 pant.
228 3180 391 3246 Enimvero
406 3179 553 3246 Oreadem
571 3204 624 3268 per
640 3185 740 3246 decem
758 3183 822 3245 illas
839 3182 974 3247 nationes
991 3183 1112 3245 indicari
1132 3203 1189 3244 rron
1207 3182 1410 3254 du-uau.1s‚1s.

92 3285 211 3362 bilant,
243 3303 364 3370 quatum
386 3287 604 3369 possessionem
623 3287 695 3349 deus
713 3285 882 3348 Abrahamo
900 3285 1086 3369 promiserat.
1131 3281 1259 3346 Eodem-

93 3409 154 3471 que
177 3385 290 3452 Sarrae
309 3386 460 3451 consilium
481 3387 642 3474 applicant,
675 3409 738 3450 euru
759 3399 823 3472 post
840 3407 933 3449 anuos
949 3389 1048 3449 decem
1067 3385 1201 3448 ancillam
1217 3385 1259 3448 illi
1273 3404 1402 3461 cautas·

91 3510 182 3554 suam
199 3489 329 3574 Agarem
344 3491 503 3570 concessit,
525 3489 633 3552 liberos
650 3499 680 3552 ut
694 3510 733 3552 cx
748 3509 782 3550 ea
799 3489 973 3574 susciperet.
1021 3487 1099 3572 Quin
1116 3499 1146 3552 et
1161 3488 1259 3552 Abra·
1273 3508 1411 3566 canaam.

93 3593 154 3656 omi
182 3611 289 3656 servus
311 3593 346 3655 ad
368 3591 534 3656 Rebeccam
558 3591 682 3670 missus,
715 3591 762 3675 qui
783 3590 910 3653 armillas
932 3591 958 3653 ei
980 3594 1079 3654 decem
1098 3612 1203 3655 aureas
1222 3593 1258 3655 ad
1327 3562 1360 3605 ⁵⁵'

92 3707 219 3778 puteum
240 3694 359 3772 obtulit,
391 3716 446 3758 neo
464 3717 521 3759 non
540 3697 646 3759 iratres
664 3693 758 3772 illius,
788 3693 836 3776 qni
853 3693 952 3755 decem
970 3693 1032 3756 dies
1049 3715 1113 3757 eam
1130 3695 1260 3758 retinue-

92 3807 178 3860 runt.
226 3793 357 3881 Itemque
377 3794 584 3874 lerobuamus,
618 3796 663 3859 cui
686 3797 785 3858 decem
805 3795 897 3858 tribus
917 3795 1095 3879 assignatae.
1141 3796 1322 3862 Talea-tu
1355 3830 1360 3843 ·

1278 3855 1310 3908 n,
1322 3857 1333 3894 a
1350 3882 1355 3892 .

91 3898 198 3962 naouli
222 3919 336 3982 quoque
358 3899 489 3964 cortinae
513 3900 631 3977 decem,
664 3899 872 3982 columnaeque
889 3898 1051 3962 erubiturum
1070 3899 1189 3977 decem,
1222 3921 1256 3961 ac
1270 3905 1339 4001 anglg
1351 3907 1382 4000 lg,
1393 3906 1411 3952 ¹·

92 4000 203 4065 iacobi
227 4001 345 4064 totidem
370 4003 417 4066 lilii
435 4003 586 4066 coemendi
606 4001 742 4065 frumenti
762 4021 865 4064 caussa
888 4002 917 4063 in
934 4001 1101 4087 Aegyptum
1121 4001 1255 4088 proiecti.
1271 3991 1389 4104 Eppd2'01d.

124 4140 152 4191 2.
173 4136 285 4206 στοίχοις
299 4140 382 4190 Biltius
395 4143 416 4190 et
426 4141 544 4190 Petuntur.
572 4135 665 4207 στίχοις
699 4141 751 4200 tic,
768 4143 789 4186 et
803 4139 828 4186 tn
845 4138 898 4187 edit.
912 4141 987 4199 prino
1270 4114 1396 4170 affim-

90 4211 241 4259 tlosauetua.
732 4206 756 4257 ti.
775 4203 819 4256 aad
835 4201 881 4269 τήν
897 4207 947 4272 τῆς
963 4209 1014 4257 eorl.
1032 4210 1106 4256 Venet.

124 4277 151 4329 3.
173 4273 241 4342 μήτι
259 4271 302 4328 ria
318 4278 388 4326 codd.
405 4279 458 4328 Van.
480 4278 550 4326 Velio.
568 4277 665 4339 illedip.
732 4273 756 4327 7.
777 4268 866 4334 nullut,
884 4278 918 4323 uti
930 4288 1018 4337 supro,
1036 4276 1104 4324 codd.
1117 4278 1170 4324 Vera.
1185 4277 1258 4328 Votis.

90 4347 172 4408 Vulgo
194 4340 233 4409 μή
251 4341 302 4396 τὸν.
699 4344 795 4405 thdip.
813 4343 902 4404 Parin,
919 4348 941 4391 et
954 4345 1092 4406 adprime,
1109 4347 1129 4392 tt
1144 4343 1206 4392 atria
1222 4345 1259 4393 die

124 4413 152 4465 4.
175 4413 267 4462 Vtttum
280 4413 402 4474 caprino.
438 4409 507 4466 olatio
522 4411 580 4478 plus
596 4415 666 4462 Peto·
698 4423 787 4474 ouoqrn
803 4413 869 4460 uertit
886 4411 1069 4472 laudumnus.
1103 4405 1206 4462 adludat
1221 4411 1260 4462 ed.

87 4485 146 4534 olus
165 4483 265 4532 annulli
282 4495 325 4542 epe
341 4483 392 4530 rod.
410 4482 484 4531 l'cta‘c.
699 4479 798 4529 Patauii.

124 4553 152 4600 a.
170 4546 236 4612 περὶ
248 4549 393 4600 mortomar
407 4552 432 4599 r‘n
445 4551 513 4600 codd.
526 4553 577 4600 Van.
588 4553 608 4598 el
618 4550 665 4598 l'o·

986 4615 1056 4682 ³0*
