3072 4986
335 278 470 332 PtNaatt
488 279 564 330 ΔΝ.
581 279 747 332 nauseatus
765 281 827 333 ΗΒ,
843 283 861 334 Ι.
878 284 958 334 ΤΟΜ.
970 285 989 334 l.
1198 277 1238 336 47

93 415 198 480 resque
215 407 361 461 caeteras
408 399 454 462 Ad
479 397 551 462 lraec
569 398 728 462 animarum
749 419 790 463 ex
806 401 871 465 aliis
886 401 917 466 in
933 403 991 466 alia
1005 423 1131 489 corpora
1145 413 1242 470 trans·

93 499 224 564 lmioocs
248 519 283 561 ac
306 498 447 564 transitus
469 501 633 564 admittunt.
678 499 740 564 llas
764 502 870 588 quippe
893 501 929 567 de
951 526 1073 590 corpore
1099 507 1242 570 decedere

93 621 123 663 ac
139 622 246 664 rursus
263 601 395 686 ingredi,
429 602 590 686 iterumque
606 603 684 686 gigni
703 613 850 684 statuunt,
882 617 911 668 ct
928 608 1158 672 consceleratum
1173 609 1242 674 illud

92 703 195 787 dogma
213 704 335 788 quadam
353 704 464 768 erroris
481 703 657 767 abundantia
675 717 848 770 contexunt.
895 704 1051 772 Caeterum
1072 707 1240 794 particulam

92 806 235 888 quandam
249 805 309 886 dei,
333 806 513 890 eandemque
528 805 718 870 immortalem
733 807 858 871 animam
874 828 941 872 esse
954 811 1130 894 praedicant.
1168 810 1243 876 Por·

93 907 165 970 ticos
184 907 341 995 princeps,
372 907 436 970 sive
457 905 575 972 Stoicae
595 917 711 985 sectae,
744 907 827 973 Zeno
847 911 916 991 luit,
947 913 982 974 de
1001 932 1057 995 quo
1076 914 1175 978 varius
1196 923 1243 978 est

92 1029 199 1072 sermm
247 1007 327 1072 Nam
345 1009 393 1071 alii
410 1007 562 1073 Cleanthis
580 1010 727 1074 cuiusdam
744 1009 829 1096 Tyrii
846 1012 932 1076 lilium
951 1013 1043 1076 luisse
1059 1025 1170 1099 putant,
1193 1015 1242 1080 alii

96 1107 272 1174 Cittiensem
291 1113 401 1175 iaciunt
418 1133 457 1175 ex
473 1112 568 1176 insula
585 1108 703 1197 Cypr03
726 1133 811 1196 quem
830 1124 861 1176 et
878 1112 992 1177 Romae
1009 1115 1184 1198 aliquamdiu
1193 1119 1243 1181 *ai-

92 1213 173 1276 xisse
189 1223 331 1293 narrant,
356 1213 479 1298 indeque
497 1215 629 1277 Athenas
646 1215 807 1299 proiectum
823 1215 853 1278 in
870 1213 959 1294 Stoa,
985 1216 1040 1279 hoc
1056 1229 1101 1280 est
1114 1219 1240 1301 porticu,

93 1315 225 1399 domata
244 1315 294 1378 illa
312 1315 424 1400 publice
440 1314 639 1400 proposuisse.
679 1313 749 1380 Non
769 1319 873 1380 desunt
887 1318 935 1402 qui
952 1318 1025 1380 duos
1043 1317 1183 1384 Zenones
1200 1320 1242 1383 di·

93 1417 259 1500 stinguaot,
284 1415 422 1496 Eleates,
446 1428 476 1480 et
493 1437 557 1480 eum
575 1419 610 1480 da
628 1439 686 1502 quo
703 1419 837 1503 proxime
855 1418 1033 1483 dictumest.
1077 1417 1241 1506 Utcumque

92 1519 141 1596 rit,
176 1518 284 1582 cadem
309 1519 346 1581 ab
369 1517 519 1603 utriusque
541 1520 657 1583 decreta
683 1521 896 1604 profluxerunt.
939 1518 1124 1605 Proindeque
1150 1533 1242 1588 mate·

93 1620 161 1683 riam
177 1621 334 1704 aequalem
351 1621 407 1684 deo
427 1621 496 1684 lacit
515 1622 591 1714 alter
608 1620 677 1700 ille,
709 1623 946 1712 quemadmodum
970 1633 1000 1685 ct
1016 1622 1155 1688 haereses
1173 1625 1242 1688 reli·

94 1745 175 1806 quae.
226 1722 306 1786 Tum
324 1743 396 1786 nero
416 1722 463 1784 lati
479 1732 566 1805 atque
581 1722 702 1806 originis
717 1725 922 1788 necessitatem
938 1725 1077 1806 adstruit,
1101 1727 1184 1790 cuius
1200 1727 1241 1792 le·

94 1825 173 1907 gibos
189 1835 394 1909 temperentur
409 1833 440 1886 et
452 1823 615 1887 afficiantur
630 1825 779 1888 universa.
824 1823 918 1910 lgitur
931 1847 1129 1912 quaecumque
1144 1829 1241 1914 operis

95 1925 216 1991 instituti
240 1927 371 1990 brevitas
393 1936 493 1990 contra
515 1925 593 1990 illins
616 1928 773 2011 nequitiam
793 1927 933 2011 disputari
953 1930 1076 2012 patitur,
1107 1951 1143 1994 ac
1161 1931 1241 1994 velut

97 2031 238 2094 auxiliare
255 2029 495 2092 medicamentum
514 2028 628 2112 parari,
653 2031 704 2092 sed
720 2029 760 2092 ita
778 2051 958 2114 nequaquam
975 2040 1007 2095 ut
1022 2031 1052 2094 in
1069 2033 1240 2095 immensam

97 2134 197 2196 molem
220 2131 291 2194 illud
313 2133 405 2215 ipsum
429 2150 502 2214 opus
523 2140 695 2210 excrescat,
725 2131 813 2209 haec,
839 2132 972 2215 inquam,
995 2135 1178 2212 summatim,
1202 2155 1240 2196 nc

95 2231 327 2317 praetermisisse
348 2232 468 2309 videar,
494 2233 635 2296 adversus
656 2231 735 2296 illum
758 2232 910 2311 adiiciam,
934 2234 1031 2318 itaque
1053 2237 1238 2300 conveniam.

171 2333 260 2398 Heus
282 2335 330 2397 tu!
355 2333 483 2418 inquam.
528 2333 625 2398 Potin’
648 2335 742 2419 eloqui
765 2360 781 2398 a
804 2357 860 2420 qno
881 2334 1040 2400 doctrinam
1060 2338 1133 2400 hauc
1156 2357 1240 2400 acce·
1259 2337 1319 2407 cap.
1334 2341 1365 2391 11.

94 2439 185 2522 peris?
218 2447 270 2499 aut
296 2435 360 2520 quis
383 2437 495 2499 demum
520 2437 638 2521 spiritus
661 2449 780 2500 sanictos
804 2449 898 2501 tecum
925 2441 959 2502 de
985 2438 1039 2501 hoc
1066 2449 1114 2501 tuo
1137 2458 1240 2501 errore

95 2541 127 2602 sit
144 2539 285 2603 locutus?
328 2536 397 2600 Duo
412 2538 515 2624 quippe
533 2538 617 2602 simul
632 2539 764 2622 aequalia
782 2550 928 2625 tempore,
960 2541 1111 2603 materiam
1128 2539 1241 2604 seilicet

94 2663 122 2704 ac
137 2643 225 2705 deum
242 2638 389 2703 violenter
405 2639 547 2702 oltrudis.
592 2638 711 2702 Excidit
726 2639 814 2724 igitur
831 2642 940 2706 tonilla
957 2643 1042 2719 ratio,
1066 2642 1241 2725 minimeque

94 2745 231 2806 cohaeret
255 2742 317 2826 ipsa
339 2761 457 2820 secum,
490 2763 554 2804 enm
578 2751 607 2804 tu
631 2751 659 2804 ct
682 2743 811 2828 opificem
830 2746 972 2827 quendam
992 2743 1119 2806 omnium
1142 2763 1241 2806 rorum

93 2865 156 2908 esse
175 2846 307 2920 lateare,
331 2863 417 2926 quem
432 2843 519 2906 etiam
538 2842 763 2928 omnipotentem
779 2848 900 2924 asseris,
924 2845 996 2909 etin
1014 2866 1050 2908 co
1064 2857 1160 2908 tamen
1177 2844 1240 2930 ipso

94 2945 276 3009 divinitatum
297 2944 420 3008 divortia
438 2945 611 3008 coustituas.
658 2942 817 3010 Cuiusnam
834 2968 906 3011 vero
923 2949 1029 3011 artilex
1046 2947 1102 3010 erit
1117 2947 1184 3026 ille,
1214 2946 1241 3010 si

92 3049 222 3134 aequalis
241 3057 372 3131 tempore
388 3047 508 3110 materia
528 3048 663 3132 ponitur'l
706 3045 771 3111 ldrit
794 3049 869 3112 euim
893 3071 945 3134 per
965 3071 1033 3114 sese
1055 3049 1161 3113 suimet
1177 3050 1241 3133 ipsa

93 3151 176 3229 iaris,
212 3159 315 3234 utpote
337 3169 411 3233 quae
433 3171 450 3210 a
472 3149 550 3212 nullo
571 3150 611 3213 sit
631 3149 752 3234 originis
776 3151 915 3235 principio
937 3152 1075 3231 deducta,
1109 3154 1240 3233 adeoque

92 3251 219 3316 subiecta
239 3251 360 3314 nemini.
407 3248 491 3332 Quod
513 3252 538 3314 si
557 3252 592 3314 ab
613 3274 663 3330 ea,
696 3253 855 3337 producere
876 3265 907 3316 ut
924 3266 1040 3340 posset,
1071 3255 1170 3338 opilex
1189 3250 1237 3333 qui

92 3374 151 3418 eam
170 3366 277 3418 nactus
299 3362 346 3415 est
363 3354 526 3438 acceperit,
557 3356 694 3417 nonnulla
715 3354 785 3418 haee
805 3375 871 3418 esse
889 3356 975 3419 debet
993 3356 1069 3418 illius
1088 3351 1238 3416 imbecilli-

91 3467 148 3536 tas,
180 3476 218 3519 ac
238 3455 320 3518 velut
336 3454 434 3539 egenti
450 3458 525 3519 lacta
541 3455 733 3535 contributio,
766 3457 899 3520 nimirum
916 3457 964 3542 qui
984 3477 1041 3519 non
1057 3453 1178 3540 privatis
1196 3473 1237 3520 ex

91 3557 196 3642 copiis,
226 3557 281 3620 sed
305 3577 344 3620 ex
364 3557 459 3620 aliena
475 3558 596 3621 materia
612 3577 696 3620 suum
715 3581 786 3643 opus
802 3559 991 3644 praestiterit.
1037 3554 1097 3619 lam
1116 3555 1183 3620 illud
1201 3557 1236 3622 de

90 3659 250 3722 animarum
268 3659 296 3720 in
312 3659 408 3722 aliena
424 3679 545 3742 corpora
564 3659 702 3739 transitu,
727 3663 907 3744 quantumin
925 3671 953 3724 te
971 3659 1118 3722 levitatem
1135 3659 1237 3741 depra-

89 3773 172 3823 vatae
197 3761 305 3823 meotis
326 3759 439 3844 arguit,
471 3762 518 3844 qui
543 3771 574 3822 et
591 3761 751 3845 sapientiae
774 3765 895 3845 gloriam
917 3763 1055 3839 affectas,
1087 3772 1117 3823 et
1137 3781 1237 3824 rerum

89 3864 159 3947 apnd
177 3863 314 3926 homines
331 3863 479 3925 scientium
498 3863 662 3947 profiteris?
703 3862 780 3926 Nam
797 3864 822 3927 si
838 3885 903 3947 pars
918 3874 964 3926 ent
978 3862 1027 3926 illa
1045 3863 1102 3940 dei,
1127 3872 1157 3926 et
1172 3861 1236 3946 qui·

89 3965 149 4028 dem
172 3964 366 4043 immortalis,
398 3973 429 4026 tu
446 3985 518 4028 vero
541 3967 574 4026 ad
595 3965 793 4029 infelicissima
815 3965 916 4026 nescio
937 3985 1009 4047 qnae
1030 3986 1154 4051 corpore
1176 3983 1234 4027 uou

87 4149 116 4200 ad
133 4149 315 4212 emanandum,
338 4147 456 4200 auxiliare
473 4158 558 4200 conus
575 4148 646 4228 hup'us
680 4150 810 4216 disputem.
844 4154 879 4202 De
891 4155 993 4215 [cunule
1011 4151 1054 4204 stul
1070 4146 1127 4219 oripi
1143 4149 1233 4216 μᾶλλον

87 4219 219 4287 nequitiam
235 4217 451 4279 medicamentum,
472 4217 588 4277 adhaec,
605 4235 647 4266 ιιι-
680 4249 713 4258 -
726 4245 758 4255 -
777 4215 805 4272 δὲ
821 4223 851 4284 of.
867 4221 1033 4284 infraducens.
1049 4219 1098 4280 tid,
1116 4217 1163 4268 sd:
1189 4215 1234 4268 καὶ

87 4303 171 4352 qnam,
197 4299 296 4338 tantum
318 4287 390 4337 abest
413 4297 440 4334 ut
462 4286 485 4334 in
503 4285 647 4336 immensam
681 4287 771 4354 μᾶλλον
783 4281 827 4340 oia
838 4287 947 4340 diunales
960 4285 988 4339 τό
1001 4281 1069 4352 ὕδωρ
1081 4291 1132 4344 τοῖς
1143 4277 1233 4366 ippon-

87 4357 174 4406 molcm
202 4357 283 4424 patiar
311 4371 458 4405 excrescere
490 4353 557 4422 quod
585 4351 647 4404 illud
682 4372 719 4408 ona
739 4355 787 4420 τῆς
802 4356 934 4422 πονηρίας,
953 4351 989 4414 (ὅς
1010 4351 1041 4406 σὺ
1059 4351 1152 4418 λέγεις,
1169 4347 1233 4404 uldel

89 4423 191 4488 spondet
205 4443 277 4494 opos,
296 4435 323 4474 ut
337 4420 487 4480 summatim,
505 4439 535 4471 ne
546 4421 647 4471 omnino
681 4421 855 4488 consommatio
872 4424 963 4489 μᾶλλον
977 4417 1005 4474 rd
1023 4415 1091 4484 ὕδωρ
1109 4423 1157 4502 qen.

89 4495 274 4556 menmium
303 4491 407 4552 videar,
439 4487 555 4540 adversus
582 4490 660 4558 hunc,
715 4491 772 4540 Gar.
790 4492 820 4540 ll.
838 4519 869 4530 -
890 4498 911 4544 t.
929 4493 994 4540 Ltbra'
1011 4491 1093 4540 notent
1109 4505 1128 4552 η
1143 4501 1186 4550 pro
1202 4484 1232 4539 el.
