3100 4984
333 299 468 350 canaan
487 301 549 351 cra.
564 301 583 350 r.
601 300 682 353 ron.
697 301 728 350 ιι.
752 299 851 351 auen.
868 287 992 352 xxxin.
1178 293 1238 360 tot

80 419 206 498 babeat,
231 441 268 483 ne
285 420 320 484 de
336 419 453 484 bomine
468 420 601 503 quidem,
627 421 731 482 nedum
749 420 784 483 de
799 419 854 484 deo
872 420 1025 504 quicquam
1042 423 1148 486 audeat
1164 423 1242 488 eius·

81 524 159 588 modi
176 533 319 586 statuere.
357 519 432 586 Mihi
449 542 521 585 vero
537 523 623 586 etiarn
641 519 788 586 llomerus
803 523 974 608 prudentior
989 524 1039 589 illa
1055 525 1145 590 luisse
1161 526 1242 591 uide·

83 637 140 705 tur,
161 626 227 690 dum
245 625 401 689 sollicitum
419 622 532 702 larem,
553 624 690 708 curisque
706 627 872 689 catalectum
891 635 922 688 ct
936 626 1054 706 iratum,
1078 630 1241 694 insomnem

81 739 198 792 noctem
221 729 319 812 egisse
342 725 514 812 descripsit,
544 727 580 790 de
600 724 782 790 Graecorum
801 728 931 813 pernicie
950 729 1145 813 cogitantem,
1170 753 1241 796 cum

81 841 161 894 esset
182 840 303 915 rogatus
324 851 340 893 a
361 827 507 908 t'tnute,
540 840 571 892 ut
588 830 623 894 ad
641 830 834 894 ulciscendam
852 830 977 896 Achillis
994 831 1128 903 iniuriam
1146 842 1204 896 tam
1223 853 1241 897 a

82 929 267 998 Graecorum
289 931 469 1018 principibus
490 953 575 1016 quam
596 932 721 996 Graecis
741 933 811 1017 ipsis
830 955 939 1018 poenes
955 943 1115 1018 repeteret.
1159 932 1256 1020 Nihil·

81 1037 158 1100 enim
180 1033 369 1100 Ptolemaeus
391 1037 426 1098 de
447 1035 497 1098 illo
514 1055 568 1098 suc
587 1035 713 1098 omnnium
732 1046 872 1120 parente,
905 1057 989 1120 quem
1005 1034 1132 1121 Bytbum
1149 1036 1243 1102 nomi·

81 1149 144 1216 nat,
169 1138 266 1224 aptius
281 1137 463 1222 excogitavit
479 1158 563 1221 quam
580 1149 626 1200 est
640 1137 675 1202 ab
694 1135 824 1200 Homero
839 1138 873 1202 de
889 1135 960 1202 love
975 1140 1141 1204 confictum.
1182 1137 1243 1204 Sed

80 1237 163 1305 loris
182 1241 290 1327 ipsius,
320 1240 434 1326 qualem
453 1239 490 1304 ab
509 1237 639 1304 Homero
657 1239 814 1318 didicerat,
840 1241 987 1306 notionem
1006 1242 1181 1306 informasse
1197 1243 1241 1306 vi-

80 1343 178 1406 detur.
232 1341 293 1408 lmo
324 1363 394 1408 vero
424 1352 535 1406 tantam
563 1343 599 1406 ad
625 1344 851 1427 expromendam
877 1344 1029 1408 audaciam
1052 1343 1241 1410 Homericum

79 1445 149 1508 illud
172 1445 208 1508 de
234 1442 305 1510 love
323 1442 506 1529 Graecisque
529 1455 724 1509 conlocutum
746 1445 926 1510 tolerabilius
951 1459 1121 1533 usurparet,
1155 1469 1240 1532 quam

79 1547 120 1610 ita
140 1549 176 1611 de
193 1548 339 1612 comannni
357 1548 485 1612 omnium
503 1548 620 1612 domino
638 1548 810 1632 disputaret.
857 1546 915 1631 Qui
934 1549 1018 1612 simul
1037 1561 1125 1634 atque
1142 1549 1241 1616 animo

82 1651 220 1736 concepit
234 1651 358 1734 aliquid,
383 1650 481 1714 statim
498 1650 632 1735 quicquid
648 1651 776 1714 voluerit
791 1651 894 1730 efficit,
918 1652 1072 1736 statimqne
1086 1675 1121 1718 ac
1136 1653 1240 1733 voluit,

79 1751 180 1816 animo
198 1752 326 1838 concipit
347 1752 423 1837 quod
446 1753 555 1832 voluit,
588 1775 623 1816 ac
646 1765 704 1816 trun
727 1754 858 1838 cogitans
882 1775 945 1818 cum
970 1755 1048 1834 vult,
1080 1755 1241 1841 volensque

79 1877 146 1918 cum
163 1856 284 1940 cogitat.
323 1853 471 1918 Nimirum
488 1865 567 1918 totus
582 1855 644 1942 ipse
661 1857 800 1940 cogitatio
816 1866 871 1935 est,
897 1866 975 1920 totus
991 1858 1137 1939 voluntas,
1162 1869 1240 1922 totus

78 1977 176 2035 mens,
194 1967 272 2022 totus
286 1957 396 2036 lumen,
413 1968 491 2021 totus
503 1959 618 2038 oculus,
632 1969 709 2023 totus
723 1958 851 2037 auditus,
865 1968 943 2022 totns
956 1959 1099 2024 bonorum
1111 1959 1239 2024 omnium

79 2061 160 2139 loris,
185 2080 364 2145 prorsusque
379 2060 415 2124 ab
431 2062 509 2124 omui
526 2060 746 2146 perturbatione
762 2071 905 2140 remotus,
928 2083 987 2126 oon
1001 2063 1156 2142 sollicitus,
1180 2084 1240 2128 non

78 2161 208 2242 anxius,
242 2162 323 2227 velut
340 2159 455 2248 Bythos
476 2163 542 2244 ille,
576 2163 624 2229 vel
645 2162 791 2250 luppiter,
826 2165 861 2228 de
883 2187 940 2249 quo
960 2185 1034 2250 quae
1054 2165 1090 2230 ab
1108 2164 1239 2232 Homero

78 2264 190 2348 scripta
208 2275 292 2342 sunt,
317 2263 504 2330 Ptolemaeus
523 2265 559 2330 ad
574 2263 700 2352 Bytbam
719 2266 877 2330 transtulit.
924 2269 1021 2352 Atque
1039 2278 1070 2330 ut
1085 2267 1239 2353 improbis·

78 2365 173 2430 simus
197 2366 243 2430 bie
261 2365 364 2454 planus
381 2368 475 2454 magis
495 2368 644 2454 magisque
661 2369 829 2446 refellatur,
861 2369 943 2432 iuvat
961 2369 1016 2434 boe
1034 2369 1099 2434 loco
1118 2390 1152 2433 ea
1170 2369 1239 2434 sub·

77 2467 173 2532 iicere
192 2489 266 2552 quae
283 2472 319 2534 ad
336 2467 362 2534 F
365 2472 456 2535 loram
474 2472 616 2556 quandam
633 2470 831 2535 mulierculam
848 2469 982 2557 scripsit,
1005 2472 1089 2557 plena
1108 2470 1157 2536 illa
1177 2471 1240 2557 qui·

77 2571 147 2634 dem
164 2569 322 2636 illecebrae
341 2574 376 2637 ad
397 2574 628 2658 persuadendum
646 2595 680 2638 ae
698 2573 852 2659 pestilera,
885 2593 921 2638 ne
939 2575 1002 2659 quis
1017 2574 1139 2640 forsitan
1159 2584 1242 2660 putet

77 2695 127 2736 me
145 2693 184 2737 ex
204 2675 304 2740 auditu
323 2674 387 2740 solo
406 2687 506 2740 contra
524 2675 698 2740 nebulonem
716 2677 791 2740 branc
809 2676 925 2760 egisse,
952 2677 1119 2763 nullumque
1136 2677 1240 2762 depra-

76 2787 167 2842 vatae
187 2775 249 2841 eius
268 2779 418 2842 doetrinae
437 2779 590 2864 vestigium
610 2789 695 2843 antea
713 2779 887 2865 pervidisse.
933 2777 973 2844 Et
990 2781 1105 2865 quidem
1124 2790 1241 2866 praeter

77 2899 112 2941 ea
131 2899 207 2963 qnae
224 2880 352 2944 diximus
367 2878 529 2946 Mosaicam
549 2881 634 2946 etiana
651 2882 744 2968 legem
761 2883 922 2947 maledictis
938 2881 1072 2948 incessit.
1117 2880 1174 2948 Est
1189 2903 1240 2948 an-

75 2992 137 3046 tem
162 2982 306 3047 eiusmodi
330 2983 402 3048 baec
424 2983 564 3070 epistola:

360 3171 553 3224 rrocenrnm
571 3173 616 3224 nn
633 3172 772 3224 anonam
791 3139 978 3226 crascone(
1017 3163 1020 3176 ⁴

164 3287 276 3373 Legem
295 3290 369 3355 illam
389 3313 463 3377 quae
480 3314 497 3355 a
513 3290 600 3358 Mose
618 3294 721 3358 tradita
739 3305 796 3371 est,
820 3291 910 3357 Flora
925 3312 1012 3356 soror
1027 3290 1236 3369 amantissima,
1258 3307 1317 3376 ctp.
1332 3309 1374 3360 ttt.

73 3413 176 3476 neque
191 3404 373 3480 perspectam
388 3393 488 3458 baberi
503 3397 741 3481 quamplurimos,
759 3416 853 3479 neque
868 3396 931 3460 eius
944 3394 1024 3458 velunt
1039 3393 1236 3472 fundamenta,

72 3495 123 3558 vel
141 3498 320 3581 praescripta
338 3517 537 3580 cognoscere,
562 3498 647 3562 l'acile
664 3508 691 3562 te
707 3499 920 3562 intellecturam
937 3495 1086 3573 existimo,
1111 3495 1236 3581 siquam

73 3598 180 3660 variae
203 3599 239 3662 de
262 3599 310 3662 illa
333 3601 393 3662 sint
415 3599 568 3684 opiniones
594 3600 741 3664 didiceris.
789 3597 866 3664 Sunt
885 3599 963 3664 enim
981 3597 1030 3682 qni
1050 3597 1127 3661 illam
1147 3619 1163 3660 a
1183 3599 1237 3662 deo

72 3711 180 3784 putant
195 3722 229 3764 ac
243 3712 325 3786 patre
344 3702 435 3766 inisse
451 3703 650 3768 constitutam.
696 3703 757 3766 Alii
772 3702 947 3766 contrariam
966 3701 1041 3764 viam
1058 3701 1184 3784 ingressi
1201 3701 1256 3765 ab·

72 3804 139 3866 eius
159 3805 275 3868 centulo
293 3804 406 3868 nelarie
427 3806 568 3870 daemone
588 3806 675 3870 latam
694 3807 853 3884 affirmant,
887 3826 902 3868 a
922 3825 978 3889 quo
995 3815 1024 3867 ct
1040 3805 1178 3869 mundum
1194 3806 1237 3868 la·

69 3943 149 3990 tecet
168 3941 261 3991 adiecit.
678 3943 750 3993 multi
768 3941 974 4008 praeoccuparint
991 3948 1041 3993 eelt.

107 4009 133 4058 ll.
152 4007 215 4060 sluaa
232 4005 329 4068 πάθους
346 4013 401 4061 deda·
419 4023 447 4060 ee
467 4011 583 4063 emendat.
599 4015 643 4061 l’e-
711 4013 736 4062 2.
755 4005 833 4064 adacti
849 4014 993 4061 coniecerant
1011 4013 1151 4073 Cunarum,
1169 4011 1238 4061 Petu·

72 4079 140 4128 teuit
157 4081 179 4126 et
195 4079 319 4139 cornuali,
335 4083 375 4142 qut
391 4083 472 4130 notit:
490 4091 516 4130 et
532 4079 557 4130 ia
574 4078 643 4129 nullo
676 4080 1013 4140 nemorumnemorum.
1043 4080 1078 4142 cs.
1093 4081 1168 4130 Grube
1181 4081 1237 4142 Spl-

70 4139 171 4195 affectu
189 4141 299 4195 baereat.
677 4151 743 4211 citep.
759 4151 795 4208 ll,
810 4161 868 4209 pop.
880 4144 914 4196 69
926 4161 975 4209 sqq.

103 4212 130 4266 9.
148 4215 280 4263 Amiculum
296 4215 373 4265 adieci
388 4229 418 4266 ee
433 4219 484 4268 cod.
502 4219 575 4267 Vutlc.
710 4215 735 4267 3.
752 4217 789 4266 lto
808 4216 908 4265 arctina
922 4217 1008 4279 altique
1021 4231 1066 4278 pre
1080 4217 1175 4279 uulpmo
1191 4206 1236 4267 uti-

106 4281 147 4334 10.
166 4279 322 4348 πεποιημένη
340 4284 391 4333 ced.
408 4287 480 4336 Valle.
674 4285 733 4336 τῶν.

105 4351 146 4401 11.
164 4345 218 4413 ada,
234 4351 298 4412 quud
310 4352 458 4403 decideretur
471 4355 497 4402 ln
510 4354 546 4403 ed.
557 4355 641 4416 priua,
707 4349 732 4403 4.
751 4347 871 4420 μαὲοιίσῃ
885 4354 936 4404 ced.
950 4353 1025 4404 Venet.
1055 4354 1127 4415 Vclpc
1139 4347 1236 4419 puberi·

68 4421 185 4472 Petuntur
198 4419 306 4480 pumera
322 4421 408 4470 adiecit
423 4434 453 4470 ec
469 4423 607 4472 cedvalla.
676 4435 732 4486 σης.

103 4486 167 4537 can.
179 4486 226 4536 ltl.
237 4513 272 4524 -
289 4485 311 4536 1.
327 4483 363 4554 μὴ
377 4490 437 4540 delet
449 4491 578 4540 comanus
588 4503 640 4539 uer·
707 4489 731 4539 5.
748 4487 833 4544 aciem
853 4492 890 4542 uel
911 4482 993 4557 τούτῳ
1009 4490 1167 4553 reponendam
1188 4503 1236 4542 erre

68 4564 136 4608 tenu:
165 4551 236 4622 qnod
256 4551 337 4620 legem
361 4573 406 4623 per
426 4557 534 4626 Moysen
555 4555 640 4610 datam
674 4559 788 4620 maspiter.
849 4569 852 4575 '

120 4638 213 4694 cerpus
228 4635 363 4683 Bnererecl.
378 4635 407 4684 ll.
991 4647 1031 4709 25
