3072 4986
308 350 442 402 ruuanu
460 351 536 403 tnnc.
552 351 719 402 mamaccas
743 351 804 402 arn.
820 353 841 405 r.
855 353 935 404 rou.
953 355 972 404 r.
1165 345 1209 407 at

90 479 155 551 atque
175 469 312 534 universa
334 470 541 554 scripturarum
560 470 678 534 oracula
697 471 918 557 praedicabant,
950 471 986 536 ab
1004 473 1214 558 agricolatione

90 571 176 655 depulsi
195 583 281 650 sant,
312 593 470 656 eorumque
492 573 557 636 loco
576 584 681 656 gentes
699 573 899 651 introductaea
929 575 1002 639 adeo
1024 577 1154 640 utnulla
1176 578 1216 641 sit

89 673 130 736 ilis
153 675 373 758 consequendae
395 673 496 738 salutis
525 674 580 738 alia
603 673 704 737 relicta
733 674 809 738 ratio
834 697 919 760 quam
947 688 980 742 ut
1008 680 1043 742 ad
1070 679 1214 763 evangelii

89 778 185 856 gratiam
206 777 385 862 postliminio
407 775 588 858 confugiant.
633 773 749 840 Etenim
772 779 845 861 apud
868 777 948 862 ipsos
970 781 1065 844 cannia
1087 780 1213 844 iustitiae

89 879 204 960 praesidia
227 901 314 943 cassa
336 880 490 962 inaniaque
511 877 624 942 reddita
646 888 731 952 sante
762 881 802 940 uti
827 881 933 963 passim
957 881 1071 944 divinae
1097 882 1213 960 literae,

90 981 219 1065 etubique
249 982 311 1044 lere
333 992 490 1043 testantur.
541 977 590 1042 Ex
616 979 719 1062 quibus
745 1001 833 1042 unum
857 983 996 1044 duntaxat
1018 985 1214 1048 testimonium

89 1083 245 1164 adferemus,
271 1105 327 1168 qun
350 1105 433 1166 quam
452 1080 638 1146 immutabilis
662 1081 800 1165 lirmnque
819 1083 961 1146 adversus
984 1083 1048 1146 illos
1070 1084 1127 1149 lata
1146 1107 1213 1150 seu·

89 1185 154 1248 tentia
178 1187 216 1249 sit
237 1185 339 1271 paucis
360 1185 535 1248 ostenditur.
586 1181 662 1265 Quid
686 1184 763 1246 enim
789 1184 817 1246 in
842 1184 921 1268 ipsos
947 1207 962 1246 a
988 1183 1212 1251 dcodccretum

90 1285 127 1361 sit,
144 1289 229 1351 rerba
250 1287 300 1350 illa
317 1285 483 1350 declarant:
514 1290 635 1360 Ansina,
659 1286 768 1368 inquit,
793 1308 864 1367 quae
874 1291 1038 1368 prophetam
1059 1289 1137 1350 illum
1154 1311 1210 1351 aaa
1224 1295 1338 1394 θιιῐέουι

90 1393 198 1465 aarum
228 1389 463 1452 exterminabitur
484 1410 502 1449 u
524 1391 599 1450 tribu
620 1409 688 1460 sua,
717 1399 747 1448 et
765 1389 801 1448 ub
822 1393 943 1463 Israele,
966 1400 995 1450 ct
1014 1390 1050 1450 ab
1071 1394 1148 1452 omui
1166 1413 1212 1452 re-

88 1495 148 1566 p'nu
161 1515 230 1572 qaae
244 1493 323 1553 coelo
339 1491 498 1552 sabri'ca'tur.
545 1487 631 1571 Quod
647 1489 780 1552 nimirum
797 1511 872 1573 quae
887 1491 937 1552 lex
953 1492 1074 1576 mystice
1090 1492 1214 1556 tradide-

91 1601 132 1668 ra,
155 1595 223 1656 baec
241 1615 260 1655 a
277 1589 397 1656 Christo
413 1592 529 1654 donnino
546 1592 740 1654 consummari
759 1592 921 1675 munirique
938 1596 1068 1677 perlecto
1086 1615 1120 1656 aa
1136 1595 1215 1658 sala·

90 1691 157 1755 briter
172 1694 344 1779 oportebat,
369 1715 402 1756 ac
420 1693 548 1778 quisquis
569 1693 647 1756 illurn
669 1694 769 1756 audire
790 1706 946 1771 renueret,
970 1705 1019 1757 aut
1039 1695 1216 1760 detrectaret

92 1793 225 1876 inperium,
250 1817 317 1859 eum
334 1797 446 1858 tametsi
463 1796 554 1879 legera
571 1816 776 1880 usquequaque
791 1808 924 1859 servaret
940 1798 1017 1859 omrai
1033 1817 1085 1881 spe
1101 1799 1215 1882 potiun-

92 1897 127 1958 dae
141 1898 234 1962 salutis
254 1897 384 1961 excludi.
430 1895 536 1980 Neque
558 1897 635 1960 errim
657 1897 707 1960 lex
724 1909 874 1983 praestare
893 1902 1051 1982 perlectum
1070 1899 1214 1967 hontinear

94 2009 171 2078 potest,
190 2021 242 2086 pro
261 2021 298 2063 en
317 1999 390 2082 quod
406 2019 507 2062 crassa
525 2001 621 2062 omnia
635 2020 833 2084 corporeaque
850 2002 1071 2082 consequendae
1087 2001 1214 2067 iustitiae

93 2101 206 2179 praesidia
221 2102 436 2186 complectitur,
455 2121 529 2184 quae
544 2101 573 2163 in
587 2097 706 2165 Christo
722 2102 837 2164 domino
853 2101 949 2186 reipsa
964 2115 1212 2168 consummantur.

153 2201 299 2268 Hactenus
316 2205 351 2266 de
365 2202 538 2267 Iudaeorum
556 2215 647 2267 secta.
692 2201 740 2267 De
755 2225 809 2287 qna
826 2224 918 2288 pauca
933 2206 1071 2288 quaedam
1088 2225 1214 2269 comare-

94 2323 180 2368 rorare
195 2307 292 2370 risum
308 2315 373 2383 est,
398 2327 434 2368 ne
451 2306 569 2368 omuino
588 2307 903 2391 praetermitteremus,
927 2316 1014 2388 atque
1028 2316 1058 2368 ut
1075 2317 1214 2391 exparte

95 2405 167 2468 altem
185 2429 258 2491 quae
277 2407 390 2471 illorum
407 2408 521 2492 propria
541 2417 608 2470 sunt
625 2410 758 2470 oratione
774 2427 1028 2492 prosequeremur.
1057 2403 1215 2498 ¹Praeser-

96 2504 129 2566 tin
143 2530 198 2571 curn
217 2509 353 2572 omatibus
373 2512 434 2572 lere
455 2519 511 2571 tarn
531 2510 644 2572 illorum
664 2511 702 2574 sit
718 2510 898 2590 institutum,
928 2529 1012 2593 quarn
1032 2509 1096 2572 cias
1114 2510 1214 2573 redar-

96 2611 173 2686 penti
194 2611 444 2694 convincendiqae
468 2612 542 2674 ratio
566 2623 729 2696 perspecta.
774 2612 839 2674 Nos
863 2631 935 2674 vero
957 2611 1113 2695 primordia
1136 2612 1214 2676 illius

97 2711 242 2776 ostendimus
262 2725 291 2774 et
305 2713 448 2776 undenam
465 2713 621 2777 excitatum
639 2715 727 2776 luerit
743 2713 903 2791 docuimus,
926 2733 961 2776 ac
974 2714 1213 2796 quemadmodum

96 2807 120 2868 ab
132 2811 255 2877 abraami
277 2815 459 2900 patriarchae
480 2814 622 2897 religione
642 2837 658 2879 a
681 2837 737 2900 quo
756 2817 899 2898 procreati
923 2817 1039 2880 irrorent
1070 2813 1213 2900 Religiosi

96 2911 206 2998 principio
227 2917 368 2980 nominati
394 2916 470 2996 sint,
500 2915 652 2982 israelitae
676 2939 748 2981 vero
772 2915 906 2981 abillius
929 2915 1133 2997 tiliniacum,
1165 2918 1213 3002 qai

97 3006 163 3078 lsrael
179 3030 297 3082 vocatus
316 3028 373 3082 cst.
420 3015 479 3082 Sed
496 3040 513 3082 a
529 3016 652 3083 Doridis
673 3029 820 3104 tempora,
850 3017 899 3102 qni
921 3017 1041 3082 eludae
1059 3019 1150 3105 stirpe
1167 3039 1214 3081 re·

98 3133 159 3192 mum
178 3120 316 3198 obtinuit,
348 3117 407 3182 Xll
429 3141 530 3184 oannes
547 3120 641 3184 tribus
658 3119 756 3184 Iudaei
776 3131 862 3204 atque
879 3119 1031 3186 Israelitae
1048 3121 1213 3206 promiscae

97 3213 253 3302 dicebantur,
278 3222 419 3306 usquead
441 3220 628 3288 Salomonem
644 3220 779 3302 Doridis,
804 3233 834 3286 ει
848 3214 1029 3288 Hoboumuna
1048 3219 1213 3288 Salomonis

98 3315 175 3399 lliun,
204 3311 327 3388 Doridis
344 3334 490 3408 nepotem.
537 3322 584 3387 Ex
605 3346 662 3408 quo
679 3324 793 3407 quidem
811 3345 864 3409 per
881 3324 1068 3390 iustissimam
1086 3324 1132 3385 dei
1150 3321 1213 3384 ani·

97 3421 315 3504 aedrersioaem,
339 3427 471 3509 quodque
490 3425 563 3488 male
579 3426 699 3489 meritus
713 3437 777 3489 erat
791 3425 977 3503 Redeamus,
1001 3422 1063 3488 Xll
1079 3423 1146 3486 illae
1164 3422 1213 3486 tri·

98 3511 135 3580 lus
147 3525 247 3591 diuisae
267 3536 354 3606 sunt,
385 3528 457 3591 adeo
475 3539 506 3590 nt
525 3528 635 3592 duabus
655 3549 719 3590 cum
735 3529 852 3592 dimidia
872 3527 959 3591 ludae
978 3528 1042 3591 sive
1060 3524 1213 3589 Hoboamo

98 3619 190 3704 relictis,
209 3651 314 3694 novem
332 3651 396 3692 curn
413 3628 530 3692 dimidia
547 3625 718 3694 lcroboamo
734 3631 841 3694 luerint
855 3648 1026 3692 concessae.
1062 3626 1212 3691 Haerere

99 3737 176 3789 turem
192 3728 407 3810 lsraelitarum,
430 3742 481 3794 aut
500 3729 619 3795 lsraelis
636 3733 752 3796 nomiae
771 3731 983 3808 censebantur,
1014 3730 1117 3814 quibus
1132 3727 1213 3793 lera-

99 3817 191 3893 ltamas
207 3827 315 3897 Nabati
333 3833 408 3898 lilius
424 3845 576 3917 praeerat,
601 3834 722 3918 eiusque
740 3833 823 3916 regni
840 3832 926 3895 sedes
946 3832 976 3894 in
994 3827 1128 3896 Samaria
1143 3851 1213 3894 con-

99 3923 182 3992 stituta.
223 3931 364 4020 Heliquae
383 3921 456 3998 duae
477 3933 689 4022 Hierosolymis
709 3934 890 3997 contributae
909 3955 999 4020 penes
1019 3957 1091 4018 quas
1111 3931 1213 3996 ludae-

100 4041 160 4090 ⁰ttm
179 4055 278 4100 nomen
303 4037 422 4100 resedit.
473 4035 585 4100 Harum
610 4037 743 4122 princeps
767 4033 935 4100 Habeamus
959 4047 1023 4101 crat
1046 4032 1213 4100 Salomonis

100 4121 168 4208 filus,
196 4148 276 4221 atquc
294 4139 330 4201 ab
349 4160 384 4202 eo
405 4139 542 4224 deinceps
562 4161 662 4222 regum
685 4148 731 4201 est
748 4139 870 4201 deducta
889 4139 1050 4203 successio.
1096 4133 1212 4198 Etenim

100 4219 236 4302 Habeamus
252 4240 356 4303 Aliam
379 4240 496 4324 genuit,
521 4240 614 4304 Abias
632 4242 742 4318 Asam,
768 4241 830 4304 Asa
851 4239 1051 4327 losaplratum,
1076 4233 1213 4320 iosapha-

103 4331 134 4388 ιιι
149 4329 295 4420 lammam,
325 4341 458 4406 lorantus
477 4339 655 4420 Ochnziam,
680 4337 828 4406 Dehozias
845 4342 942 4421 luam,
968 4342 1033 4406 lons
1049 4337 1211 4414 timasium,

103 4427 209 4502 brasias
227 4443 380 4522 azariam,
412 4445 459 4526 qui
484 4454 514 4506 ει
535 4440 628 4510 Ozias
648 4456 771 4510 vocatus
794 4456 858 4524 est,
887 4443 1014 4509 Anarias
1035 4441 1098 4505 sive
1121 4433 1214 4503 Ozias

106 4519 258 4624 lcathamam,
282 4543 449 4610 loathamus
469 4547 627 4626 Acbasum,
652 4548 787 4611 Aclrasus
804 4545 975 4626 Ezechiam,
999 4541 1128 4608 Haecltiu
1147 4557 1214 4626 pnr-
