3106 4990
297 301 358 362 514
722 313 841 365 ειεεσει
859 311 1028 366 εΡιεΗλΝιῐ

297 426 445 513 πονηρόν,
474 431 525 494 καλ
547 427 579 495 τό
599 429 731 518 πονηρόν
750 427 884 515 ἀγαθόν,
916 434 948 496 οἱ
963 431 1093 506 τιθέντες
1111 430 1144 496 τό
1163 427 1270 508 σκότος
1288 437 1369 512 φῶς,
1400 433 1455 496 καλ

296 530 330 598 τό
355 538 421 613 φῶς
439 529 559 612 σκότος,
589 536 621 598 ολ
635 535 764 618 λέγοντες
785 531 817 597 τό
840 531 932 619 γλυκύ
950 530 1073 618 πικρόν,
1102 535 1153 597 καλ
1174 531 1208 598 τό
1227 531 1334 618 πικρόν
1349 531 1455 618 γλυκύ.

299 632 405 717 Πόντη
421 633 477 720 γδρ
493 633 744 716 έκψωυείπαλαιύ
761 637 811 700 καὶ
826 634 913 718 καινή
931 635 1064 718 διαθήκη
1082 643 1134 700 τοῦ
1150 634 1230 700 Κύϊν
1243 633 1299 718 τήν
1314 633 1456 718 ύσέβειαν

284 739 578 822 ,ἐπικηρυκευσμένη
626 729 715 802 Ούτοι
733 739 764 804 δέ
780 745 833 804 τοῦ
847 738 972 814 σκότους
988 736 1072 814 όντες
1087 741 1205 823 έριισταλ
1219 741 1271 803 καλ
1287 745 1347 804 τοῖν
1361 764 1454 804 κατισ-

295 847 393 905 ποιοῖν
409 841 532 923 μιμηταὶ
548 838 694 922 κύν”Αβελ
710 847 838 923 μισοῦσι,
855 838 907 906 τόν
924 841 956 906 δέ
971 839 1050 906 Κόϊν
1064 839 1210 927 ἀγαπῶσι,
1232 843 1285 906 καλ
1299 847 1340 930 ²93
1352 839 1454 930 Ἰούδᾳ

294 939 346 1008 τόν
362 945 484 1008 ἔπαινον
501 943 632 1009 διδόασι·
655 947 842 1028 φθοριμαίαν
857 945 889 1008 δέ
901 949 1009 1028 γνῶσιν
1024 945 1132 1027 έχουσι,
1154 942 1210 1008 δύο
1223 941 1376 1020 τύττοντες
1390 951 1455 1008 Av-

294 1044 414 1130 νόμεις,
449 1043 663 1130 ἀσθενεστέραν
686 1069 716 1110 τε
740 1047 790 1110 καλ
814 1047 1033 1131 δυνατωτέρων,
1067 1044 1297 1129 όντιμαχομένας
1319 1047 1350 1110 δέ
1375 1043 1454 1130 πρός

171 1171 223 1218 1¹¹1·
236 1161 281 1206 Μ.
296 1146 432 1231 όλλήλας,
462 1145 608 1224 ποιούσας
629 1148 661 1213 δέ
683 1151 715 1213 έν
735 1155 776 1237 τῷ
793 1147 895 1237 κόσμῳ
914 1147 951 1214 ού
967 1148 1084 1234 γνοόμης
1102 1147 1272 1228 ἀλλοίωσιν,
1303 1145 1375 1216 dna*
1391 1175 1454 1212 ττιν

294 1253 491 1338 γεγενημένων
509 1248 580 1326 τούς
598 1251 651 1333 μέν
666 1248 741 1315 κατό
757 1249 848 1331 φύσιν
866 1247 925 1316 α’πδ
945 1255 1052 1327 κακλας
1068 1249 1122 1334 τήν
1140 1248 1244 1318 ούσλαν
1261 1253 1350 1334 ἔχειν,
1380 1249 1454 1326 τούς

293 1355 325 1420 δέ
340 1351 399 1420 όπό
416 1351 611 1439 όγαθότητος.
655 1350 771 1418 Ούδένα
786 1353 818 1419 δέ
830 1352 905 1420 κατολ
919 1357 1039 1440 γνώμην
1053 1352 1171 1440 όγαθόν
1183 1353 1204 1437 ή
1218 1361 1335 1436 φαῦλον
1348 1355 1451 1439 λέγου-

293 1479 354 1537 σιν,
377 1455 449 1522 ἄλλό
470 1454 545 1522 κατύ
567 1455 667 1537 φύσιν.
761 1513 765 1518 ,

157 1565 223 1636 Κεφ.
242 1564 273 1621 ὅ.
379 1561 440 1622 Καὶ
455 1566 574 1644 πρῶτον
590 1563 698 1642 ἴδωμεν
713 1560 780 1644 περὶ
796 1565 850 1624 τοῦ
866 1558 945 1624 Κόϊν
960 1555 1000 1636 οἷς
1015 1557 1035 1641 ή
1050 1560 1101 1642 μέν
1117 1557 1227 1624 παλαιδ
1242 1557 1376 1641 διαθήκη
1394 1583 1452 1639 φη-

293 1663 354 1740 σὶν,
375 1659 608 1747 Ἐπικατάρατος
624 1660 662 1726 σύ
679 1660 739 1728 οἷπό
757 1669 809 1744 τής
826 1668 895 1748 γῆς,
916 1661 981 1745 ἥτις
998 1664 1080 1745 έχανε
1096 1660 1130 1726 τό
1147 1660 1241 1744 στόμα
1258 1659 1350 1744 αύτής
1365 1662 1450 1738 δέξα-

293 1774 366 1829 σθαι
386 1761 419 1829 τό
437 1761 511 1848 αἷμα
526 1773 580 1830 τοῦ
597 1763 728 1845 α’δελφοῠ
745 1786 815 1842 σου,
847 1767 880 1830 έιι
896 1771 949 1848 τής
962 1763 1057 1849 χειρός
1072 1785 1142 1829 σου·
1172 1766 1222 1828 καλ
1239 1763 1341 1842 πόλιν,
1368 1759 1452 1828 Ἐπι-

292 1865 458 1954 κατόρατος
477 1865 514 1932 σύ
534 1870 566 1932 έν
583 1877 644 1944 τοῖς
660 1870 758 1954 έργοις
774 1889 845 1945 σου,
873 1869 923 1932 καὶ
940 1869 991 1957 έση
1007 1868 1115 1932 στένων
1133 1869 1183 1932 καλ
1200 1867 1313 1950 τρέμον
1329 1866 1380 1931 inl
1399 1871 1454 1948 τής

291 1974 364 2056 γῆς’
398 1969 530 2059 Συνρτδδ
551 1971 584 2035 δέ
603 1977 640 2060 τῇ
657 1977 768 2058 παλαιᾷ
787 1971 921 2059 διαθήκῃ
942 1967 961 2034 ό
978 1967 1081 2054 κύριος
1099 1971 1131 2035 έν
1148 1976 1188 2057 τῷ
1205 1966 1359 2056 εὐαγγελίῳ
1379 1969 1454 2052 περὶ

291 2069 400 2137 τούτου
417 2073 507 2159 λέγει,
530 2071 579 2138 ότε
591 2070 731 2138 Ἰουδαῖοι
747 2075 860 2157 έλεγον,
881 2069 979 2154 Ἡμεῖς
994 2073 1106 2158 πατέρα
1122 2073 1224 2154 έγομεν
1240 2068 1292 2136 τόν
1308 2067 1401 2135 θεόν·
1436 2067 1454 2134 ό

293 2175 327 2240 δέ
342 2173 445 2260 κύριος
460 2174 536 2262 πρός
551 2173 659 2250 αύτούς
673 2177 742 2257 ἔφη,
762 2171 859 2257 ’Τμεῖς
873 2178 934 2240 υἱοί
948 2177 1011 2240 έστε
1025 2181 1079 2240 τοῦ
1095 2173 1208 2259 πατρός
1220 2171 1304 2256 ύμοῖν
1317 2177 1370 2236 τοῦ
1385 2175 1455 2236 δια-

292 2274 400 2359 βόλου,
432 2275 477 2344 ότι
499 2276 631 2360 ψεύστης
653 2279 746 2357 ἐστὶν,
777 2277 822 2342 ὅτι
844 2273 974 2362 δπατήρ
994 2275 1087 2344 αὐτοῦ
1105 2275 1237 2358 ψεύστης
1254 2269 1304 2358 ήυ
1326 2275 1455 2350 ’ἐκεῖνος

293 2376 546 2466 όνθροτποκτόνσς
566 2373 618 2463 ήν,
647 2381 698 2445 καὶ
720 2381 751 2444 ἐν
771 2386 808 2469 τῇ
824 2377 950 2468 όληθελμ
969 2377 1024 2444 ούκ
1042 2381 1168 2461 ἔμεινεν·
1200 2377 1269 2444 όταν
1288 2385 1381 2456 λαλεῖ,
1415 2376 1453 2444 τδ

292 2487 408 2563 ψεῦδος
424 2487 456 2550 έκ
471 2491 530 2548 τῶν
547 2485 631 2548 ἰδέαν
644 2489 735 2560 λαλεῖ,
759 2481 804 2548 ότι
817 2483 867 2546 καλ
882 2479 900 2547 ό
913 2480 1009 2567 πατήρ
1027 2477 1121 2547 αύτσῦ
1134 2479 1265 2564 ψεύστης
1280 2474 1324 2564 ἦν.
1346 2477 1456 2544 Ὅθεν

291 2586 343 2649 καλ
366 2588 399 2650 αλ
418 2583 501 2650 έίλλαι
517 2587 643 2670 αἱρέσεις
659 2582 822 2650 ύκούονσαι
842 2583 875 2650 τό
893 2588 974 2668 ρήμα
992 2591 1079 2650 τοῦτο
1097 2585 1209 2668 πατέρα
1230 2585 1283 2665 μέν
1298 2589 1357 2647 τῶν
1369 2577 1454 2648 'Iov-

292 2689 386 2752 δαίων
404 2685 572 2767 φάσκουσιν
593 2685 667 2752 εἶναι
690 2685 742 2751 τόν
762 2686 916 2770 διάβολον,
947 2689 1022 2770 ἔχειν
1043 2712 1073 2752 τε
1090 2688 1202 2770 πατέρα
1218 2684 1305 2751 ἄλλον
1322 2685 1372 2750 καλ
1392 2685 1455 2750 τόν

293 2785 386 2853 αύτοῦ
409 2791 521 2874 πατέρα
539 2788 629 2855 πόλιν
650 2790 768 2874 πατέρα.
810 2787 895 2854 Ἀλλδ
915 2787 1147 2874 όθυρογλοόττοις
1165 2790 1358 2874 φθέγγονται,
1389 2787 1455 2870 τήν

295 2887 434 2956 διόνοιαν
448 2891 673 2972 τυφλοόττοντες.
718 2894 778 2956 Καὶ
795 2890 850 2978 γδρ
865 2893 912 2958 έπλ
928 2891 981 2957 τόν
994 2891 1115 2958 πάντων
1128 2889 1273 2974 δεσπότην
1286 2887 1360 2955 θεόν
1370 2885 1453 2956 Ἰον-

295 2995 389 3058 δαέυν
401 3019 432 3059 τε
443 2995 494 3060 καλ
511 3001 695 3080 Χριστιανῶν
708 2996 758 3060 καλ
771 2993 889 3060 πόντων
901 2991 956 3078 τήν
969 2995 1138 3081 συγγένειαν
1157 2996 1279 3082 1έκείνιγο
1292 2989 1454 3076 όνύγουσι,

293 3103 399 3163 τοῦτον
416 3099 528 3183 πατέρα
544 3105 596 3163 τοῦ
614 3099 726 3163 έκεένου
742 3094 856 3182 πατρός
872 3091 945 3162 εἶναι
962 3099 1108 3184 λέγοντες,
1136 3093 1190 3163 τόν
1205 3093 1454 3180 νομοθετήσαντι

293 3198 343 3264 διδ
358 3202 515 3277 Μαύσέιος
530 3203 580 3265 καλ
596 3208 724 3266 τοσαῦτα
739 3201 894 3282 θαυμάσια
908 3198 1098 3282 πεποιηκότα.
1145 3197 1209 3265 Ούκ
1225 3201 1285 3265 έσει
1299 3197 1330 3264 δέ
1345 3201 1454 3279 τοῦτο,

295 3294 319 3367 τό
337 3299 514 3388 2οἷγτιπητοί.
559 3301 659 3378 Αύτός
672 3301 728 3388 γδρ
745 3299 838 3378 εύθύς
853 3325 945 3386 φησιν
957 3300 975 3367 ό
989 3301 1101 3388 κύριος,
1120 3305 1152 3368 έν
1168 3301 1277 3368 ἅπασιν
1291 3297 1374 3384 ήμῶν
1387 3299 1455 3385 τήν

294 3407 460 3488 έπιμέλειαν
474 3404 666 3488 ποιούμενος,
693 3409 742 3472 ἵνα
758 3404 798 3490 μή
816 3408 848 3471 έν
862 3403 1041 3491 παρεκβέσει
1057 3403 1213 3491 γενόμεθα
1227 3412 1279 3472 τοῦ
1292 3407 1452 3489 προκειμέ-

248 3563 258 3582 ,
294 3533 364 3589 νου,
395 3511 478 3595 ἕτερα
498 3507 566 3574 ἄνθ’
584 3510 689 3593 ἑτέρων
706 3507 893 3592 σοφιζόμενοι
911 3509 961 3574 καλ
979 3506 1188 3591 διανοούμενοι
1212 3507 1371 3592 8’ότιλέγει
1387 3531 1453 3572 ετα-

293 3613 363 3692 τέρα
385 3609 511 3677 4αὐτοῖν
527 3607 601 3676 εἶναι
621 3609 673 3676 τόν
690 3609 844 3693 διάβολον,
869 3609 1016 3690 θἸούδαν,
1039 3609 1075 3676 δν
1096 3613 1146 3675 καλ
1162 3617 1301 3676 Σατανᾶν
1313 3609 1453 3690 κέκληκε,

293 3717 343 3780 καλ
358 3712 501 3797 διάβολον
515 3717 606 3800 λέγων
620 3712 696 3799 πρός
709 3711 779 3789 τούς
793 3712 940 3797 μαθητδς,
961 3709 1035 3796 Ούγλ
1050 3711 1120 3789 τούς
1137 3712 1251 3780 δυόδεκα
1266 3711 1345 3795 ύμᾶς
1358 3715 1452 3790 ἔξελε-

294 3815 407 3900 ξόμηνς
435 3819 487 3882 καὶ
510 3813 551 3892 εἷς
573 3814 865 3904 έξύμαῑνδιόβολος·
896 3814 960 3900 ούχλ
977 3815 1116 3899 διάβολος
1134 3814 1343 3902 λέγωνψύσει,
1374 3812 1455 3882 σ’λλεὶ

293 3916 372 3986 κατδ
389 3915 516 4004 γνσόμην.
562 3917 660 3984 Πόλιν
674 3920 705 3984 δέ
722 3921 753 3984 έν
768 3921 855 4008 ἑτέρῳ
871 3917 954 4008 τόπῳ
970 3921 1059 4005 λέγει,
1084 3916 1199 4004 Πάτερ,
1221 3918 1304 4004 κύριε
1317 3916 1455 4003 ούρανοῦ

293 4025 343 4089 καλ
360 4028 425 4108 γῆς,
447 4020 573 4106 τήρησον
585 4021 709 4098 τούτους
724 4020 777 4096 οὓς
789 4020 921 4098 δέδυκύς
936 4049 999 4104 μοι·
1022 4021 1072 4087 ὅτε
1085 4018 1164 4104 ήμην
1178 4019 1237 4104 μετ’
1249 4017 1357 4100 αύτοῑν,
1374 4019 1453 4101 έφύ-

296 4130 367 4203 λαξα
389 4121 515 4204 αύτούς,
544 4125 595 4188 καλ
613 4120 711 4200 οόδελς
732 4127 761 4201 έξ
781 4120 879 4189 αότοῑν
895 4122 1044 4204 ύπεόλετο,
1074 4126 1101 4188 ελ
1117 4122 1158 4206 μή
1176 4121 1194 4189 δ
1211 4123 1278 4200 υλδς
1294 4130 1348 4206 τῆς
1367 4121 1454 4190 ἄποτ-

294 4232 378 4306 λεέας.
424 4225 522 4292 Πόλιν
539 4223 637 4291 δι’λλοτε
654 4227 727 4311 λέγει
744 4226 805 4306 ότι,
835 4235 892 4292 Δεῖ
905 4225 957 4293 τόν
974 4225 1041 4291 υἱόν
1057 4233 1111 4291 τοῦ
1131 4223 1299 4311 ύνθροόπου
1315 4229 1452 4311 παρυδο·

294 4336 388 4412 θῆναι
401 4327 476 4396 κατὰ
489 4327 523 4396 τό
538 4329 735 4415 γεγραμμένον
750 4333 818 4416 περλ
832 4329 938 4396 αύτοῦ·
956 4326 1025 4395 ούαλ
1040 4326 1124 4394 δέδι’
1138 4321 1177 4394 ού
1189 4327 1453 4415 παραδοθήσεται·

178 4457 228 4504 pag.
240 4444 286 4490 τεο.
300 4433 441 4517 συνέφερε
453 4429 509 4518 γόρ
527 4428 606 4520 αύτῷ
623 4433 650 4495 εἰ
661 4427 716 4496 ούκ
734 4430 893 4519 έγεννήθη,
915 4433 965 4498 καλ
980 4429 1016 4498 τύ
1031 4433 1104 4514 έξής.
1140 4429 1218 4517 ’Ἆρα
1231 4437 1307 4518 γοῦν
1322 4430 1453 4512 ledw-

331 4569 388 4620 Cn.
400 4571 441 4621 1v.
459 4596 490 4609 -
509 4571 531 4622 1.
548 4567 642 4624 ἐκείνου
658 4575 759 4622 correxit
775 4573 893 4625 Ρτλσυλιιι.
