3100 4984
646 223 661 250 ,
693 220 699 233 .

363 295 499 349 rinnau
517 295 580 347 nra.
596 295 614 349 r.
631 296 711 348 ron.
727 295 757 348 n.
776 295 873 346 naun.
888 275 990 346 mxxi.
1192 279 1252 348 ast

96 415 177 478 theta
193 415 257 478 sire
275 411 421 478 Definitor
435 415 557 496 dicitur,
581 417 659 480 etad
677 437 742 482 eum
758 413 820 480 laot
836 416 995 479 inclamans
1014 417 1067 480 boc
1082 416 1162 480 illum
1180 437 1253 482 voce

94 516 232 581 firmauit.
266 513 373 602 Neque
389 539 460 582 roro
476 518 677 583 duodecimum
693 519 748 582 iam
762 541 869 584 annum
883 518 1026 602 sanguiue
1042 520 1134 583 dalens
1149 519 1254 584 mulier

94 623 130 684 ad
148 620 271 684 istorum
289 619 413 684 tabulam
431 621 580 700 convenit,
606 641 680 707 quae
697 632 830 686 uertente
846 622 960 686 demum
974 643 1051 686 auno
1068 623 1251 703 duodecimo,

94 735 248 809 postquam
273 733 334 787 toto
357 723 406 786 illo
430 734 561 809 tempore
585 723 728 809 profluuio
748 725 899 808 sanguinis
918 725 1098 804 laborasset,
1131 737 1253 811 repente

94 826 261 890 consenuit.
306 823 378 889 Nun
403 827 478 889 enim
502 827 635 890 undecim
657 828 742 890 annis
765 849 873 913 expers
899 827 990 890 morbi
1014 827 1185 892 duodecimo
1204 829 1253 892 de·

93 951 171 992 mum
192 928 347 992 sanitatem
367 928 503 992 obtinuit.
550 929 595 992 dc
615 949 710 1014 neque
727 930 831 993 mulier
849 929 915 1010 illa,
947 951 1022 1015 quae
1042 931 1133 994 denas
1151 932 1254 995 drach-

92 1053 156 1096 mas
178 1031 320 1111 babebat,
344 1053 431 1095 unam
450 1053 490 1094 ex
508 1032 544 1096 iis
562 1032 660 1096 amisit
675 1033 809 1112 omnino,
842 1054 899 1117 quo
918 1033 1134 1100 commentitius
1152 1033 1201 1098 ille
1220 1055 1254 1099 ae

94 1135 238 1199 materiae
255 1145 411 1199 concretus
430 1134 515 1198 Aaou
534 1147 672 1200 constare
690 1137 793 1222 possit.
841 1136 985 1199 Accendit
1001 1136 1077 1200 enim
1091 1137 1252 1218 lucernam,

94 1249 124 1300 et
148 1238 317 1302 drachmam
340 1237 461 1324 reperit.

168 1338 368 1423 Quamobrem
384 1339 497 1404 duobus
509 1339 589 1404 bisce
604 1340 735 1406 tribusve
751 1339 849 1405 verbis
864 1341 977 1405 illorum
994 1342 1125 1408 discussa
1139 1343 1251 1408 somnia
1299 1345 1358 1412 cap.

92 1465 180 1528 quam
200 1444 298 1528 putida
316 1454 346 1507 et
360 1443 506 1507 imbecilla
522 1443 582 1507 sint
596 1443 680 1506 iacile
697 1445 824 1529 prudens
840 1443 960 1529 quilibet
975 1455 1004 1508 et
1019 1457 1139 1510 sanctae
1153 1467 1187 1509 ac
1203 1413 1404 1510 cmxxxvm‘

94 1546 222 1611 tlaolicae
239 1546 285 1612 dei
302 1545 446 1610 eeclesiae
462 1545 538 1610 lilius
553 1545 775 1611 animadvertet.
824 1545 883 1611 lam
901 1549 978 1610 enim
996 1549 1107 1613 veritos
1123 1571 1191 1633 ego,
1216 1571 1253 1614 ne

92 1651 117 1712 si
137 1648 270 1734 pluribus
287 1650 317 1712 in
335 1671 399 1712 eam
418 1659 527 1713 sectam
546 1649 679 1713 invectus
697 1651 798 1730 luero,
833 1651 861 1713 in
880 1651 1022 1715 inlinitum
1043 1652 1129 1716 abeat
1146 1652 1253 1732 oratio,

91 1751 128 1814 ad
145 1751 224 1815 bunc
241 1773 334 1837 usqne
352 1753 447 1816 locum
465 1763 639 1840 progressus
655 1754 769 1817 niodum
785 1753 927 1818 adhibebo
946 1755 1123 1818 refellendae
1139 1753 1254 1818 illorum

91 1855 260 1939 nequitiae,
295 1875 399 1938 oreque
418 1855 454 1918 ad
473 1867 587 1919 ceteras
605 1855 824 1940 redarguendas
843 1858 1003 1920 conteram.
1051 1855 1110 1922 Sed
1131 1857 1253 1944 primum

90 1958 159 2022 riae
178 1957 245 2020 mibi
263 1961 367 2022 docem
387 1970 417 2020 et
432 1957 636 2022 imbecillitatis
654 1959 813 2024 adiutorem
832 1979 914 2023 meae
930 1961 1015 2023 deum
1032 1959 1189 2039 invocabo,
1213 1961 1254 2024 uti

92 2081 139 2123 me
154 2070 187 2123 et
201 2061 238 2123 ab
252 2059 337 2124 buius
354 2071 453 2124 sectae
469 2061 710 2146 superiorumque
723 2063 850 2126 omnium
864 2074 893 2127 et
907 2062 943 2125 ab
957 2062 1172 2148 insequentium
1187 2085 1256 2126 eoo-

92 2163 215 2247 tagione
239 2162 360 2243 liberet,
390 2184 463 2247 quas
481 2162 510 2226 in
530 2164 708 2228 eruditorum
727 2165 874 2230 bominum
891 2167 1034 2250 gratiam,
1067 2166 1115 2250 qui
1130 2165 1256 2230 absurda
1338 2168 1344 2179 '

90 2268 142 2330 illa
169 2277 199 2329 et
223 2265 321 2329 inania
341 2265 494 2350 dogmata,
527 2267 647 2350 quaein
668 2268 743 2331 bunc
763 2267 863 2332 orbem
883 2279 1058 2353 eruperunt,
1091 2267 1256 2332 accuratius

90 2370 252 2456 explorare
268 2369 398 2447 student,
423 2369 561 2453 deinceps
577 2390 798 2455 persequemur.
842 2369 992 2456 Siquidem
1008 2367 1185 2434 Valentinus
1200 2371 1256 2434 iste

89 2474 208 2538 suisio
235 2472 462 2558 quamplurimos
486 2472 600 2536 diffusis
625 2474 903 2558 communicatisque
924 2473 1064 2553 somniis,
1100 2495 1164 2538 oum
1188 2493 1256 2538 sese

92 2575 273 2641 Gnostieum
292 2575 433 2661 appellari
450 2574 617 2654 maluisset,
650 2575 774 2656 multos,
799 2587 831 2639 ut
848 2577 888 2639 ita
907 2577 1051 2656 dixerim,
1076 2577 1210 2662 scorpios
1226 2577 1255 2640 in

91 2701 184 2742 unam
201 2689 335 2742 catenam
353 2677 549 2756 constrinxit,
573 2677 601 2741 id
617 2679 692 2762 quod
709 2689 795 2742 vetus
811 2699 845 2742 ae
861 2688 967 2743 testata
986 2679 1144 2744 similitudo
1161 2679 1256 2744 decla·

89 2793 154 2845 rat.
201 2779 349 2845 Nimirum
374 2781 507 2867 scorpios
530 2781 566 2844 ad
589 2782 689 2845 decem
713 2782 848 2867 pluresve
871 2793 992 2846 catenae
1015 2784 1109 2847 instar
1127 2782 1200 2847 alius
1220 2782 1256 2846 ab

92 2885 164 2949 aliis
180 2905 342 2969 suspensos
358 2905 425 2949 sese
442 2905 482 2948 ex
499 2895 576 2947 tecto
593 2903 626 2946 ac
641 2884 750 2948 solario
768 2884 941 2964 demittere,
966 2885 1068 2971 sicque
1087 2907 1127 2950 ex
1143 2885 1256 2950 insidiis

89 2987 232 3052 homines
257 2987 433 3072 opprimere.
481 2983 603 3050 Sicilie
629 2988 796 3074 posterique
821 2989 885 3052 eius
908 3009 1010 3052 omnes
1033 2985 1169 3053 Gnostici
1193 2987 1257 3050 falsi

92 3091 245 3176 dogmatis
260 3101 397 3154 auctores
414 3089 554 3169 extitere,
579 3101 609 3152 et
623 3090 659 3153 ab
675 3091 724 3154 illo
739 3092 850 3156 erroris
865 3101 1035 3176 argumenta
1050 3091 1128 3155 nocti
1142 3111 1176 3154 ac
1191 3111 1258 3153 suc·

90 3195 235 3258 cessione
258 3193 381 3277 quadam
403 3193 529 3256 invicem
552 3193 647 3256 edocti
671 3195 704 3257 ad
723 3215 787 3258 eam
808 3215 892 3278 quam
912 3215 928 3256 a
946 3193 1086 3278 magistro
1104 3204 1258 3278 acceperat

90 3317 180 3362 snam
206 3295 327 3380 quilibet
349 3294 515 3382 opinionem
539 3295 661 3374 adiecit,
694 3317 858 3380 tuorumque
878 3306 987 3359 sectam
1006 3317 1071 3359 cum
1092 3295 1189 3379 priore
1207 3316 1258 3357 co·

92 3401 269 3463 haerentem
287 3397 413 3463 invexit.
461 3395 526 3482 Qua
549 3419 582 3462 re
604 3400 773 3464 factumest
792 3409 824 3461 ut
840 3394 973 3462 Gnostici
995 3399 1076 3461 varia
1094 3397 1256 3461 haereseon

92 3501 226 3567 divortia
247 3501 384 3588 paulatim
404 3501 545 3580 iecerint3
577 3501 755 3586 quiquidem
773 3521 874 3564 omnes
892 3521 908 3562 a
925 3498 1103 3578 Valentino,
1134 3508 1166 3562 ut
1182 3499 1257 3562 dixi-

92 3627 180 3686 mus,
205 3604 300 3690 iisque
317 3605 437 3690 insuper
453 3604 500 3689 qui
518 3625 555 3668 eo
574 3604 742 3689 superiores
758 3602 921 3667 extiterant
938 3601 1050 3666 initium
1068 3611 1255 3687 acceperunt.

91 3705 188 3771 Nunc
212 3707 369 3771 universae
392 3707 503 3792 pariter
525 3707 658 3770 veritatis
681 3705 812 3770 doctrina
838 3714 1001 3792 prostratae
1021 3725 1056 3768 ae
1073 3705 1258 3790 proculcatae

93 3809 334 3896 praetereundae
350 3819 436 3888 suut,
460 3832 517 3894 quo
534 3811 634 3874 eadem
655 3809 700 3872 dei
718 3829 771 3895 ope
788 3829 822 3872 ac
839 3807 947 3872 virtute
964 3807 1031 3872 treti
1048 3807 1176 3894 reliquas
1193 3829 1258 3894 per·

93 3925 278 3978 scrutemur.

160 4627 251 4684 Corpus
264 4623 397 4672 lleemeol.
411 4625 439 4670 ll.
