3100 4984
79 1251 332 1328 INDIGULUS
360 1250 667 1344 HAERESEON‚
701 1251 824 1346 putu
852 1253 898 1328 IN
926 1251 1053 1328 ΤΟΜΟ
1075 1252 1140 1328 lIl.
1166 1251 1234 1328 LI-

108 1389 197 1464 BRI
214 1390 244 1463 1.
273 1389 623 1480 CONTINEN'I'UR,
651 1387 865 1484 SUN'IQUE
893 1389 1085 1466 Numano
1104 1391 1202 1465 XIII.

166 1589 191 1656 l.
226 1591 381 1658 Marcosii.
425 1591 547 1658 Murcus
570 1593 685 1677 quidam
707 1593 806 1658 extitit
829 1589 983 1658 Colorbosi
1006 1595 1232 1680 condiscipulus.

81 1693 110 1760 ls
127 1697 187 1760 duo
202 1698 336 1762 similiter
353 1695 494 1783 principia
510 1696 673 1760 constituit.
721 1695 904 1760 Mortuorum
921 1698 1166 1762 resurrectionem
1183 1719 1235 1762 ne·

80 1799 182 1884 gabat.
229 1797 370 1864 Utebatnr
389 1799 556 1885 praestigiis
576 1799 734 1876 eiusmodi,
768 1810 799 1864 ul
817 1799 905 1864 certis
924 1799 1100 1864 carminibus
1117 1799 1235 1886 poculo·

80 1923 143 1966 rum
163 1901 306 1986 liquorem
324 1902 353 1966 ln
372 1903 540 1966 caeruleum
560 1923 792 1987 purpureumque
811 1903 938 1968 colorem
955 1913 1099 1984 verteret3
1131 1902 1235 1988 quibus

80 2005 175 2069 saeris
201 2003 334 2068 infelices
357 2004 544 2070 mulierculas
567 2003 682 2068 initiare
704 2005 829 2069 solebat.
876 2003 953 2069 ldem
977 2007 1013 2070 ad
1035 2004 1156 2070 XXIV.
1176 2007 1235 2070 ele·

81 2118 181 2171 menta
203 2107 322 2192 perinde
345 2129 378 2172 oc
403 2106 579 2172 Valentinus
602 2109 740 2172 universa
762 2129 906 2172 revocare
929 2109 1040 2172 nititur.

168 2207 209 2273 ll.
245 2207 424 2274 Colorbosii.
463 2209 519 2274 llic
535 2211 653 2274 easdem
670 2212 731 2276 lere
747 2211 901 2293 opiniones
917 2211 1068 2296 amplexus
1083 2222 1139 2276 est.
1175 2209 1235 2277 Sed

81 2313 222 2377 nonnulla
243 2323 340 2376 tamen
361 2324 430 2376 suut
448 2313 478 2376 iu
497 2313 601 2398 quibus
620 2314 656 2377 ab
674 2315 739 2378 aliis
757 2312 927 2378 haeresibus
945 2313 1107 2398 discrepat,
1138 2311 1234 2378 Marci

81 2439 114 2480 ae
130 2414 281 2480 Valentini
298 2415 491 2501 potissimum.
533 2413 684 2501 Siquidem
701 2417 925 2503 propagationes
936 2416 1075 2480 'Aeonum
1091 2427 1120 2480 et
1136 2413 1235 2501 Ogdo-

81 2519 152 2583 adas
176 2517 234 2582 alio
257 2519 342 2582 modo
364 2519 493 2582 tradidit.

167 2617 224 2684 lll.
259 2619 515 2688 llaeracleonitae.
562 2619 658 2686 Etiam
681 2621 729 2686 isti
753 2621 966 2686 commentitias
987 2618 1143 2705 Ogdoadas
1166 2621 1236 2686 reti·

82 2734 221 2787 ruerunt.
268 2723 301 2787 ln
321 2725 425 2808 quibus
444 2725 625 2810 explicandis
647 2745 663 2786 a
681 2722 777 2788 Marci
800 2735 830 2788 et
849 2721 1009 2788 Ptolemaei
1033 2745 1068 2788 ac
1087 2723 1235 2789 Valentini

82 2838 307 2910 oeterorumque
330 2826 467 2912 opinione
490 2827 700 2892 discesserunt.
745 2823 824 2892 Suos
849 2848 937 2913 porro
960 2827 1013 2891 sub
1038 2827 1131 2913 ipsum
1157 2827 1235 2892 uitae

83 2931 213 3010 exitum,
238 2929 358 3014 perinde
378 2951 412 2994 ac
428 2925 549 2994 Murcus
568 2930 711 3009 instituit,
737 2929 819 3008 oleo,
843 2929 1030 3015 opobalsamo
1052 2939 1082 2994 et
1100 2951 1174 3014 aqua
1193 2929 1236 2992 lu·

81 3045 192 3097 stratos
207 3033 236 3096 in
252 3032 374 3096 salntem
391 3043 539 3111 asserunt,
563 3053 678 3117 unaque
694 3053 784 3097 voces
799 3033 937 3116 quasdam
954 3030 1114 3096 llebraicas
1129 3033 1159 3096 in
1175 3032 1237 3096 eius

83 3136 128 3218 qui
153 3135 291 3220 expiatur
312 3145 399 3220 caput
421 3135 617 3200 insusurrant.

167 3235 224 3301 lV.
255 3233 394 3322 Ophitoe.
430 3235 468 3301 lli
485 3248 651 3322 serpentem
666 3249 846 3302 uenerantur
860 3259 894 3304 ao
908 3237 1094 3324 praedicant3
1114 3255 1237 3319 eumque

83 3359 149 3404 esse
166 3337 316 3405 Christum
335 3352 484 3405 esserunt.
530 3335 577 3404 Ob
593 3339 621 3403 id
639 3361 739 3406 verum
757 3342 785 3404 in
801 3343 875 3406 cista
889 3353 1055 3427 serpentem
1070 3350 1235 3404 asservant.

166 3440 209 3506 V.
244 3439 361 3508 Caiani.
409 3440 548 3506 Veterem
566 3442 660 3528 legem
677 3453 706 3508 et
723 3465 787 3508 enm
804 3445 851 3528 qui
868 3445 944 3508 illins
960 3445 1032 3528 legis
1049 3455 1178 3529 tempore
1195 3443 1236 3507 lo·

83 3554 166 3610 cutus
180 3555 228 3610 est
243 3545 407 3631 repudiant.
439 3543 701 3611 Resurrectionem
716 3547 813 3611 earnis
829 3546 987 3631 abnegant.
1019 3541 1143 3610 Caiunm
1158 3567 1237 3610 oom-

82 3649 238 3727 mendant3
272 3669 357 3732 quem
380 3650 603 3734 praestantioris
628 3649 775 3714 cuiusdam
802 3647 918 3712 virtutis
943 3649 1033 3712 luisse
1056 3647 1234 3732 praedicant.

84 3745 141 3814 Sed
160 3762 191 3815 et
210 3748 309 3814 ludam
328 3751 434 3815 divinis
453 3751 612 3815 bonoribus
633 3751 777 3830 alliciunt,
802 3773 856 3816 nec
875 3771 931 3816 non
950 3761 979 3814 et
997 3746 1094 3829 Cure,
1120 3747 1235 3816 llatban

84 3861 111 3914 et
132 3853 249 3916 Abiron
271 3873 305 3916 ac
329 3850 510 3918 Sodomitas.

165 3953 222 4020 Vl.
257 3955 403 4021 Setbiani.
445 3953 921 4022 lliSetbnmlundibusel'eruut.
958 3953 1236 4042 Quemasnprema

83 4069 203 4140 parente
219 4070 403 4144 procreatum
418 4069 529 4144 putant,
554 4080 618 4121 cnm
636 4079 699 4122 eam
716 4058 881 4144 poeniteret
895 4059 970 4142 qnod
988 4055 1113 4124 Caicum
1131 4059 1238 4124 edidis·

83 4171 137 4224 set.
186 4157 254 4243 Quo
277 4162 372 4226 eiecto
395 4162 548 4246 Abeloqne
571 4161 727 4226 interiecto
750 4181 815 4226 oum
837 4181 950 4224 stimmo
972 4173 1055 4247 patre
1077 4181 1236 4246 congressa

114 4312 139 4366 6.
158 4309 217 4382 ὅφιν
230 4312 260 4368 τὸ
274 4311 376 4382 ἑρπετὸν
390 4317 441 4366 eorl.
454 4319 527 4367 Vntr'e.
557 4319 648 4381 Vulpo-
711 4317 735 4368 8.
753 4312 805 4376 οἷς,
823 4317 885 4379 qnod
903 4317 970 4368 dubet
986 4319 1056 4366 etium
1073 4319 1172 4367 Incarus
1186 4319 1236 4366 Dn-

82 4385 129 4432 tan
145 4387 288 4447 monem
305 4389 382 4434 nen
397 4388 469 4435 mum
484 4387 583 4437 renunes
594 4389 644 4436 m·
677 4399 765 4448 mm,
782 4386 913 4436 mmmm
928 4387 1046 4435 rentum.
1077 4387 1150 4448 rupo
1167 4373 1209 4450 ἦς.

82 4463 153 4503 mose.
709 4453 734 4504 9.
756 4455 792 4504 llo
815 4455 947 4503 emendnuit
967 4455 1084 4504 Petuuius.
1120 4455 1236 4504 commeo

114 4519 138 4574 7.
155 4525 213 4580 ταῖς
229 4515 348 4588 πρότερον
365 4524 416 4573 eod.
433 4523 506 4574 Vetto.
675 4523 773 4573 loannes
784 4523 895 4572 menore
920 4523 983 4571 Edit.
994 4524 1070 4582 nnnc.
1082 4527 1103 4572 et
1115 4523 1165 4572 cod
1175 4523 1235 4572 Rbe-

674 4591 722 4654 dip.
740 4605 787 4642 noo
803 4591 886 4642 babent
902 4589 962 4640 illud
978 4583 1015 4644 τὸ.
