3110 4984
173 356 176 362 ’
305 372 363 434 132
724 381 844 434 ειιισσι
861 381 1029 433 εειεειιυιι

530 525 687 594 xm
725 493 1226 610 MENAN'APIANON‚

355 646 491 738 δευτέρα
516 643 637 739 αίρεσις
662 637 729 714 οίπὸ
754 647 817 736 τῆς
841 645 900 714 τοῦ
925 643 1036 738 κυρίου
1062 643 1262 738 παρουσίας,
1297 643 1343 736 τῆ
1369 645 1406 714 δὲ

626 757 803 858 ἀκολουθίᾳ
828 759 960 855 εἰκοστὴ
986 765 1131 858 δευτέρα.

172 912 239 976 Κεφ·
258 909 290 963 α’·
397 904 495 997 Ταδτη
510 911 640 990 καθεξῆς
658 904 855 971 ισυνάπτεται
868 904 1048 991 Μένανδρός
1060 931 1119 987 τις,
1140 905 1175 982 δς
1189 903 1249 972 άπδ
1264 912 1456 992 Σαμαρειτῶν

197 1041 247 1086 μς.
261 1027 294 1071 ει.
307 1007 480 1096 δρμσίμενσς
492 1010 604 1096 ἐγένετο
616 1006 794 1092 μαθητείαν
803 1006 898 1096 τσάτρι
909 1015 949 1096 τῷ
963 1013 1077 1090 Σίμωνι
1089 1011 1121 1074 έν
1133 1007 1227 1097 χρόνῳ
1239 1012 1304 1074 τινί.
1329 1006 1456 1091 Ὁμοίως

305 1113 339 1178 δὲ
356 1115 432 1197 ίλεγε
445 1113 497 1177 καλ
512 1109 601 1188 αάτδς
615 1108 668 1175 τάν
686 1109 799 1191 κόσμον
814 1111 962 1195 γεγονέναι
978 1107 1029 1176 ὑπ’
1046 1107 1189 1196 άγγέλων,
1211 1109 1317 1176 έαυτδν
1332 1111 1365 1175 δέ
1379 1112 1457 1194 ἔλεγε

307 1213 435 1297 δύναμιν
456 1211 576 1278 άνωθεν
596 1218 673 1277 θεοῦ
694 1214 976 1294 ’καταπεπέμφθαι
1020 1217 1154 1290 Μείζονα
1173 1213 1206 1279 δέ
1226 1215 1349 1294 κυβείαν
1368 1204 1457 1286 οὗτος

306 1307 381 1401 άπέρ
404 1313 456 1380 τδν
476 1313 620 1399 πρότερον
641 1311 836 1398 ἐργασάμενος
856 1311 932 1399 πρὸς
953 1312 1070 1396 άπάιην
1093 1321 1151 1379 τῶν
1171 1312 1342 1398 άνθράπων
1362 1315 1458 1398 ἔλεγεν

307 1415 412 1484 έαυτδν
429 1417 606 1498 πεπέμφθαι
622 1417 665 1491 είς
682 1420 826 1500 σωτηρίαν
843 1419 952 1498 δῆθεν,
981 1416 1032 1480 καί
1050 1417 1091 1492 είς
1110 1415 1144 1481 τδ
1161 1414 1297 1502 συνάγειν
1312 1412 1395 1491 τινάς
1414 1416 1459 1490 είς

307 1517 341 1585 ιδ
357 1521 464 1584 ἑαυτοῦ
477 1516 647 1603 μυστήριον,
669 1516 720 1583 διά
733 1515 766 1583 τδ
784 1516 825 1600 μῆ
841 1513 900 1583 διεδ
917 1524 976 1582 τοῖν
990 1515 1041 1582 τάν
1056 1515 1171 1600 κόσμον
1184 1515 1388 1600 πεποιηκότων
1403 1513 1457 1601 άγ-

308 1623 400 1708 γέλων
415 1621 467 1684 ιαλ
479 1617 590 1706 Ἀργοῖν
606 1621 656 1684 καί
670 1617 827 1696 Ἐξσυσιιδν
840 1626 1119 1704 κατακυριευθῆναι.
1153 1619 1265 1702 Ὅμοιοι
1280 1619 1312 1684 δέ
1327 1623 1369 1706 τῷ
1385 1619 1454 1683 ἑαυ-

310 1729 363 1788 τοῦ
377 1720 544 1811 διδασκάλῳ
556 1719 592 1786 τά
604 1720 702 1786 πάντα
715 1726 907 1802 συνυφαίνειν
918 1722 970 1786 καί
981 1725 1124 1806 γοητείαις
1135 1722 1185 1786 καλ
1196 1731 1261 1798 ταῖς
1272 1719 1371 1796 άλλαις
1385 1745 1458 1805 μειγ·

308 1828 436 1911 γανείαις
448 1821 486 1888 σά
498 1826 650 1903 διέλειπεν,
662 1821 749 1888 οδδέν
762 1825 795 1888 δὲ
806 1823 954 1906 διήλλαττε
965 1829 1001 1912 τῆ
1013 1825 1195 1910 διδασκαλίᾳ,
1209 1820 1267 1887 ἄλλ’
1276 1821 1298 1906 ῆ
1308 1822 1401 1906 μόνον
1413 1821 1460 1889 δτι

309 1924 416 1992 ἓαυτδν
431 1927 508 2012 ἔλεγε
523 1930 640 2008 μείζονα
655 1931 765 2008 μᾶλλον
785 1923 806 2010 ῆ
826 1924 878 1991 τδν
893 1923 951 2009 πρδ
967 1922 1060 1990 αὐτοῦ
1075 1921 1145 1989 ὄντα
1161 1923 1254 1990 αὐτοῦ
1271 1924 1458 1990 διδάσκαλον.

175 2030 242 2097 Κεφ·
261 2025 292 2098 β’·
400 2034 447 2116 Τῷ
461 2027 495 2092 δέ
512 2025 591 2116 αὐτῷ
607 2025 782 2110 έλαπιάμοπι
795 2019 819 2117 ιγλ
833 2029 884 2092 καὶ
898 2024 917 2092 α’
930 2023 1022 2092 αάτοῦ
1037 2025 1210 2103 διδάσκαλος
1222 2027 1385 2110 περιέπεσε,
1405 2027 1459 2090 καὶ

310 2125 400 2204 αὖτίς
414 2125 504 2205 άλσάς
518 2127 568 2194 διά
582 2136 641 2195 τῶν
656 2127 754 2194 αὐτῶν
766 2135 820 2194 τοῦ
834 2130 949 2214 ἐλέγχου
961 2135 1015 2211 τῆς
1027 2126 1167 2210 άληθείας
1179 2127 1274 2214 λόγων
1287 2125 1460 2210 άνατραπῆ·

310 2253 397 2296 σεται.
438 2227 598 2315 Ἀνετράπη
615 2229 668 2316 γάρ
688 2223 790 2308 οὗτος,
818 2231 868 2295 καί
886 2233 984 2312 ἔληξεν
1002 2227 1022 2313 ἦ
1037 2227 1130 2296 αὐτοῦ
1146 2234 1272 2315 αἵρεσις,
1302 2226 1343 2305 τίς
1357 2230 1407 2294 hcl
1424 2227 1460 2293 τά

310 2342 452 2398 πλεῖστον.
483 2331 705 2419 ’Τπερβῆσομαι
720 2333 751 2399 δέ
764 2329 857 2415 αδτῆν
870 2329 917 2413 ἐφ’
929 2334 1029 2418 έιέραν
1040 2331 1127 2396 πάλιν
1140 2330 1317 2416 προκόπτων
1330 2338 1367 2420 τῆ
1381 2326 1461 2411 νέφη·

313 2434 394 2521 γιῆσει
410 2432 571 2518 ἐλεύσομαι.
607 2442 654 2524 Τῷ
667 2432 723 2523 γάρ
739 2433 802 2501 δντι
816 2437 847 2500 οί
859 2436 981 2500 παλαιοί
994 2437 1142 2518 ἱστοροῦσι
1156 2440 1266 2516 μῦθον,
1288 2429 1329 2509 ω’ς
1342 2435 1375 2498 έιι
1389 2439 1463 2497 πολ-

312 2543 372 2601 λοῖν
387 2534 520 2601 άσπίδων
536 2539 724 2623 συνηγμένων
741 2539 773 2603 έν
790 2534 872 2623 άγγει
888 2537 931 2601 ένλ
948 2533 1107 2624 άστρακίνρι
1124 2538 1175 2600 καί
1193 2539 1410 2601 κατατεθεισιδν
1430 2537 1464 2600 έν

312 2645 375 2711 τοῖς
386 2643 533 2719 θεμελίοις
546 2646 606 2703 τοῑν
620 2637 766 2722 τεσσάρων
778 2645 891 2723 γωνιοῖν
906 2636 1029 2702 ἑκάστου
1045 2639 1185 2719 τεμένους
1196 2644 1255 2702 τῶν
1271 2639 1303 2702 έν
1315 2634 1463 2724 Αίγάπτιμ

313 2740 572 2820 οίκοδομηθέντων
585 2738 723 2818 είδσέλων,
740 2743 791 2805 καλ
804 2729 833 2805 εί
843 2767 886 2816 τις
898 2739 1013 2804 τούτων
1031 2747 1041 2785 ¹
1054 2741 1224 2824 ἰσχυροτέρα
1236 2737 1363 2823 ηὕρηται
1378 2737 1464 2824 παρά

311 2837 365 2914 τάς
378 2836 481 2917 άλλας,
511 2842 678 2906 ἐπελθοῦσα
694 2839 746 2917 τάς
762 2843 861 2926 έτέρας
875 2843 1036 2926 κατέφαγε,
1066 2846 1187 2925 μείνασα
1205 2841 1237 2906 δέ
1253 2837 1325 2906 καθ’
1341 2839 1462 2922 έαατῆν,

312 2941 364 3006 ιιαλ
380 2947 495 3024 τροφῆς
511 2939 551 3024 μῆ
568 2939 751 3026 ειίπσροῦσα,
780 2952 941 3028 στραφεῖσα
962 2941 1037 3025 αὕτη
1054 2946 1105 3008 καὶ
1123 2940 1183 3010 άπδ
1202 2951 1256 3026 τῆς
1270 2944 1377 3028 κέρκου
1392 2942 1464 3006 έαιι-

311 3039 366 3124 τῆν
381 3043 493 3106 έσθίειν
508 3040 673 3129 άρξαμένη,
704 3045 760 3119 έως
778 3046 885 3130 μέρους
901 3043 982 3120 τινδς
997 3051 1051 3111 τοῦ
1068 3043 1205 3127 σάματσς
1222 3045 1381 3128 κατέφαγε,
1404 3044 1467 3108 ’καλ

313 3143 409 3220 οὕτως
422 3145 532 3226 έμεινεν
546 3141 643 3210 σάκέιι
658 3146 764 3225 τελεία,
793 3143 850 3210 ἀλλ’
866 3143 1146 3230 ῆμισυάπάργουσα
1162 3148 1295 3232 έρπετσιλ
1334 3143 1392 3210 Διδ
1410 3148 1467 3210 καλ

311 3243 561 3332 Ἀσπιδογοργόνα
572 3245 683 3329 ταύτην
694 3246 843 3327 ἐκάλεσαν,
865 3245 937 3323 ι’ίςτε
949 3255 1028 3313 νοεῖν
1041 3247 1120 3330 ἡμᾶς
1133 3245 1167 3314 τδ
1183 3246 1307 3313 παλαιδν
1321 3248 1374 3329 μέν
1387 3243 1469 3312 εἶναι

311 3353 409 3425 τοῦτο,
425 3353 481 3412 νῦν
494 3349 526 3414 δὲ
539 3349 641 3432 μηκέτι
653 3355 741 3414 τοῦτο
756 3345 972 3434 εὖρισκόμενσν,
989 3347 1048 3412 άλλ’
1062 3347 1243 3431 ἠφανίσθαι·
1267 3346 1309 3425 τίς
1320 3351 1371 3413 καί
1387 3347 1470 3430 αὕτη

311 3455 459 3527 παντελῶς
470 3448 698 3533 άπελαυνομένη.
729 3447 801 3534 Είγε
814 3451 867 3533 μέν
881 3449 936 3537 γάρ
948 3448 1018 3538 παρ’
1031 3448 1117 3534 ἡμῶν
1128 3450 1183 3535 τῆν
1197 3449 1373 3538 άνιιλογίαν,
1388 3448 1471 3532 αδτῆ

311 3549 345 3613 δὲ
362 3548 413 3616 διά
427 3559 480 3633 τῆς
498 3550 651 3636 δυνάμεως
669 3558 800 3639 Χριστοῦ
816 3550 985 3636 ἠφάνισται
1030 3556 1092 3618 Καλ
1108 3552 1217 3637 ταύτην
1235 3552 1268 3617 δλ
1282 3548 1473 3637 άπερβάιτες

312 3649 362 3714 έπλ
381 3651 435 3730 τίς
454 3654 523 3738 έξῆς
543 3658 648 3739 ίωμεν,
670 3651 825 3741 άγαπηισί

200 3902 297 3960 μιν
539 3885 1226 3975 ,Κιτιελτοιυιιιευοα

369 3998 464 4095 τρίτη
491 4001 612 4098 αδμεσις
637 4001 704 4078 οἱπὸ
728 4008 792 4100 τῆς
816 4009 874 4078 τοῦ
900 4010 1043 4103 Χριστοῦ
1068 4007 1268 4103 παρουσίας,
1294 4009 1338 4098 τῆ
1364 4003 1402 4076 δὲ

651 4119 828 4222 ἀκολουθίᾳ
854 4124 987 4220 είκοστῆ
1012 4127 1116 4222 τρίτη.

173 4278 239 4346 Κῑφ·
258 4276 291 4333 α’.
393 4261 483 4330 Μετά
496 4271 603 4330 τοῦτον
618 4269 800 4354 Σατορνίλάς
810 4295 856 4345 τις
869 4268 984 4352 άνέστη,
1003 4273 1056 4336 καί
1069 4268 1159 4348 αάιδς
1173 4273 1288 4338 ἐκεῖθεν
1302 4265 1355 4344 τάς
1371 4265 1481 4356 άφορ.

308 4366 382 4448 μάς,
411 4364 472 4434 άπδ
486 4363 671 4454 Μενάνδρου
687 4375 766 4454 φημλ
780 4375 833 4440 καλ
845 4379 905 4438 τάν
917 4371 1038 4457 προίην,
1067 4372 1175 4458 λαβάν.
1223 4363 1320 4447 Θάσος
1334 4369 1416 4457 πρδς
1437 4382 1483 4465 τῇ

342 4521 401 4575 Cn.
417 4523 436 4573 1.
455 4553 489 4564 -
507 4524 530 4577 1.
546 4524 678 4580 συνέπεται
694 4529 745 4579 ινδ.
761 4530 834 4582 Velio.
936 4528 960 4580 λ.
978 4529 1160 4597 καταπίμφθαι
1176 4531 1228 4582 σοδ.
1244 4529 1341 4593 Βλιίίρ.
1364 4533 1388 4580 ελ
1413 4533 1484 4583 edit.

902 4611 979 4660 μειαο.
