3072 4986
327 226 462 323 Pdellll
480 271 558 324 dliv.
575 271 744 324 flaeneess
761 273 985 326 cre.t.roe1.r.
1187 269 1227 329 45

94 386 175 472 gressi
187 387 217 450 in
231 388 356 454 deserto
369 387 514 456 Sinaitioo
529 401 625 454 eastra
642 392 740 455 metati
755 403 835 456 sunt.
868 391 945 457 'l'nm
960 392 1060 481 Moysi
1077 395 1123 460 dei
1139 415 1228 461 servo

94 491 204 554 drianm
222 492 379 556 oraculum
399 511 556 556 recensere
571 493 705 578 populum
723 493 814 572 iubet,
837 513 996 580 eorumque
1014 517 1164 561 nnmerum
1183 499 1230 562 in·

94 592 143 671 ire,
164 593 210 677 yni
226 593 386 656 militarem
400 604 526 656 aetatem
543 595 638 679 adepti
653 604 781 658 tractare
798 617 878 659 arma
893 606 1028 681 possent,
1052 619 1070 662 a
1088 599 1228 665 vicesimo

95 695 182 757 matis
194 713 274 758 anno
291 697 330 757 ad
348 695 630 779 quinquagesimum.
675 691 770 778 Quam
791 696 822 760 in
845 699 1069 784 descriptionem
1085 713 1228 765 sexcenta

95 795 181 880 viginti
203 808 232 861 et
254 805 327 860 octo
351 796 440 860 millia
462 818 497 861 ac
519 799 675 882 quingenta
696 797 790 882 capita
811 798 903 862 relata
925 811 1003 863 sunt.

162 898 258 984 Atque
275 897 358 962 idem
371 897 440 964 illud
457 909 568 984 tempus
583 899 636 964 luit
650 921 705 984 quo
719 901 794 986 apud
808 898 942 965 Graecos
956 899 1079 966 lonchos
1094 905 1225 985 florebat,

95 999 162 1064 caius
174 997 207 1064 lo
228 999 291 1064 iilia
306 999 412 1064 Attltis
427 1000 501 1065 alias
519 1002 594 1064 diota
610 1001 728 1066 Atticae
747 1001 860 1085 regioni
881 1003 918 1066 de
933 1023 988 1066 suo
1007 1025 1112 1068 nomen
1136 1007 1227 1092 impo-

96 1101 151 1164 mit.
189 1099 241 1166 Ex
259 1103 368 1166 eadem
385 1112 470 1166 aetus
486 1111 516 1164 et
529 1099 692 1187 Bosporus,
716 1104 762 1168 cui
780 1105 961 1187 cognominis
976 1105 1045 1168 urbs
1061 1106 1090 1168 io
1109 1105 1228 1172 Euxino

96 1202 153 1266 nari
169 1203 277 1290 posita.
327 1201 389 1267 Sed
408 1203 546 1290 Aegyptii
563 1201 623 1268 lein
640 1205 719 1268 illam
737 1217 919 1290 nuncupant,
942 1227 976 1269 ac
993 1227 1046 1292 pro
1066 1208 1119 1272 dea
1138 1229 1228 1272 vene·

97 1317 188 1370 matur.
217 1302 323 1368 lusehi
342 1325 430 1391 porro
447 1327 552 1370 nomen
569 1308 656 1370 etiam
675 1306 780 1372 fluvius
795 1307 909 1391 quidam
927 1308 1048 1372 sortitus
1063 1320 1119 1374 est.
1151 1307 1229 1374 Cae·

97 1416 171 1471 terum
185 1406 268 1472 illinc
287 1405 473 1471 Graecorum
491 1408 630 1492 mysteria
645 1407 859 1492 religionesque
876 1409 1025 1473 derivatae
1044 1421 1130 1489 sunt,
1154 1433 1228 1496 quae

97 1510 154 1592 apud
171 1509 361 1595 Aegyptios,
384 1506 536 1594 Phryges,
559 1506 723 1573 Phoenices
748 1521 778 1574 et
799 1507 980 1595 Babylonios
1007 1512 1082 1576 male
1104 1513 1229 1578 antebac

97 1611 242 1696 excogitata
259 1633 317 1697 per
333 1607 476 1676 Cadmum
493 1622 523 1673 et
540 1607 690 1690 Inachum,
714 1611 763 1695 qui
781 1612 861 1696 prius
877 1611 951 1696 Apis
968 1615 1061 1678 dictus
1076 1611 1227 1699 Memphin

97 1711 176 1776 utem
193 1713 342 1792 condidit,
366 1733 405 1776 ex
420 1713 557 1797 Aegypto
574 1713 712 1776 translata
728 1714 842 1777 suntin
860 1713 1025 1778 Graeciam.
1061 1713 1229 1798 Quinetiam

97 1813 125 1874 al
138 1811 251 1902 Orpheo
276 1814 406 1898 aliisque
423 1813 569 1877 nonnullis
585 1813 702 1877 invectu
718 1815 815 1878 varias
829 1816 859 1878 in
879 1826 975 1879 sectas
995 1817 1131 1881 coaluere
1150 1830 1230 1904 post-

97 1916 208 1996 modnm,
232 1937 362 2002 qrrarum
378 1913 537 2001 Epicurus,
561 1915 646 1981 Zeno
665 1915 795 1996 Stoicos,
819 1914 1003 2002 Pythagoras
1022 1939 1057 1982 ec
1072 1917 1157 1984 Plato
1176 1922 1229 1984 du·

98 2035 137 2080 ees
154 2029 237 2102 atque
263 2020 442 2083 inventores
467 2019 595 2082 luerunt.
641 2016 735 2101 lgitur
758 2018 864 2082 abillo
888 2030 1017 2104 tempore
1039 2022 1227 2086 corroborata

97 2117 212 2205 deinceps
225 2120 280 2184 illa
295 2119 467 2204 superstitio
484 2119 519 2182 ud
533 2119 684 2205 imperium
703 2139 793 2204 usque
806 2117 1028 2184 Macedonicum
1047 2133 1077 2185 et
1091 2120 1227 2186 Xerxem

95 2215 232 2286 Persarum
245 2221 424 2308 principem,
447 2231 512 2305 post
526 2221 648 2306 primum
664 2220 937 2303 Hierosolymorum
953 2224 1110 2286 excidium.
1139 2221 1227 2288 ltem-

96 2343 139 2405 yae
154 2325 187 2388 ad
201 2323 512 2388 Nabuchodonosoris
529 2343 622 2406 usque
637 2323 844 2408 captivitatem,
868 2324 999 2407 adeoque
1013 2321 1096 2387 Darii
1113 2335 1143 2388 et
1157 2325 1229 2388 Ale·

94 2427 181 2490 sundri
201 2423 385 2490 Macedonis
406 2434 549 2510 tempora.
596 2423 767 2488 Tamesim
783 2421 867 2488 Plato
885 2425 1024 2502 florebat,
1048 2447 1082 2488 ac
1098 2427 1145 2508 qui
1160 2423 1228 2490 Pla-

95 2534 174 2590 tooem
189 2537 293 2592 aetate
311 2527 472 2610 praecessit
487 2523 683 2610 Pythagoras,
707 2527 798 2610 etqui
816 2537 883 2611 post
898 2548 961 2589 euro
980 2527 1056 2590 visit
1068 2524 1226 2610 Epicuros.

93 2623 131 2690 Ea
146 2630 209 2708 illa,
231 2628 280 2692 nti
298 2627 373 2706 dixi,
397 2627 553 2692 occasione
568 2625 751 2692 Graecorum
767 2638 955 2692 monumenta
972 2640 1128 2714 propagata
1146 2640 1225 2693 sunt.

94 2725 155 2792 Τιι
177 2751 254 2816 quae
272 2729 434 2793 secuudum
450 2730 518 2794 illud
537 2739 647 2815 tempus
664 2730 828 2794 celebratae
851 2731 969 2794 luerunt
991 2731 1227 2816 philosophorum

91 2842 188 2911 moue,
211 2851 269 2896 eae
287 2831 404 2894 nuent
420 2851 519 2896 secum
535 2832 661 2896 invicem
678 2832 708 2894 in
726 2851 762 2900 eo
779 2831 977 2912 consentiant,
1001 2832 1076 2916 quod
1094 2853 1228 2896 errorem

90 2947 280 3020 propugnant,
306 2953 462 3019 poteroque
483 2943 514 2996 et
532 2934 654 2997 eandem
677 2932 860 2997 idololatriae
884 2945 970 3018 atque
992 2933 1149 3018 impietatis
1173 2934 1226 2996 do·

90 3035 197 3100 utrinam
222 3045 409 3114 contexant,
431 3036 461 3098 in
480 3034 530 3100 illa
555 3045 652 3100 umen
678 3035 789 3099 erroris
808 3035 928 3100 libidine
949 3035 1123 3121 semetipsas
1146 3035 1227 3100 colli-

89 3133 148 3200 dunt
165 3159 201 3203 ac
225 3148 330 3204 mutuo
350 3145 526 3222 repugnant.

457 3475 532 3553 DE
578 3479 850 3574 sculcta,

147 3623 233 3694 quae
261 3597 359 3672 tertia
386 3604 437 3671 est
463 3595 644 3672 Gentilium
669 3599 834 3694 haeresis,
860 3599 974 3674 ordine
1001 3620 1081 3672 vero
1108 3595 1150 3673 V.

157 3745 251 3831 Quod
272 3747 308 3810 od
327 3744 445 3812 Stoicos
466 3749 609 3831 pertinet,
641 3748 712 3812 haee
734 3761 780 3814 est
801 3751 836 3814 de
858 3749 1007 3812 divinitate
1029 3748 1143 3814 illorum
1165 3750 1227 3835 opi·
1244 3764 1305 3832 esp.
1323 3767 1343 3816 t.

85 3846 137 3909 nio.
182 3847 282 3914 lleurn
305 3869 372 3912 osse
390 3860 516 3913 mentem
535 3860 688 3928 esserunt,
721 3872 794 3935 quoe
816 3851 905 3914 totins
922 3851 1107 3935 aspectabilis
1129 3853 1225 3932 molis,

85 3951 149 4012 coeli
167 3951 306 4014 nimirum
329 3971 364 4014 ae
385 3961 483 4014 terrae
501 3962 739 4038 caeterarumque
761 3973 858 4015 rerum
880 3951 960 4014 velut
979 3951 1110 4037 corporis
1132 3953 1227 4016 anima

85 4049 128 4113 sit.
179 4050 298 4118 Rursus
320 4050 501 4116 divinitatem
529 4075 615 4117 uuam
645 4053 675 4116 in
704 4055 800 4140 plures
828 4073 863 4126 ac
890 4054 1079 4138 particulares
1109 4065 1227 4117 naturas

84 4151 272 4233 distribuunt3
306 4155 397 4218 solem
424 4155 577 4236 uidelicet,
611 4155 708 4218 lunam
731 4176 765 4218 ae
789 4155 907 4236 stellas,
941 4157 1082 4235 animam,
1115 4162 1225 4234 ae'rem,

112 4339 151 4390 10.
169 4341 213 4390 Sic
227 4356 304 4394 onmes
318 4343 380 4392 lteri.
398 4369 432 4382 —-
465 4345 511 4394 Pro
525 4340 571 4410 repd
588 4346 638 4406 for·
704 4339 746 4394 te.
763 4337 910 4411 ὁμέστοιχοι
927 4343 977 4392 eod
994 4345 1069 4392 Venet.

83 4409 136 4456 trau
152 4412 313 4472 masadan
329 4403 389 4464 ἀπό.
703 4407 761 4460 Car.
780 4412 797 4460 l.
822 4439 854 4448 -
884 4415 904 4459 t.
923 4401 943 4473 ἦ
961 4434 996 4447 --
1012 4437 1045 4446 -
1062 4403 1153 4476 ψυχήν.
1178 4423 1226 4472 epo.

112 4473 149 4525 ll.
166 4471 330 4544 αἱβιόμειαι
346 4480 399 4530 cod.
416 4479 493 4528 Vocet.
669 4471 856 4543 Menestrati
870 4469 900 4543 (ἣ
912 4477 949 4528 ed.
963 4473 1226 4545 Peleo.)--dmysy'.
