3100 4984
336 346 473 398 ananau
489 348 554 399 ara.
569 349 588 399 1.
605 348 687 400 rona.
701 349 733 399 ιι.
751 349 851 401 anea.
867 351 995 404 xxxur.
1184 343 1242 405 421

82 473 138 544 csb,
159 475 255 533 serane
268 479 360 532 autern
368 481 479 550 postes,
499 468 633 534 nimirum
649 491 714 534 eum
727 470 920 555 perfectiores
935 471 1028 536 eritis.
1067 469 1141 538 ltem
1155 475 1224 540 illud
1233 503 1241 542 s

80 575 263 649 lllescr'edunt,
285 578 373 636 donec
388 595 406 635 a
420 578 539 635 mortue's
552 585 725 653 resurgeret.
768 570 821 637 Sic
835 585 865 637 et
880 571 1004 638 Paulus:
1024 579 1156 640 Nondum
1169 585 1241 642 enisa
1251 603 1393 658 incensas

77 682 236 758 poteratis,
260 682 376 740 reduce
391 681 630 758 odbucpotestr'e:
656 687 686 740 ut
702 677 871 740 ostenderet
889 678 1113 762 procedentibus
1131 691 1241 768 tempo·
1256 671 1274 716 ¹·
1282 671 1336 716 ⁰⁰¹·
1343 673 1394 728 ⁸⁹²

81 779 167 844 ribus
183 781 360 864 perlectiora
374 780 436 844 dari
452 791 625 868 praccepta3
650 800 724 865 quae
738 780 807 844 licet
820 779 920 844 eadem
934 780 994 843 sint
1009 801 1136 868 semper,
1157 784 1242 850 aliam

81 882 272 947 nibilominus
296 883 440 947 rationem
460 883 600 960 iuduunt,
636 904 690 946 uec
713 883 816 947 eodem
842 880 1004 948 iunioribus
1031 905 1088 969 quo
1113 885 1242 953 robustis

80 986 172 1049 modo
188 995 398 1070 temperantur.
441 982 517 1049 Cum
534 984 611 1048 enim
628 984 702 1069 legis
718 985 790 1049 baec
805 997 886 1050 esset
901 986 1041 1050 formulae
1063 991 1178 1050 Oculum
1187 1011 1243 1070 pro

79 1092 177 1163 oculo,
198 1109 256 1152 non
272 1088 359 1167 dixit,
377 1085 481 1152 Eruitc
498 1088 612 1152 oculum
628 1109 680 1173 pro
697 1089 794 1168 oculo,
812 1089 876 1166 sed,
897 1085 931 1153 Si
947 1089 1011 1172 quis
1027 1089 1140 1154 oculum
1157 1112 1242 1156 erue-

77 1190 139 1268 rit,
164 1191 192 1254 ei
211 1191 312 1256 oculus
330 1202 462 1255 eruetur.
510 1187 580 1254 ldeo
599 1190 720 1276 quilibet
738 1203 769 1254 ut
786 1191 901 1278 corpori
921 1211 976 1255 suo
994 1191 1163 1258 consuleret
1180 1215 1241 1258 ma·

77 1293 186 1357 xillam
205 1294 373 1358 verberanti
391 1292 560 1378 praebebat,
584 1315 641 1356 uon
658 1293 720 1380 ipse
737 1293 924 1356 verberabat.
971 1290 1038 1376 Qua
1055 1295 1169 1358 ratione
1186 1297 1242 1362 iam
1317 1311 1320 1317 “

79 1408 143 1460 ιιιιιι
163 1416 197 1460 ea
216 1396 413 1461 servabantur
430 1417 504 1480 qnae
523 1396 551 1458 in
571 1395 725 1480 evaugelio
745 1396 831 1460 modo
850 1405 907 1460 tam
926 1396 1036 1482 apertis
1053 1397 1152 1461 verbis
1171 1421 1242 1462 con-

77 1510 167 1585 cepta
184 1510 271 1579 sunt,
297 1521 361 1562 cunr
382 1519 417 1562 eo
435 1508 533 1561 mmen
552 1497 738 1578 discrimine,
763 1500 838 1584 qaod
858 1499 898 1562 illi
917 1510 995 1564 metu
1014 1521 1048 1563 ac
1066 1499 1241 1566 necessitate

77 1603 166 1666 uelut
182 1602 385 1666 adolescentes
401 1601 430 1663 in
447 1599 541 1664 ollicio
560 1601 798 1680 continerentur,
831 1601 858 1665 bi
876 1611 976 1688 utpote
996 1601 1165 1665 conlirmata
1184 1603 1239 1666 iam

77 1715 181 1770 aetate
199 1715 303 1791 sponte
323 1725 376 1768 sun
396 1724 431 1767 ac
451 1702 601 1767 voluntate
620 1703 833 1788 obtemperent.
879 1703 1001 1770 Atenim
1019 1704 1165 1768 contraria
1183 1705 1240 1770 ista

77 1808 238 1872 vitientur:
268 1809 384 1870 Oculum
397 1828 454 1888 pro
472 1810 569 1880 oculo,
595 1817 625 1870 et
639 1807 859 1870 interfectorem
878 1807 1000 1871 interlioi
1018 1806 1132 1872 iubere.
1179 1805 1239 1873 Sed

76 1913 116 1974 de
135 1911 185 1974 illa
205 1909 333 1996 supremi
352 1907 449 1973 iudicii
466 1908 512 1972 die
530 1909 574 1972 sic
590 1909 755 1994 loquentem
776 1907 925 1974 Christum
944 1910 1095 1974 videmus:
1128 1915 1234 1987 staret,
1253 1929 1334 1974 ιιιιιιι.

76 2012 192 2098 inquit,
224 2017 284 2074 eires
300 2016 428 2074 domebus
444 2013 491 2094 (se
509 2013 602 2098 ipsum
621 2022 718 2075 autem
737 2011 889 2096 intelligit,
920 2011 968 2097 qui
986 2013 1025 2075 sit
1040 2013 1168 2077 omniurn
1186 2015 1237 2078 do·
1249 1980 1327 2038 Μ’

77 2115 207 2197 minus),
227 2127 255 2175 et
268 2137 379 2177 emaum
392 2121 482 2197 r‘psmn
497 2120 526 2176 r'rr
540 2119 612 2176 duas
621 2126 720 2194 partes
734 2117 857 2191 secabit,
880 2127 908 2177 et
917 2127 1028 2197 purtem
1043 2120 1105 2178 eries
1117 2139 1179 2178 eum
1195 2122 1239 2179 r'rr·

72 2220 214 2299 fidelibus
226 2230 322 2298 ponet.
369 2215 476 2281 Restat
493 2215 582 2300 igitur
601 2226 632 2280 ut
650 2227 752 2280 contra
770 2217 945 2281 salvatorem
966 2217 1058 2302 ipsum
1078 2219 1238 2283 nalunmias

77 2333 165 2399 tuas,
198 2321 594 2412 copmaledietaconvertns,
625 2340 749 2403 errorque
769 2319 961 2383 essebonum
979 2319 1134 2400 intioieris,
1165 2331 1238 2383 tarn-

76 2423 136 2488 etsi
155 2423 251 2486 bonos
268 2443 334 2486 eum
351 2433 434 2509 pater
447 2423 600 2508 genuerit,
633 2423 783 2506 bonusque
802 2423 841 2486 sit
857 2443 891 2484 ac
907 2422 1020 2501 iustus,
1052 2443 1106 2485 nec
1123 2444 1138 2486 a
1154 2431 1237 2508 patre

76 2527 228 2591 diversus.
275 2521 423 2607 Quocirca
440 2537 469 2589 ιιι
487 2527 534 2611 qni
549 2527 646 2611 legum
662 2526 746 2590 nobis
762 2525 885 2611 partitor
898 2545 932 2586 ao
947 2534 1099 2608 geometra
1115 2536 1235 2611 repente

76 2628 227 2716 prodiisti,
248 2648 283 2690 sc
296 2628 438 2691 trifariam
454 2628 593 2692 universa
607 2629 723 2707 dividis,
745 2639 828 2714 potes
840 2627 919 2692 illum
936 2649 952 2690 a
966 2627 1057 2713 patris
1069 2627 1236 2693 abalienare

76 2743 197 2795 natura.
243 2729 330 2815 Quod
347 2743 444 2795 autem
460 2730 600 2795 nonnulla
616 2730 719 2794 delinis
733 2730 762 2794 in
779 2730 844 2814 lege
860 2751 926 2794 esse
942 2729 1130 2794 adumbraudi
1144 2731 1236 2816 signi-

75 2835 244 2919 licandique
260 2855 364 2898 caussa
381 2833 507 2919 scripta,
543 2833 675 2898 veritatis
696 2833 826 2898 nnonibil
847 2833 986 2917 attigisti,
1021 2843 1053 2896 ut
1075 2834 1174 2919 paucis
1198 2833 1235 2898 iis

73 2937 209 3024 aspersis
225 2937 301 3000 viam
318 2936 368 3001 tibi
389 2935 418 3000 iu
437 2937 544 3002 ceteris
564 2937 598 3000 ad
616 2936 759 3000 fallaciam
777 2936 964 3020 fraudemque
982 2937 1123 3000 munires.
1168 2933 1235 3000 Nec
1276 3015 1280 3020 Ι

75 3041 157 3105 enim
176 3039 353 3104 diffitendum
373 3049 419 3102 est
435 3040 503 3124 quin
519 3043 588 3102 boec
607 3043 665 3101 r’llrb
681 3043 709 3101 s'n
718 3042 825 3120 figure
839 3044 1025 3119 contigerint,
1055 3044 1162 3118 scriptu
1177 3043 1236 3100 erist
1248 3059 1335 3154 quelq

74 3155 171 3206 αιιιειιι
189 3146 229 3204 ud
244 3147 447 3222 correptionem
464 3154 606 3217 noemam,
639 3147 668 3204 r'rs
691 3163 760 3223 quoe
771 3145 852 3222 fines
874 3144 1031 3203 seculorum
1051 3145 1229 3214 devenerunt,
1279 3143 1287 3165 ’
1323 3144 1328 3156 “

74 3247 254 3311 aitsanctus
270 3243 437 3328 apostolus,
469 3265 534 3308 cuns
553 3246 588 3308 de
606 3243 829 3308 circumcisione
846 3263 880 3306 ac
898 3242 1037 3320 sabbato,
1069 3242 1234 3326 ceterisque

73 3349 218 3434 disputat.
263 3347 363 3430 Atque
381 3345 489 3410 utinam
508 3349 663 3410 veritatem
679 3345 709 3408 in
725 3343 860 3407 omnibus
875 3345 1038 3424 retineres,
1062 3364 1157 3428 neque
1175 3355 1234 3407 ter-

73 3453 148 3515 tium
166 3448 369 3532 nescioquem
387 3448 681 3526 deumacmedium,
713 3445 953 3530 qainullusest,
984 3446 1087 3524 nobis,
1119 3447 1166 3510 vel
1181 3445 1232 3509 tibi

73 3553 174 3640 potius
197 3571 233 3616 ac
256 3550 313 3615 tuis
332 3550 521 3615 obtruderesl

161 3652 222 3719 Sed
246 3654 470 3739 impurissimam
492 3654 568 3718 illam
590 3664 667 3718 tuam
692 3672 796 3716 vocem
820 3652 892 3716 satis
913 3652 943 3714 iu
966 3650 1131 3736 praesentia
1153 3673 1232 3716 cnm·
1250 3661 1310 3731 erp.
1326 3662 1382 3714 xlt.

73 3779 209 3844 pressam
229 3756 373 3835 arbitror,
403 3756 651 3842 impudentissime
674 3755 795 3820 nebulol
842 3752 936 3819 Cuius
954 3754 1087 3818 convicta
1109 3756 1231 3820 falsitate

73 3871 232 3944 antequam
249 3859 378 3944 reliquas
394 3860 428 3924 ad
448 3860 587 3924 haereses
604 3859 841 3944 progrediamur,
866 3857 991 3921 divinam
1010 3879 1062 3943 pro
1080 3878 1115 3921 eo
1132 3879 1166 3922 ee
1183 3880 1231 3924 so-

73 3963 171 4028 lemus
192 3982 277 4048 opem
300 3961 536 4047 implorabimus,
570 3971 603 4024 ut
624 3961 659 4024 ad
683 3961 747 4025 illas
767 3960 937 4044 iugulandos
959 3959 1092 4024 tenuitati
1112 3973 1230 4026 nostrae

72 4065 156 4130 vires
172 4064 348 4150 suppeditet.
395 4061 474 4128 Satis
492 4063 569 4127 enim
586 4085 626 4128 ex
643 4063 679 4127 iis
698 4084 772 4148 qnae
790 4060 916 4126 diximus
933 4061 1112 4128 intellectum
1129 4063 1232 4150 opinor

71 4165 297 4247 Ptolemaeum,
330 4165 434 4231 marici
455 4165 536 4230 carris
554 4167 664 4244 instar,
696 4165 744 4250 qui
767 4186 783 4228 e
806 4164 910 4251 pelago
929 4166 1083 4251 prosiliens
1100 4167 1230 4252 viperam
1280 4233 1285 4244 ,

71 4305 129 4355 rino
148 4301 282 4364 moverit,
308 4302 354 4353 sed
374 4302 447 4354 etism
469 4302 523 4353 aliis
543 4301 634 4353 multis.
671 4319 756 4352 canem
769 4301 890 4352 marinum
904 4301 1089 4370 viperassibilis
1103 4302 1152 4352 suis
1167 4320 1229 4354 ero-

72 4375 158 4436 Qsare
175 4383 201 4421 et
216 4387 349 4422 muraenae
365 4371 484 4422 dentatae
498 4369 574 4422 tribui
587 4387 638 4438 po-
672 4387 729 4421 care
742 4369 836 4423 scribit.
870 4371 931 4432 Quis
945 4387 1052 4438 unquam
1066 4387 1138 4420 canes
1153 4371 1230 4422 mari-

71 4451 138 4500 rest,
157 4455 223 4508 qaae
239 4449 266 4490 et
281 4441 336 4508 ipsa
353 4437 542 4508 καρχαρόδους,
564 4449 591 4488 ct
608 4456 637 4489 es
671 4455 717 4489 nos
732 4437 831 4488 sibilare
845 4437 927 4488 dixit?
960 4439 999 4488 Ne
1014 4437 1040 4488 id
1056 4437 1153 4504 quidem
1169 4439 1230 4492 dicit

71 4508 212 4560 Aristotele
229 4518 334 4560 constat.
368 4511 427 4560 Non
445 4507 546 4558 dubium
563 4506 639 4574 igitur
672 4505 832 4574 Epiphanius,
847 4507 889 4574 qui
901 4505 1042 4572 συρίγματα
1054 4505 1096 4556 illa
1109 4523 1159 4558 non
1174 4509 1229 4560 esni

73 4578 133 4644 quin
152 4575 296 4656 καρχαρίας
314 4576 363 4628 boe
384 4576 442 4626 loco
458 4593 575 4627 muraena
595 4575 637 4625 sit.
672 4575 768 4625 marino
781 4575 883 4632 tribuit,
902 4584 928 4623 ut
945 4573 1005 4624 lacit
1020 4574 1132 4654 l'etavius
1147 4575 1170 4625 in
1185 4594 1228 4628 sus

72 4647 167 4698 Verum
179 4643 639 4714 etrlludperquamabsurdum,quod
673 4643 794 4707 versione,
808 4641 854 4694 sed
869 4642 1011 4695 Ptolemaeo
1023 4642 1079 4710 ipsi.
1109 4645 1228 4696 Muraena
