3072 4986
435 937 474 1023 S.
512 937 902 1024 EPIPHANII

286 1155 522 1208 cousrau‘rran
541 1157 632 1219 Quis
651 1157 687 1207 m
706 1157 815 1208 carno
833 1157 894 1208 asu
912 1155 1058 1208 narsoorr

224 1323 451 1392 ADVERSUS
472 1323 600 1392 LXXX
623 1324 848 1391 HAERESES
871 1323 979 1393 OPUS
1002 1321 1117 1409 Quot)
1232 1323 1235 1330 ’

502 1499 530 1574 Ρ
545 1497 576 1574 t
590 1499 621 1574 N
634 1499 666 1573 A
679 1500 715 1574 R
726 1499 746 1574 1
759 1497 791 1574 U
802 1497 839 1572 tt

437 1702 511 1752 SIVE
532 1701 667 1752 anctum
688 1699 908 1752 tusculanum.

175 1936 345 2002 Instituenti
364 1938 433 2001 mihi
451 1939 486 2002 de
506 1939 563 2002 fide
583 1937 946 2024 pissinontiorum,
977 1938 1071 2022 dequo
1097 1938 1188 2003 restis
1209 1957 1245 2002 ao
1263 1951 1322 2018 cip.
1340 1950 1358 1999 t.

103 2041 242 2125 parensis
271 2040 456 2124 dogmatibus
481 2061 648 2104 sermonem
674 2039 786 2124 ingredi
816 2040 943 2103 omnium
970 2040 1123 2125 primodo
1146 2041 1246 2104 mundi

100 2143 311 2226 procreatione,
336 2142 429 2226 dequo
445 2142 480 2206 iis
496 2163 569 2226 quae
587 2143 724 2226 deinceps
740 2151 808 2204 sunt
822 2152 992 2220 oooseeuto,
1017 2142 1151 2206 iacienda
1166 2163 1247 2206 men·

99 2245 135 2306 tio
152 2255 210 2308 est.
258 2241 350 2328 idque
370 2265 426 2326 ego
453 2265 510 2308 non
534 2245 607 2308 mois
626 2244 739 2308 viribus
761 2253 812 2306 aut
829 2244 950 2328 privatis
974 2243 1247 2307 ratiocinationibus

99 2347 185 2410 fretos
205 2347 375 2430 aggrediar,
400 2347 451 2408 sod
477 2357 619 2430 quotenus
641 2345 756 2429 quidem
775 2344 908 2408 dominns
926 2346 1054 2408 omnium
1078 2365 1112 2408 ao
1130 2345 1247 2408 miseri-

99 2469 160 2511 oors
176 2448 253 2510 deus
272 2447 420 2532 prophetis
438 2447 501 2512 suis
519 2447 650 2533 aperuit,
674 2467 833 2530 eorumque
856 2446 940 2510 nobis
964 2447 1106 2512 beneficio
1128 2447 1247 2511 unirer·-

99 2569 191 2612 sarom
208 2569 310 2612 rerum
329 2549 479 2628 notitiam,
503 2560 641 2633 quantum
661 2549 807 2612 hominum
825 2549 1015 2629 norontem,
1038 2547 1188 2634 impertire
1204 2548 1248 2612 di·

97 2662 201 2731 gnatos
216 2661 275 2714 est.
321 2647 374 2714 Ma
393 2673 464 2714 vero
487 2651 545 2714 iam
568 2661 628 2714 turn
653 2651 717 2736 ipso
736 2649 939 2735 disputationis
961 2650 1045 2714 initio
1067 2651 1149 2734 angit
1172 2650 1247 2714 haud

97 2753 284 2816 mediocriter
297 2761 385 2836 atquo
400 2763 493 2818 terret
507 2753 637 2837 suscepti
650 2753 749 2837 operis
765 2752 945 2836 magnitudo.
976 2748 1079 2835 Quare
1092 2752 1248 2816 sanstissi-

96 2875 172 2916 ιιιιιι
188 2853 267 2918 illum
283 2854 382 2932 deum,
406 2854 528 2938 eiusque
544 2853 633 2918 fliium
651 2854 767 2918 unicum
781 2851 878 2918 lesum
892 2851 1055 2932 Christum,
1075 2874 1130 2918 neo
1144 2875 1203 2918 non
1217 2863 1248 2918 et

96 2965 227 3018 undam
247 2956 312 3017 eius
329 2957 461 3040 spiritum
478 2957 604 3042 appatio,
628 2967 661 3020 ut
676 2957 712 3019 ad
731 2955 850 3020 huiusne
866 2956 910 3019 roi
929 2955 1129 3020 illustrandam
1145 2955 1248 3039 oogni·

96 3055 204 3118 donem
231 3066 361 3120 mentem
385 3069 514 3121 nostram
536 3057 635 3121 divina
657 3057 723 3122 luno
748 3058 914 3143 perfundat.
958 3055 1000 3122 Ut
1021 3057 1100 3121 enim
1121 3057 1247 3142 gentiles

94 3157 274 3242 aoriptores,
298 3169 357 3222 tam
376 3169 481 3242 poetas
502 3181 587 3244 qnam
609 3158 730 3223 alterins
752 3160 888 3244 generis,
911 3159 1026 3238 solent,
1050 3179 1114 3223 onm
1135 3158 1248 3222 fabulo-

93 3279 155 3322 sum
167 3259 288 3343 atiqood
304 3281 377 3344 opus
390 3260 556 3339 instituunt,
573 3257 727 3324 Musarum
744 3262 902 3346 implorare
918 3260 1081 3346 quampiam
1095 3295 1136 3309 -
1151 3277 1247 3342 noque

92 3361 169 3424 eoim
198 3363 285 3424 deum
314 3359 455 3426 invooaot
479 3363 499 3426 ii
527 3385 650 3447 quorum
678 3363 773 3428 omnis
797 3384 838 3427 ex
859 3363 1033 3429 daemonum
1056 3361 1152 3426 afflatu
1179 3381 1249 3446 pro·

91 3483 198 3544 gressa
212 3461 360 3547 sapientia
378 3474 435 3542 est,
459 3463 618 3548 eademqne
633 3475 765 3544 torrens,
789 3485 844 3528 neo
859 3486 875 3528 e
892 3465 1104 3552 superioribus,
1128 3473 1160 3526 ut
1173 3462 1249 3527 sori·
1260 3479 1306 3524 ιιι,
1318 3477 1342 3535 r,
1355 3477 1386 3522 u.

90 3575 169 3647 ptum
190 3576 255 3644 est,
281 3565 481 3644 descendens,
504 3602 548 3613 —
568 3569 609 3630 ito
627 3589 683 3631 nos
705 3588 803 3630 rerum
827 3567 955 3630 omnium
977 3566 1191 3629 moderatorem
1213 3585 1249 3632 ao

90 3667 242 3732 dominnm
267 3687 408 3752 rogamus
435 3679 468 3732 ut
496 3668 600 3732 adesse
628 3669 761 3732 tenuitati
785 3680 904 3734 nostrae
929 3667 1018 3746 velit,
1052 3687 1087 3730 ao
1114 3678 1248 3732 sanctum

90 3767 178 3831 nodis
195 3771 330 3854 spiritum
347 3769 515 3848 immittere,
540 3789 576 3832 ne
592 3770 658 3854 quid
674 3769 704 3832 in
722 3789 812 3855 opero
826 3770 976 3855 proposito
993 3771 1179 3834 contexendo
1195 3770 1250 3834 dai·

90 3887 155 3930 sum
185 3879 215 3931 et
236 3869 431 3934 adulterinum
450 3872 637 3934 misceamus.
683 3867 779 3953 Quem
803 3892 858 3935 nos
882 3871 1014 3956 spiritum
1042 3871 1248 3936 imbecillioris

90 3980 216 4032 nostr-aa
239 3971 353 4034 ooosoii
374 3993 427 4060 pro
454 3973 522 4037 ussi
546 3973 631 4036 modo
656 3993 691 4034 ao
717 3973 832 4038 ratione
854 3973 957 4038 donari
982 3974 1067 4038 nobis
1091 3969 1249 4060 magnopo-

89 4089 124 4132 re
146 4093 319 4156 precamur.

125 4305 151 4358 3.
169 4305 248 4375 tots,
272 4311 336 4374 mand
353 4313 423 4375 wipo
440 4314 594 4378 nonnoso,
619 4329 656 4366 re·
690 4315 731 4378 oui
747 4317 808 4368 tritri.

90 4377 158 4425 aditui
176 4391 208 4426 ea·
224 4379 275 4428 ood.
295 4381 383 4430 Veneto.
546 4381 549 4389 ⁴
723 4379 748 4434 6.
774 4379 859 4445 αὐτοῖς
888 4385 956 4436 eona
982 4387 1058 4436 Venti.
1082 4389 1105 4436 td
1129 4385 1248 4450 aucuper.

126 4439 151 4492 4.
171 4441 227 4498 olda
243 4447 295 4496 ond
315 4449 369 4496 Van.
400 4451 578 4513 nntoarettqni
594 4453 655 4500 tr‘or'u
692 4453 766 4517 Vulgo
782 4447 873 4516 αὐτῆς.

125 4507 153 4560 5.
170 4511 231 4578 napi
244 4511 340 4568 otim
355 4515 656 4582 normannnis·
722 4519 748 4574 7.
765 4517 794 4574 td
813 4521 889 4571 oduei
905 4535 935 4572 en
953 4522 1004 4572 eost
1021 4523 1075 4571 Vm.
