3080 5002
355 307 492 360 rinnau
508 307 570 360 nra.
584 309 603 360 r.
620 307 701 360 nour.
715 309 759 360 ur.
776 307 875 360 unns
887 309 968 360 xurr.
1177 295 1238 360 673

84 428 177 492 ritum
194 427 281 492 ell'crt
295 447 434 514 essese,
465 429 517 492 sed
532 428 690 512 legitimum
705 427 842 492 iudicium
858 438 997 507 exercet,
1028 430 1120 513 deque
1138 427 1175 492 iis
1192 429 1241 513 qui

85 533 226 596 mandata
247 530 387 596 violarint
407 529 512 594 iustam
535 531 730 616 cognitionem
749 531 885 595 instituit.
929 533 994 593 Non
1011 537 1083 593 enam
1099 536 1242 594 auditores

87 639 165 714 legis
185 639 257 696 abad
274 639 349 716 opud
370 639 467 710 deum,
497 637 548 696 sed
559 636 690 716 suctores
712 637 783 715 legr's
803 635 1041 715 r'uatpfoobuutur.
1089 631 1149 696 lam
1169 655 1241 697 veru

85 758 155 800 cum
173 737 222 800 lex
239 737 322 800 factis
337 735 478 822 praestita
494 737 633 802 factorem
648 736 742 822 ipsum
758 736 906 814 iustificet,
931 758 988 801 non
1005 737 1122 814 iniusta,
1148 756 1242 820 neque

86 837 266 925 poenitende
291 839 342 904 lex
363 841 438 920 erit,
473 851 591 926 propter
615 861 699 923 quam
720 839 788 902 iusti
813 839 884 902 liunt
909 841 955 924 qui
978 840 1004 903 ei
1026 840 1241 924 obtemperant.

87 938 233 1006 Ceterum
249 941 284 1005 ad
300 943 393 1028 legem
408 943 514 1007 attinet
526 942 596 1006 lidos
611 942 697 1005 etiam
712 941 740 1004 in
758 937 906 1006 Christum
922 943 951 1006 iu
968 943 1068 1006 eadem
1083 942 1148 1026 lege
1161 961 1245 1028 prae·

86 1044 186 1122 dicte,
210 1043 274 1108 sioe
290 1067 346 1130 quc
360 1044 510 1110 iustificari
526 1065 612 1108 nemo
630 1054 742 1129 potest,
766 1055 793 1107 et
813 1044 839 1108 ci
854 1045 974 1129 insuper
990 1029 1163 1130 quicumque
1182 1064 1246 1107 cre-

87 1147 200 1211 diderit
215 1147 325 1231 absque
344 1148 416 1233 legis
434 1148 483 1211 illo
503 1147 669 1210 testimonio
687 1147 836 1210 iustificari
855 1149 972 1232 nequit3
1003 1149 1138 1232 quoniam
1159 1143 1245 1211 Clrri·

86 1261 155 1314 stus
172 1249 246 1334 legis
263 1251 505 1336 complementum
523 1261 584 1328 est,
610 1260 642 1313 ut
658 1249 805 1335 apostolus
826 1250 870 1314 bis
886 1249 985 1316 verbis
1005 1251 1149 1314 declarat:
1180 1253 1242 1311 Ple·
1259 1265 1366 1322 somno,
1378 1267 1397 1312 s.

88 1357 192 1418 nr'tudo
207 1356 279 1435 legia
296 1357 425 1416 consae
440 1365 483 1416 ert
495 1357 534 1414 cd
544 1358 689 1415 rustr'trlrm.
737 1349 851 1436 Quibus
866 1353 936 1416 illud
953 1353 1077 1434 indicat,
1101 1351 1165 1416 siue
1181 1351 1246 1436 lege

89 1468 182 1542 atque
197 1453 317 1522 Christo
334 1457 438 1522 nullam
457 1476 524 1520 esse
540 1455 691 1519 iustitiam.
736 1453 842 1540 Neque
861 1456 936 1520 euim
956 1452 1071 1536 ludaei,
1096 1455 1143 1540 qui
1159 1451 1246 1520 Chri-

90 1573 171 1624 stum
187 1560 352 1645 repudient,
375 1559 439 1624 sine
453 1580 490 1622 eo
506 1558 753 1638 laetificabuntur,
777 1579 872 1642 neque
887 1568 918 1623 tu
933 1559 1142 1639 iustificaberc,
1164 1555 1247 1622 lilar-

91 1665 160 1741 cio,
185 1662 232 1746 qni
254 1663 350 1746 legem
371 1663 513 1744 abneges.

182 1761 284 1830 Sobel.
300 1763 328 1828 ll
346 1777 376 1828 et
393 1763 518 1828 XXlX.
554 1769 734 1827 Caicumeairb
756 1769 828 1826 endu
844 1769 963 1847 prodest
980 1771 1010 1826 sr'
1028 1768 1115 1846 legem
1127 1767 1399 1846 sarcinarumque.

92 1873 124 1930 σι’
138 1879 231 1930 nutem
242 1873 457 1950 prreum'eutcr
472 1871 513 1929 arb
531 1871 620 1948 legrir,
650 1873 827 1930 circumcurrit
844 1879 892 1928 tun
905 1872 1175 1952 praepun'urnsuetn
1191 1881 1243 1931 est.

182 1969 285 2036 llcfut.
302 1969 330 2034 ll
345 1981 376 2034 et
387 1968 512 2035 XXIX.
543 1968 786 2054 Quandoquidem
801 1971 981 2055 profuturam
996 1969 1246 2035 circumcisionem

94 2073 247 2160 apostolus
259 2074 437 2159 pronuntiat,
457 2073 522 2158 quis
538 2074 696 2138 fructuosis
710 2073 798 2137 rebus
812 2073 984 2137 calumniam
997 2085 1114 2138 struere
1125 2073 1249 2138 audeat?

95 2177 186 2242 lluue
203 2177 317 2262 quidem
334 2175 479 2262 serpentis
498 2174 621 2239 similem
637 2186 753 2261 oportet
770 2195 854 2254 esse,
880 2195 967 2260 aquo
986 2197 1080 2260 neque
1098 2187 1128 2240 tu
1144 2177 1249 2241 ablior-

96 2301 165 2360 res,
189 2277 317 2343 Marcio.
364 2275 514 2364 Siquidem
529 2277 578 2342 illu
595 2277 641 2341 dei
655 2277 743 2342 rerba
759 2277 936 2362 detorquens
950 2275 1043 2343 Evam
1059 2278 1250 2364 persuasione

96 2403 153 2446 sua
171 2381 297 2467 decepit,
317 2381 357 2444 itu
372 2380 565 2467 compellens:
588 2384 770 2463 Nequaquam
785 2385 948 2442 moramini.
995 2379 1113 2444 Etenim
1131 2393 1249 2467 aposto·
1262 2397 1375 2454 uenam.

96 2485 146 2548 lus
161 2484 257 2568 legem
275 2483 310 2546 ad
327 2483 578 2548 circumcisionem
595 2483 769 2561 adstrinxit,
793 2495 824 2547 et
840 2483 1091 2547 circumcisionem
1108 2483 1163 2570 legi
1180 2505 1250 2549 uon·

96 2597 270 2651 sentanesm
294 2607 361 2651 csse
384 2585 576 2665 monstrarit,
607 2585 793 2670 eiusdemque
816 2585 980 2650 mundatum
1000 2607 1067 2652 esse
1086 2587 1132 2650 dci
1153 2586 1201 2671 qui
1222 2598 1252 2651 et

98 2689 350 2753 circumcisionem
369 2688 437 2752 olim
454 2687 597 2768 institnit,
621 2698 650 2752 et
668 2687 761 2772 legem
782 2687 918 2775 praesidii
935 2709 1039 2753 caussa
1057 2689 1136 2770 tulit,
1169 2689 1251 2754 cuius

98 2789 243 2855 beneflcio
259 2791 388 2856 creditus
401 2786 537 2856 Christus
552 2791 737 2856 credentibus
753 2792 884 2877 perfecta
900 2812 1031 2878 quaeque
1045 2791 1144 2858 dicere
1159 2815 1193 2858 ac
1208 2795 1251 2858 fn-

100 2914 171 2958 cere
193 2894 338 2958 concedit.

188 2993 290 3062 Sobel.
308 2994 352 3060 lll
369 3006 400 3060 et
414 2995 523 3062 XXX.
561 2999 701 3061 Habentes
715 3001 937 3081 informationem
954 3003 1137 3082 cognitionis,
1162 3010 1193 3061 et
1204 3019 1250 3060 ue·
1263 3013 1402 3071 nomeu.

100 3104 199 3162 ninus
219 3103 249 3161 r‘n
271 3103 342 3180 lege.

188 3199 289 3266 llefut.
307 3199 351 3266 lll
366 3213 397 3265 et
408 3201 518 3268 XXX.
552 3201 586 3268 Si
600 3203 729 3290 cognitio
743 3203 978 3267 informationem
992 3203 1134 3283 continet,
1158 3205 1252 3269 formu

101 3325 176 3368 vero
199 3303 235 3367 ab
256 3304 463 3369 informatione
484 3304 594 3386 uritur,
626 3305 750 3391 apostoli
771 3325 859 3391 porro
882 3305 1049 3390 cognitione
1071 3327 1105 3370 nc
1127 3307 1252 3372 veritate

101 3406 226 3494 praediti
247 3429 287 3472 cx
310 3406 384 3491 legis
399 3407 605 3472 informatione
625 3409 745 3471 formem
766 3407 859 3492 ipsum
879 3408 1028 3487 obtinent,
1058 3409 1112 3472 boc
1134 3420 1180 3473 est
1202 3430 1252 3473 cn·

101 3509 263 3594 gnitioncm
281 3530 316 3573 ac
333 3510 505 3590 veritatem,
536 3509 667 3595 sequitur
681 3510 776 3594 legem
795 3531 812 3574 a
831 3510 997 3596 cognitione
1014 3523 1044 3575 ct
1059 3513 1182 3576 veritate
1199 3512 1252 3576 mi·

103 3613 184 3678 nime
205 3612 329 3676 alienam
351 3612 456 3676 videri.
500 3609 561 3677 Per
576 3613 651 3696 lepis
670 3612 747 3677 euim
764 3611 1000 3680 informationem
1019 3615 1152 3680 veritatis
1167 3635 1252 3701 prae·

103 3735 196 3780 eones
217 3715 412 3800 cognitionem
434 3737 469 3780 ac
491 3716 644 3781 veritatem
667 3726 737 3780 sunt
757 3715 865 3802 adepti.

192 3918 293 3987 Sobel.
312 3919 355 3984 lv
369 3932 399 3986 et
413 3917 537 3986 XXXI.
571 3924 675 3984 Adduo
687 3923 759 3984 enain
775 3923 905 3984 Cdn'stuc
917 3943 980 3984 eum
996 3945 1116 3986 essemus
1131 3925 1247 4006 r'rpfrrni,
1264 3941 1388 3998 ceper.-

103 4027 199 4088 udduc
220 4030 248 4086 r'n
271 4037 391 4106 umpore
407 4047 462 4106 pro
484 4029 574 4106 r'rrrprib
596 4035 722 4086 mortuus
743 4036 795 4086 est.

191 4125 294 4192 Refut.
312 4125 355 4191 tv
370 4136 400 4192 et
413 4125 537 4192 XXXI.
572 4124 721 4192 Venabula
738 4127 823 4208 brec,
846 4131 959 4204 Adduo,
985 4141 1026 4209 et,
1049 4133 1181 4193 Mortuus
1196 4142 1248 4208 ert,

104 4253 168 4300 non
190 4229 295 4296 nudum
314 4229 458 4317 speciem,
492 4231 544 4294 sed
562 4229 715 4296 veritatem
733 4240 869 4317 arguunt.
915 4229 951 4298 Si
966 4233 1044 4298 enim
1060 4233 1124 4298 sola
1138 4233 1251 4319 species

101 4425 178 4484 tonil,
206 4422 331 4472 conanus
346 4419 455 4472 vertendo
469 4421 538 4484 plone
554 4421 661 4483 neptrett.
696 4423 835 4486 rtPetcult,
850 4436 895 4486 pru
909 4419 953 4476 τοῦ
965 4419 1057 4492 νόμον,
1074 4425 1173 4488 quodie
1188 4425 1253 4476 tibris

140 4489 183 4543 8‘2.
200 4490 248 4555 τῆς
263 4486 395 4555 γνώσεως,
416 4491 478 4554 quod
492 4493 604 4541 cententio
619 4505 662 4552 po·
694 4495 765 4543 estut.

104 4560 222 4621 nouum
246 4560 339 4620 reponat
358 4571 387 4608 ec
409 4561 538 4610 cmtecturc
556 4560 664 4611 cunuti

160 4639 249 4696 Corpus
261 4637 394 4686 ttuermecl.
407 4638 436 4684 11.
1008 4653 1049 4716 43
