3110 4984
328 359 465 411 nannum
483 359 561 412 tur.
576 359 745 412 naauasas
762 361 990 415 muamus.
1180 355 1240 418 toa

88 479 155 542 ielis
169 477 352 562 inquinatos.
388 477 570 564 Quamquam
589 480 658 564 quid
673 478 778 544 attinet
797 480 928 565 pluribus
941 482 999 544 ista
1013 484 1170 569 persequi?
1191 482 1242 550 ln·

89 581 162 644 inita
178 590 249 644 suut
267 580 344 644 enim
364 601 459 662 neque
478 603 524 644 me
540 581 569 644 in
588 581 790 668 superioribus
806 583 975 646 refellendis
990 583 1162 650 haeresibus
1176 586 1240 650 lou·

87 683 198 765 piorem
221 680 378 746 instituere
400 703 566 747 sermonem
590 684 730 769 temporis
752 684 828 746 ratio
851 684 970 769 patitur.

166 781 252 868 Ergo
274 795 388 868 septem
409 783 527 848 omuino
548 786 689 849 haereses
705 785 773 848 illae
792 783 1009 871 Hierosolymis
1033 796 1120 871 atque
1139 786 1168 851 in
1191 785 1240 852 lu·
1259 797 1319 864 crp.
1330 797 1375 848 111.

86 887 154 949 daea
174 887 314 964 luerunt,
338 897 463 970 quatuor
485 907 557 950 uero
582 907 598 950 a
620 885 705 950 uobis
723 896 809 950 autea
829 898 1074 951 commemoratae
1092 889 1167 974 apud
1184 886 1242 954 Sa·

86 988 206 1052 maritas
223 997 255 1050 et
271 987 302 1049 in
319 983 456 1052 Samaria
472 987 646 1071 viguerunt,
671 989 722 1052 sed
738 989 797 1050 iam
815 1009 920 1072 magna
938 1000 1077 1074 exparte
1093 989 1239 1076 collapsae

85 1099 161 1153 sant.
207 1087 316 1173 Neque
334 1090 412 1153 euim
433 1085 556 1153 Scribas
574 1089 695 1174 amplius
710 1089 760 1152 ulli
779 1100 861 1168 sunt,
884 1109 980 1173 neque
997 1087 1164 1170 Pharisaei,
1187 1113 1240 1156 ne-

85 1211 137 1274 que
161 1187 348 1268 Sadducaei,
373 1211 467 1274 neque
484 1189 778 1275 immerobaptistae,
808 1210 864 1254 neo
884 1189 1046 1254 llerodiaoi
1068 1206 1237 1277 supersunt.

84 1289 173 1356 Pauci
191 1292 308 1376 quidem
324 1292 468 1356 duntaxat
484 1289 655 1372 Nazareni‚
679 1313 755 1357 uuus
770 1292 884 1356 scilicet
897 1293 947 1356 rel
964 1292 1038 1356 alter
1051 1314 1139 1376 snpra
1157 1294 1240 1359 Tbe-

84 1393 196 1456 baidem
211 1391 405 1480 Superiorem
431 1404 481 1458 aut
501 1393 641 1458 Arabiam
660 1405 784 1458 restant.
828 1391 889 1460 Sed
910 1403 941 1458 et
958 1390 1142 1459 0ssenorum
1165 1419 1241 1462 uon·

84 1495 179 1558 nullae
199 1507 271 1558 suut
287 1496 447 1579 reliquiae,
472 1515 629 1579 quaecum
647 1518 665 1560 a
686 1493 813 1560 ludaicis
831 1495 934 1560 ritibus
950 1496 1129 1576 defecerint,
1152 1519 1185 1561 se
1202 1499 1237 1562 ad

84 1594 248 1682 Sampsitas
266 1608 477 1682 aggregarunt,
502 1618 577 1681 quae
597 1597 685 1661 lartio
702 1597 778 1662 ultra
793 1595 880 1660 blare
896 1595 1065 1676 Mortuum,
1089 1601 1164 1683 quod
1181 1597 1239 1664 Pa·

84 1699 223 1764 laestinae
243 1699 395 1778 imminet,
420 1699 594 1763 constitutas
611 1721 628 1762 a
647 1699 807 1762 maioribus
822 1699 908 1763 aedes
924 1698 1053 1780 obtinete
1076 1701 1129 1764 aad
1153 1701 1238 1768 laodic

82 1799 229 1865 Ebionitis
257 1801 384 1864 adiuncti
409 1811 489 1864 snut.
534 1798 578 1864 lta
602 1803 710 1864 iactum
728 1801 879 1879 videmus,
912 1812 943 1866 ot
962 1811 992 1864 et
1011 1801 1059 1864 isti
1084 1798 1238 1868 alodoica

81 1903 225 1987 religione
247 1901 445 1981 desciverint,
468 1903 596 1966 etrelot
618 1903 704 1966 radix
723 1903 863 1986 quaedam
880 1900 911 1964 in
932 1903 1004 1966 duas
1024 1915 1122 1987 partes
1144 1905 1238 1968 scissa

82 2003 131 2082 sit,
147 2005 336 2090 serpentisvc
350 2024 469 2088 corpus,
487 2024 594 2088 exquo
608 2003 707 2089 bioepa
724 2003 831 2087 anguis
840 2003 1055 2089 posteriorique
1071 2017 1154 2090 parte
1173 2027 1237 2070 mu·

82 2107 147 2170 tilus
172 2106 324 2170 dimidiato
346 2125 471 2191 corpore
493 2106 617 2169 adnatus
640 2106 827 2190 pendensque
850 2104 1002 2190 prodierit.

162 2204 318 2272 Hactenus
345 2208 381 2270 de
407 2205 451 2271 lV
475 2203 729 2271 Samaritanorum
754 2207 863 2286 sectis,
896 2203 1069 2271 ludaeorum
1087 2203 1163 2285 Vll;
1195 2227 1237 2272 ex

81 2309 188 2392 qaibus
203 2307 410 2373 Samaritanae
427 2310 571 2374 duntaxat
594 2320 654 2373 tres
675 2309 731 2374 boo
752 2320 883 2394 tempore
905 2319 1082 2394 superanote
1107 2307 1237 2372 Gortbc·

81 2431 203 2489 norum,
228 2409 457 2490 Dositbeorum,
480 2431 516 2474 ao
536 2407 752 2476 Sebuaeorum.
795 2408 874 2475 Nam
897 2407 1080 2474 Easeoorum
1103 2410 1183 2474 velant
1205 2411 1235 2474 in
1354 2489 1365 2506 ,

80 2511 214 2576 tenebris
237 2513 416 2596 sepultorum
442 2511 567 2576 obscura
586 2513 727 2596 quaedam
750 2512 879 2597 vestigia
902 2521 1073 2577 cernuntur.
1118 2509 1168 2574 Ex
1188 2510 1235 2576 lu·

79 2615 174 2678 daieis
198 2613 255 2677 soli
277 2610 378 2677 ludaei
402 2633 437 2676 ac
459 2605 759 2678 Nazaraei'restant.
805 2609 915 2678 0sacni
943 2612 1096 2679 aludaico
1119 2615 1177 2678 ritu
1198 2613 1234 2676 ad

78 2713 291 2802 Sanpseorom
309 2714 445 2778 haeresin
469 2717 705 2800 transfugerunt,
730 2726 763 2779 ut
779 2735 874 2800 oeque
889 2712 1011 2793 ludaei,
1035 2736 1129 2800 neque
1147 2710 1236 2779 Clari·

77 2819 168 2882 stiaui
190 2817 260 2880 siut.
304 2815 389 2881 llaec
403 2816 489 2880 babui
513 2838 588 2901 quac
606 2817 642 2880 de
664 2816 799 2882 omuibus
818 2817 876 2882 illis
892 2817 982 2882 sectis
1003 2817 1153 2902 bucusque
1176 2817 1235 2882 dis·

76 2939 227 2984 sorerem.

558 3091 759 3103 -—-.—...-..

225 3241 288 3316 DE
314 3242 666 3319 mcuuuauturttt
695 3243 891 3320 uumsm
915 3243 1094 3336 uulnus,

72 3389 109 3439 ac
136 3361 282 3436 veritate
317 3387 536 3460 personarum
569 3387 651 3459 quae
686 3369 738 3437 est
769 3363 866 3439 unica
898 3389 936 3440 ac
966 3363 1147 3460 singularia
1179 3359 1233 3434 dei

613 3483 708 3558 lidos.

162 3627 228 3696 set
255 3651 273 3696 e
297 3631 425 3716 vestigio
447 3627 559 3696 Christi
581 3629 650 3697 lesu
678 3633 786 3700 domiui
811 3633 905 3698 nostri
931 3632 1074 3696 adrentus
1102 3651 1167 3694 cam
1195 3651 1231 3696 eo
1249 3639 1310 3706 cap.
1329 3635 1349 3684 t.

71 3735 154 3818 qnod
176 3743 347 3818 susceperat
368 3754 493 3824 corpore
516 3745 694 3800 consecutus
716 3746 780 3815 est3
810 3735 859 3819 qui
878 3744 909 3797 et
924 3730 983 3797 Vll
1004 3731 1070 3796 illas
1092 3733 1232 3798 baereses

71 3835 299 3920 Hierosolymis
328 3835 465 3916 offendit,
500 3846 530 3900 et
557 3837 674 3902 easdem
704 3857 757 3901 aua
785 3835 815 3901 vi
845 3833 999 3920 dissipavit
1028 3844 1058 3897 et
1088 3834 1230 3899 extinxit.

72 3936 280 4022 Quamobrem
307 3937 438 4022 reliquae
460 3957 563 4002 omnes
585 3938 725 4002 haereses
746 3939 874 4002 adventu
896 3935 946 3999 illo
968 3937 1150 4022 posteriores
1169 3938 1232 4002 lue·

70 4051 166 4118 rant3
199 4038 333 4102 nimirum
359 4051 511 4125 postquam
529 4036 626 4103 Maria
647 4040 733 4125 virgo
750 4037 915 4102 Nazaretlri
935 4060 953 4103 a
972 4035 1113 4103 Gabriele
1134 4039 1232 4103 coele·

70 4153 150 4206 stena
186 4140 322 4204 nuncium
351 4142 482 4226 accepit,
517 4162 552 4205 ao
574 4141 708 4205 dominus
730 4140 856 4205 bumano
883 4160 1008 4226 corpore
1037 4140 1232 4204 circumfusus

72 4241 207 4327 prodiit,
231 4251 262 4305 et
275 4242 305 4305 in
322 4242 437 4306 coelum
455 4252 591 4328 receptus
606 4254 665 4308 est.
709 4241 828 4306 Etenim
847 4242 883 4308 ad
906 4241 1023 4308 bomani
1043 4240 1162 4327 generis
1181 4259 1230 4304 sa·

102 4449 116 4476 ·
137 4448 242 4498 cereri
254 4439 365 4509 ritibus
380 4441 516 4513 necrainus
533 4448 639 4499 cumPe·
671 4451 739 4498 ratm
750 4461 797 4498 our
808 4445 946 4512 npdrunm,
960 4449 1014 4498 teate
1023 4445 1128 4496 Petusio.
1149 4445 1231 4494 Etiam

67 4519 145 4566 tunic.
184 4515 242 4563 God.
257 4515 355 4576 Rledlp.
370 4519 391 4564 rt
405 4517 459 4566 adil.
480 4518 556 4577 princ.
573 4509 636 4580 allai·
672 4517 799 4566 concers
821 4519 846 4566 in
862 4515 1049 4578 loterpretuliona
1064 4515 1150 4563 Ludna
1171 4513 1231 4563 illud

68 4587 131 4636 ἕεια
158 4577 299 4647 πρόςωπον.
332 4583 359 4632 ln
374 4584 424 4634 eod.
447 4585 524 4636 Pana
548 4585 638 4636 deride·
671 4579 920 4650 miserescentem.
