3080 5002
727 271 849 324 amen
867 263 1034 324 ΕΡΙΡΗλΝλΙ

218 498 220 504 ’
302 492 403 560 είιιόνα
417 500 493 560 θεοῦ
507 496 642 576 ἐποίησεν
656 489 675 558 ό
688 491 761 568 θεός
775 492 827 560 τόν
840 491 1011 579 ῦνθροτπον.
1039 491 1073 559 ‘0
1086 495 1118 560 ῦλ
1131 493 1261 578 ποιήσας
1271 499 1342 578 ἔφη,
1361 496 1457 580 Ποςῆ.

303 619 398 680 σαμεν
414 595 579 683 άνθροιπον
598 593 661 662 κατ’
676 594 777 662 εἰκόνα
795 593 954 682 ἡμετέραν,
981 599 1033 662 καί
1050 595 1120 664 καθ’
1137 595 1291 682 όμοίοισιν·
1315 596 1357 676 τός
1372 604 1460 676 εἴτις

302 697 362 768 άτιό
383 707 438 784 τῆς
463 701 758 782 σουπειιλανημένης
778 700 916 784 αίρίσειις
932 702 1115 787 ἐπιστρέψειν
1137 699 1213 787 πρός
1232 701 1286 784 τήν
1303 698 1458 784 άλήθεταν,

303 801 343 880 οῦς
359 801 417 870 άπό
432 800 557 879 σιιότονς
572 799 745 886 άποῦράσας
760 805 811 868 ιιαλ
828 800 886 870 άπό
905 801 1013 880 νυκτός
1027 802 1169 883 άναστάς,
1192 803 1273 889 εῦροι
1291 804 1330 872 ῦν
1346 803 1380 872 τό
1395 813 1459 886 φῦς

302 904 381 997 αῦτῷ
402 904 554 972 ῦνατεῑλαν
570 912 623 988 τῆς
644 913 697 972 τοῦ
715 911 791 970 θεοῦ
810 903 944 990 γνάσιοις
964 902 1049 989 ἦλίου
1073 910 1172 989 δίνην,
1194 909 1242 972 καί
1265 903 1343 994 ῦπὲρ
1368 907 1456 992 ἣλιον.

304 1007 470 1093 Φανήσεται
484 1007 539 1094 γάρ
556 1009 643 1072 παντί
661 1013 700 1096 τῷ
716 1006 766 1073 τόν
784 1006 903 1094 εῦλογον
917 1007 1055 1094 λογισμόν
1071 1013 1238 1100 κεκτημένην
1258 1009 1305 1078 ότι
1322 1010 1340 1077 ό
1358 1010 1455 1089 εἶπόν,

303 1111 482 1196 Ποιήσωμεν
496 1109 678 1196 άνθροιπον,
700 1107 719 1177 ό
732 1109 805 1186 θεός
821 1113 898 1195 ἔστιν
911 1109 930 1178 ό
943 1118 1002 1178 τῶν
1018 1111 1097 1180 ῦλιιν
1108 1112 1215 1199 πατήρ.
1260 1121 1454 1200 Σαγιιαλεέτιτι

302 1217 333 1281 ῦλ
355 1213 422 1300 μεθ’
446 1216 552 1282 ἑαυτοῦ
573 1211 625 1279 τόν
641 1211 687 1278 άελ
704 1211 775 1280 όντα
790 1213 844 1280 σῦν
860 1213 942 1303 αῦτηῖ
956 1213 1031 1281 θεόν
1046 1214 1134 1300 λόγον
1150 1215 1217 1282 υἱόν
1235 1224 1403 1302 μονογενῆ,
1429 1219 1455 1292 ἔξ

302 1317 395 1386 αῦτοῦ
411 1316 546 1404 άνάργοις
560 1312 645 1383 ιταλ’
626 1319 758 1403 αγρόνοος
773 1317 1045 1403 γεγεννημένον,“
1026 1345 1109 1442 αμα
1103 1319 1135 1383 δὲ
1151 1317 1250 1384 καί
1217 1345 1250 1384 το
1267 1316 1356 1404 ι’ίγτον
1370 1317 1456 1384 αῦιοῦ

301 1523 388 1600 άλλος
409 1515 446 1606 ἦν
468 1551 483 1590 ο
477 1521 618 1600 ’πλάσας
634 1521 686 1589 τόν
703 1521 868 1609 άνθροτιιον
883 1521 983 1590 τιαλ
950 1547 1001 1592 τον
1015 1520 1127 1605 ιιόσμον
1142 1528 1259 1602 ιιτίυας,
1288 1471 1378 1602 ῦλλος
1395 1521 1456 1590 ako

287 1626 361 1700 ,άνιο
385 1624 501 1712 άγαθός
521 1624 594 1702 θεός
616 1624 684 1711 παρ’
708 1619 745 1692 οῦ
767 1623 951 1710 κατῆλθενό
973 1624 1117 1712 Χριστός,
1149 1623 1205 1692 οῦιι
1228 1653 1267 1692 αν
1288 1624 1309 1692 ό
1320 1627 1456 1714 Χριστός

300 1729 460 1814 ἐλάμβανεν
475 1731 570 1819 ἕαυιρῑ
586 1735 671 1812 σῶμα
688 1731 737 1794 ιιαλ
752 1731 856 1798 ἔπλασε
872 1729 927 1813 την
945 1728 1046 1796 είιιόνα
1063 1736 1116 1796 τοῦ
1129 1733 1316 1815 δημιουργοῦ
1334 1733 1379 1807 είς
1394 1733 1455 1796 λιν-

299 1831 352 1899 τόν
368 1829 541 1911 άνατυτιοῐν,
572 1830 645 1896 όλλιί
663 1836 753 1915 δῆλον
771 1831 816 1900 ότι
831 1831 924 1909 αῦτός
940 1835 1017 1900 ἐστιν
1035 1829 1053 1898 ό
1071 1831 1252 1918 δημιουργός
1268 1839 1324 1902 τοῦ
1338 1830 1455 1918 ‹Moni-

275 2015 278 2024 .
299 1961 361 2002 που
383 1937 435 2002 ιιαλ
456 1941 509 2002 τοῦ
525 1933 654 2017 κόσμου,
684 1927 708 2023 ᾧ
732 1931 814 2000 ελπεν
836 1932 853 2000 ό
870 1934 987 2020 πατὴρ,
1016 1933 1194 2018 Ποιήσωμεν
1210 1933 1381 2022 ἄνθρωπον
1397 1933 1455 2002 τιν’

299 2037 400 2106 ελιιόνα
415 2035 560 2124 ἡμετέραν
576 2040 628 2103 ιιαλ
642 2034 712 2102 καθ’
727 2035 878 2120 ὁμοίωσιν.
921 2035 993 2104 Ἀιιό
1009 2039 1040 2104 ab
1054 2045 1108 2109 τοῦ
1124 2037 1191 2114 λνός
1209 2041 1297 2124 ἔργον
1314 2037 1455 2123 σταθηοι·

300 2169 346 2207 ται
365 2142 494 2228 φανερός
511 2138 664 2227 γενόμενος
685 2136 702 2205 ό
717 2145 862 2224 τεχνίτης
891 2141 936 2207 ότι
955 2133 1044 2216 οῦτός
1061 2143 1137 2209 ἔστιν
1155 2138 1174 2206 ό
1189 2139 1253 2208 τότε
1268 2139 1323 2208 τόν
1339 2141 1455 2228 ἔνθρυ-

298 2269 356 2312 πον
375 2243 561 2328 πεποιηκός,
584 2241 698 2319 πλάσας
718 2269 748 2308 τε
770 2247 858 2309 ἐν
822 2271 876 2329 γης
897 2241 930 2310 τό
948 2251 1003 2310 τοῦ
1019 2240 1111 2326 ’Λῦάμ
1133 2250 1236 2326 στῦμα,
1257 2247 1309 2308 ιιαλ
1329 2244 1455 2329 ποιήσας

297 2345 370 2414 αῦτο
362 2346 430 2423 είς
446 2346 549 2452 φυγὴν
564 2353 666 2424 ζῶσαν.
712 2344 768 2412 Διό
786 2373 837 2412 ιιαι
826 2345 1091 2472 ἐμαρτύρησεν
1073 2373 1090 2412 ο
1106 2372 1190 2432 αγιος
1202 2343 1344 2430 Ἰωάννης
1366 2350 1453 2414 ἐν
1415 2375 1454 2435 ιιμ

296 2447 370 2576 ῦγίρι
388 2430 549 2538 εὐαγγελίῳ
559 2447 684 2534 λίγοιν”
667 2475 728 2526 οτι,
750 2447 835 2514 ”Ευ
817 2455 890 2539 αργῇ
909 2442 947 2531 ἦν
965 2475 981 2516 ο
974 2446 1100 2535 ’λόγος,
1121 2446 1209 2516 ιιαλ
1191 2475 1207 2515 ο
1225 2442 1350 2536 λόγος
1329 2477 1369 2532 ην
1383 2448 1455 2532 ιιρός

296 2552 348 2620 τόν
368 2551 459 2631 θεόν,
489 2554 539 2617 ιιαλ
563 2550 637 2628 θεός
658 2546 696 2634 ἦν
717 2579 733 2618 ο
725 2549 852 2638 λόγος,
883 2543 971 2629 οόιος
991 2580 1030 2635 ην
1052 2550 1126 2620 ἐν’
1105 2559 1180 2640 αργῇ
1200 2550 1278 2638 πρός
1297 2551 1353 2620 τόν
1369 2551 1452 2620 θεόν·

295 2654 393 2721 πάντα
407 2651 444 2720 δι’
460 2652 551 2722 αῦτου
537 2656 688 2740 ἐγένετο,
711 2681 762 2719 και
751 2656 864 2738 χωρὶς
879 2651 971 2722 αότου
958 2657 1098 2741 ’ίγίνετο
1115 2651 1184 2720 οόῦὲ
1199 2657 1244 2734 ἓν,
1267 2659 1322 2722 ιιαὶ
1335 2684 1371 2722 ιιι
1362 2655 1453 2738 ἑξῆς.

292 2761 337 2824 Et
352 2758 384 2824 δὲ
400 2760 432 2824 ἐν
449 2755 529 2846 αὐτῷ
545 2759 673 2843 ἐγίνετο,
702 2758 754 2824 ιιαλ
771 2753 821 2822 ὁπ’
840 2754 933 2824 αῦτοῦ
951 2759 1079 2844 ἐγένετο,
1109 2755 1199 2833 αῦτός
1214 2755 1279 2824 τότε
1297 2757 1351 2828 τόν
1365 2756 1453 2839 Ἀλάμ

295 2863 410 2938 ἔπλασε,
428 2862 478 2925 ιιαλ
492 2857 583 2936 αῦιός
595 2858 682 2926 πάλιν
694 2859 727 2926 τό
743 2866 828 2942 σῶμα
843 2857 903 2926 άπό
921 2864 1041 2946 Μαρίας
1053 2866 1107 2942 τῆς
1119 2861 1277 2946 παρθένου
1292 2865 1336 2938 τίς
1351 2858 1450 2928 ἔαυτόν

295 2960 494 3041 όνεπλάσατο,
524 2964 576 3027 καλ
597 2967 710 3038 τελείως
729 2960 785 3044 τήν
805 2970 904 3030 πᾶσαν
928 2959 1021 3030 αὐτοῦ
1041 2962 1271 3049 λνανθρόπησιν
1294 2963 1451 3048 συνήνυσε,

294 3065 348 3149 τόν
363 3061 414 3130 ῦπ’
429 3060 521 3131 αότοῦ
537 3063 602 3132 τότε
615 3072 799 3132 πλασθεῐσαν
807 3115 816 3143 ,
846 3066 897 3130 ιιαλ
912 3071 967 3134 νῦν
983 3067 1015 3132 ἒν
1030 3067 1124 3153 ἐαυτῷ
1141 3075 1373 3134 συνενιιθεῖσαν.
1415 3067 1455 3130 El

295 3169 327 3234 δὲ
346 3165 498 3252 άλλοτρίαν
514 3169 652 3252 ἐργασίαν
666 3170 708 3244 είς
718 3165 833 3234 ,ἑαυτόν
850 3170 937 3250 ἔλαβε
952 3175 1006 3232 τοῦ
1020 3173 1121 3243 ιιαιιῦς
1137 3168 1190 3252 τὴν
1204 3168 1315 3236 πλάσιν
1330 3171 1451 3236 πλάσαν-

293 3297 343 3347 τος
359 3273 409 3336 ιιαλ
426 3277 521 3337 ιιαιιοῦ
537 3268 722 3356 ὑπάρχοντος
737 3268 812 3335 κατά
827 3269 881 3352 τήν
896 3291 952 3336 σου
969 3273 1176 3349 ῦιῦασιιαλίαν,
1206 3274 1257 3336 παλ
1277 3276 1305 3337 εί
1317 3271 1396 3350 όλιις
1410 3275 1452 3338 zi-

197 3367 202 3374 ’
293 3399 396 3458 γρηιαι
413 3381 475 3448 τοῖς
489 3381 595 3448 κακοῖς
611 3371 774 3456 ποιήμασιν
792 3369 839 3447 οίς
857 3369 875 3438 ό
892 3371 966 3440 ιιατά
986 3373 1019 3439 σὲ
1034 3371 1127 3450 ιιαιιός
1143 3373 1272 3457 ποιητὴς
1289 3375 1452 3462 είργάοαιο,

158 4527 224 4590 Κεφ.
243 4526 271 4580 τ’.

172 4620 224 4667 ρας.
235 4608 280 4654 186.

294 3475 352 3559 άρα
369 3479 492 3562 ἐπεμίγη
512 3483 550 3566 τῇ
567 3480 657 3564 ιιαιιίᾳ
677 3483 731 3542 τοῦ
748 3481 891 3558 ποιητοῦ,
922 3474 1021 3560 χρήσει
1039 3501 1070 3542 τε
1085 3477 1136 3543 ιιαλ
1153 3474 1319 3565 εῦεργεσίμ,
1352 3481 1403 3546 ιιαλ
1419 3485 1453 3567 τῇ

293 3581 356 3667 λίίμ
375 3576 469 3645 αῦιοῦ
490 3577 590 3646 είιιόυι.
633 3576 704 3644 Ἀλλ’
727 3575 783 3644 οότ
805 3577 956 3661 ἐνδέχεται.
1001 3581 1043 3644 Εἰ
1061 3576 1118 3664 γάρ
1140 3577 1391 3665 ίνηνθρόπησεν,
1418 3577 1453 3648 οῦ

293 3680 386 3764 μόνον
403 3681 498 3765 σάρκα
514 3685 649 3764 είληφεν,
673 3678 743 3747 άλλά
760 3682 809 3746 ιιαί
824 3679 935 3763 ψυχήν.
980 3686 1078 3764 Δῆλον
1097 3681 1153 3768 γάρ
1167 3684 1250 3754 ἔσται
1265 3690 1371 3752 τοῦτο·
1393 3686 1452 3752 ἐπεὶ

293 3783 391 3850 πόθεν
405 3785 507 3870 ίλιγεν,
528 3780 682 3862 Ἐξουσίαν
698 3786 751 3867 ίγα
767 3787 868 3867 λαβεῖν
883 3781 936 3866 τόν
950 3783 1051 3868 ψνγήν
1066 3811 1140 3867 μου,
1164 3787 1215 3851 ιιαλ
1227 3793 1329 3852 θεῖναι
1345 3785 1451 3870 αῦιηνς

298 3885 358 3970 Τήν
376 3893 475 3952 πᾶσαν
492 3891 594 3952 τοίνυν
611 3890 811 3974 πραγματείαν
830 3883 1056 3968 ἀναλεξάμενος,
1088 3886 1141 3970 την
1157 3891 1305 3972 βηθεῖσαν
1321 3886 1383 3958 ῦπό
1403 3896 1452 3958 τοῦ

293 3993 477 4074 δημιουργοῦ
494 3988 611 4070 είιιόνα,
641 3996 741 4056 πᾶσαν
757 3993 955 4074 πραγματείαν
972 3987 1143 4068 ἆνεόίξαιο,
1165 3993 1198 4056 ίν
1215 3998 1255 4079 τῷ
1271 3989 1388 4075 σάματι
1403 3994 1450 4058 ιιιιλ

293 4100 376 4182 ψυχῇ
393 4089 490 4168 ἐλθόν
504 4089 521 4157 ό
534 4091 631 4176 λόγος,
653 4095 705 4160 ναὶ
719 4094 751 4158 ίν
763 4089 881 4168 όποίοις
894 4090 1095 4162 άπασίνίσιιν
1108 4089 1126 4158 ό
1139 4091 1316 4178 ἅνθρωπος·
1338 4095 1452 4164 τοῦτον

293 4195 327 4260 θλ
349 4193 445 4271 οῦτας
465 4196 659 4262 τελεσθέντων
677 4193 838 4273 ίξάτιανιος
853 4191 1027 4280 η’μαῦριτιαί
1048 4217 1103 4265 σου
1124 4193 1158 4262 τό
1176 4198 1374 4284 δηλητήριον,
1404 4202 1452 4266 ιιιιλ

294 4297 379 4364 ίπεσί
393 4316 449 4362 σου
464 4294 484 4379 ἡ
497 4296 598 4372 στάσις
613 4294 634 4380 ἡ
650 4294 861 4380 άθεμελίιιτος,
885 4297 926 4381 μὴ
941 4300 1048 4381 ἔχοντα
1063 4303 1152 4381 πῆξιν
1166 4297 1369 4386 ίῦραιοόματος
1384 4300 1448 4384 άλη

294 4402 364 4467 θεία
382 4447 388 4462 .

366 4425 421 4564 RE&
431 4503 468 4586 Ιδὲ
482 4505 533 4570 ιιαλ
547 4502 566 4567 ἃ
583 4502 682 4584 βούλει
698 4500 857 4584 λαμβάνεις
870 4499 930 4572 άπό
946 4509 1000 4585 τῆς
1014 4507 1099 4581 θείας
1113 4511 1247 4590 γραφῆς,
1275 4507 1327 4574 ιιαλ
1341 4503 1363 4570 ἃ
1379 4505 1449 4590 βοῦ-
