3112 4984
372 276 507 330 ennoea
523 277 588 329 tta.
603 277 622 328 t.
639 275 720 330 rost.
734 279 766 328 u.
784 276 883 328 unm.
899 277 1004 328 xutx.
1197 267 1259 330 237

195 393 255 460 Sed
280 395 329 460 alii
348 395 524 488 Nazaraeos
550 397 665 483 seipsos
687 396 845 482 appellant.
897 393 1012 480 Quippe
1035 393 1259 462 Nazaraeorum
1279 400 1338 472 cap.
1352 407 1394 456 vt.

110 507 192 562 seete
213 495 363 564 Christum
387 499 564 577 antecessit,
589 519 643 563 nee
666 517 732 562 enm
756 495 907 582 eoguorit.
952 495 1064 588 ilerum
1085 497 1260 582 Christiani,

109 611 140 663 ut
162 601 246 664 initio
271 600 387 676 monui,
411 601 447 664 ab
466 601 601 664 omnibus
617 599 767 664 Nazaraei
790 599 946 682 nuncupati
964 611 1049 678 sunt,
1074 603 1259 685 quemadmoss

110 703 174 765 dum
188 703 228 765 illi
243 701 394 780 dixerunt,
411 702 458 785 qui
469 698 589 766 Paulum
606 702 769 786 apostolom
784 712 977 764 accusaruntr
997 706 1091 776 Hane,
1111 705 1257 788 inquiunt,
1272 722 1319 768 aa.
1332 725 1366 780 rr,
1379 728 1400 772 a.

110 807 243 866 domanam
261 808 415 866 invenimus
427 806 603 886 pesttfernm,
629 817 659 866 et
672 815 892 884 corrumpentem
906 808 1051 885 popellum,
1075 817 1105 866 et
1117 820 1260 870 oaotorem

109 909 439 968 sertaeNaaarenoram.
470 905 513 968 At
527 917 646 970 sauctus
662 905 812 991 apostolus
829 927 924 988 neque
939 927 1044 970 nonren
1060 907 1136 971 istud
1152 907 1259 987 eiurat,

109 1009 223 1072 tametsi
243 1009 279 1070 ob
302 1009 415 1071 illorum
438 1007 553 1071 haeresi
575 1007 765 1085 abhorreret,
790 1018 819 1070 et
842 1008 918 1092 quod
942 1007 997 1070 sibi
1022 1010 1259 1073 adversariorum

110 1108 292 1194 improbitate
317 1121 436 1194 propter
457 1107 606 1174 Christum
633 1109 798 1194 impositum
824 1119 888 1172 erat
911 1110 1102 1189 venabulum,
1133 1109 1260 1176 libenter

110 1212 235 1274 admisit.
282 1208 326 1274 lta
349 1211 425 1275 enim
449 1221 517 1274 ente
538 1211 663 1275 tribunal
687 1211 778 1289 dixit,
800 1215 900 1292 Neque
917 1216 947 1273 io
970 1215 1070 1292 templo
1093 1217 1328 1278 moeneraattutt.
1344 1235 1374 1280 rr.

110 1335 150 1373 me
167 1335 230 1376 enm
250 1317 346 1394 olr'pam
369 1317 572 1394 disputantem,
602 1325 655 1375 ant
672 1335 839 1375 eononrsnm
858 1315 1008 1395 faoa'entern
1032 1315 1147 1388 turbor,
1171 1337 1261 1396 neque

112 1420 257 1496 paa'epnom
274 1438 370 1478 eorrrm
386 1417 486 1496 qnabus
501 1438 544 1477 me
558 1427 696 1477 aroasaat
707 1419 817 1476 admisi.
866 1418 1008 1496 Confiteor
1020 1428 1112 1476 antem
1127 1420 1179 1478 doe
1195 1420 1256 1492 ott,

111 1522 184 1596 quod
203 1522 356 1580 recaredum
378 1531 498 1592 sertam,
523 1540 605 1598 qaam
628 1521 728 1579 deant
743 1522 888 1591 haeresin,
912 1521 955 1578 sir
977 1521 1119 1594 deservio,
1144 1523 1261 1582 eredens

111 1622 234 1680 omnibns
253 1642 324 1701 qnae
342 1625 371 1681 in
389 1622 451 1699 lege
470 1631 500 1680 et
515 1624 662 1700 prophetis
677 1624 783 1700 serapte
805 1632 881 1680 sunt.
927 1615 1035 1702 Neque
1060 1641 1132 1683 vero
1155 1621 1259 1684 mirum

111 1729 152 1781 est
174 1720 340 1805 apostolum
362 1724 550 1806 semetipsum
567 1719 757 1785 Nazarenum
780 1721 930 1799 confiteri,
955 1743 1019 1784 oum
1037 1721 1169 1786 uniuersi
1192 1731 1261 1786 luno

112 1841 144 1884 eo
161 1823 280 1886 nomine
298 1819 484 1886 Christianos
503 1835 655 1900 vorarent,
680 1824 715 1886 ab
732 1803 837 1908 oppido
853 1820 998 1898 Nazaret,
1025 1845 1079 1886 nee
1096 1823 1172 1888 ullus
1188 1823 1261 1888 alte·

112 1923 168 1986 rios
189 1934 272 1988 esset
294 1925 377 1988 roais
401 1945 470 1988 usus
493 1925 551 1989 illis
574 1925 768 2010 temporibus,
793 1945 848 2009 qua
869 1944 921 1987 eos
944 1925 992 2007 qui
1011 1921 1130 1988 Christo
1152 1937 1260 1990 nomen

112 2025 251 2090 dederont
274 2038 394 2111 possent
415 2027 593 2112 exprimere.
640 2023 686 2090 De
709 2048 767 2110 qao
786 2045 857 2089 sene
880 2025 1019 2110 seriptum
1042 2036 1104 2102 est,
1128 2033 1411 2107 praenominatam.

112 2131 280 2191 lt'azorenar
295 2131 448 2190 vorabitur.
485 2127 564 2193 Nam
582 2139 612 2192 et
628 2128 713 2193 badia
728 2128 866 2191 haereses
882 2147 996 2201 omnes,
1019 2125 1188 2192 Manichaei
1202 2129 1261 2192 sei·

113 2229 192 2309 lieet,
217 2227 450 2308 blereionistae,
475 2229 628 2309 (lunatim,
661 2229 827 2313 caeterique
846 2229 894 2313 qni
913 2226 1074 2293 Christiani
1096 2249 1155 2292 non
1176 2240 1257 2308 sunt,

112 2327 345 2395 Christianorum
360 2342 457 2395 tamen
471 2331 506 2396 nb
519 2332 653 2396 omnibus
667 2331 784 2394 nomine
798 2329 1004 2416 comprehendi
1016 2331 1124 2408 solent,
1145 2342 1174 2394 et
1187 2352 1260 2395 una·

112 2455 239 2518 quaeque
258 2447 357 2512 secta,
381 2434 450 2497 licet
468 2435 526 2496 alio
543 2435 660 2498 nomine
677 2443 851 2511 censeatur,
874 2432 902 2495 id
920 2432 975 2495 sibi
993 2431 1118 2495 nominis
1135 2431 1261 2497 libenter

113 2537 238 2614 aseiseit,
264 2537 340 2619 quod
357 2536 412 2599 hoo
428 2555 494 2599 esse
511 2536 566 2599 sibi
584 2534 684 2599 deeori
699 2545 785 2618 atque
802 2545 975 2597 ornamento
994 2533 1112 2598 iudieot.
1144 2531 1260 2622 Quippe

114 2638 173 2700 solo
187 2635 303 2702 Christi
318 2637 462 2701 venabulo
478 2659 535 2702 non
553 2638 607 2701 lide
625 2648 711 2720 atque
729 2637 866 2721 operibus
883 2635 1002 2720 gloriari
1018 2633 1165 2704 vitantur.
1198 2633 1261 2700 Eo·

113 2737 171 2802 dem
189 2740 278 2802 modo
295 2739 389 2802 saneti
408 2736 518 2803 Christi
538 2739 671 2825 discipuli
688 2759 755 2802 sese
772 2739 875 2802 tamid
893 2738 968 2821 quod
986 2748 1070 2802 erant
1086 2734 1154 2802 lesu
1172 2738 1260 2802 disei-

113 2840 190 2923 pulos
210 2841 373 2904 vorabant:
399 2861 493 2925 neque
514 2853 694 2905 tamencum
713 2840 749 2904 ab
767 2839 831 2903 aliis
851 2837 1005 2903 Nazareoi
1023 2839 1191 2906 dicerentur
1207 2861 1260 2904 no-

114 2963 174 3004 uen
198 2943 279 3006 istud
303 2944 497 3023 recusabant,
530 2965 594 3007 enm
619 2943 656 3006 ad
679 2963 781 3006 eorum
806 2963 824 3006 a
848 2941 953 3026 quibus
974 2940 1017 3004 sio
1040 2941 1260 3027 appellabantur

114 3044 192 3108 baem
214 3062 393 3130 seopumque
417 3044 615 3130 respicerent,
639 3043 689 3129 qui
713 3044 768 3108 hoo
790 3063 859 3106 sese
881 3042 998 3106 nomine
1021 3040 1130 3108 Christi
1153 3064 1260 3108 oauasa

113 3145 274 3225 donabant3
298 3147 527 3231 quandoquidem
546 3157 576 3210 et
593 3143 677 3210 lesus
693 3145 756 3231 ipse
770 3143 947 3208 Nazarenus
966 3145 1127 3230 appellatus
1143 3153 1204 3222 est,
1228 3153 1261 3206 ut

114 3247 139 3310 in
154 3249 320 3334 evangeliis
342 3260 372 3312 et
396 3249 593 3333 apostolorum
610 3248 734 3312 Actibus
750 3248 868 3329 legitur,
892 3268 946 3331 pro
959 3267 996 3309 eo
1013 3245 1135 3329 quadiu
1154 3246 1259 3329 oppido

113 3345 273 3430 Nazareti,
297 3350 346 3433 qui
367 3349 451 3413 ltodie
473 3372 564 3434 pagus
585 3361 647 3427 est,
670 3350 700 3412 ia
720 3350 841 3412 aedibus
858 3345 975 3432 losephi
999 3347 1088 3410 luerit
1104 3347 1256 3424 educatus,

114 3465 296 3536 posteaquam
311 3449 473 3516 bethleemi
490 3453 526 3516 de
543 3451 656 3536 virgine
671 3449 770 3514 Maria
785 3449 943 3513 seeundum
961 3469 1079 3511 earnem
1097 3457 1182 3510 natus
1199 3458 1256 3526 est,

113 3575 180 3634 quae
198 3555 316 3638 quidem
336 3551 460 3639 losepho
477 3556 623 3638 desponsa
643 3555 754 3628 luerat,
778 3551 826 3634 qui
841 3548 986 3614 Nazareti
1007 3559 1075 3612 tuno
1098 3548 1257 3628 habitabat,

115 3675 172 3718 eam
196 3657 303 3719 relioto
324 3654 496 3720 Bethleemo
518 3657 547 3719 in
568 3655 701 3720 Galilaea
723 3651 897 3718 domicilium
920 3651 1105 3715 collocasset.

192 3756 282 3841 Quod
300 3779 372 3821 vero
391 3760 427 3821 ad
444 3757 609 3822 haereticos
628 3756 695 3820 illos
719 3755 839 3832 attinet,
865 3751 1020 3836 dequibus
1039 3753 1124 3816 modo
1146 3773 1258 3818 sermo·
1278 3767 1337 3836 cap.
1349 3769 1403 3822 vlt.

115 3877 174 3922 uem
198 3859 395 3940 instituimus,
419 3861 530 3924 omisso
548 3856 616 3923 lesu
637 3859 772 3934 nomine,
797 3876 891 3940 neque
912 3852 1045 3918 lessaeos
1069 3855 1184 3938 seipsos
1206 3877 1259 3918 vo·

113 3973 191 4041 eant,
214 3981 311 4046 neque
330 3960 502 4026 ludaeorum
528 3961 699 4026 vocabulum
719 3959 864 4035 retinent,
890 3976 984 4040 neque
1005 3977 1037 4019 se
1059 3953 1257 4036 Christianos,

112 4065 159 4126 sed
176 4063 356 4128 Nazarerros
372 4066 407 4128 de
422 4063 471 4128 illa
487 4065 542 4126 looi
559 4063 751 4148 appellatione
769 4069 947 4144 nuncupant,
971 4079 1035 4122 eum
1052 4059 1167 4124 iuterim
1185 4058 1257 4122 meri

58 4157 64 4170 '
113 4163 163 4248 ipsi
181 4163 303 4245 ludaei,
332 4187 426 4250 neque
450 4167 527 4231 aliud
551 4175 704 4250 praeterea
727 4162 797 4225 sint.
841 4157 938 4225 Porro
966 4181 1023 4225 nou
1048 4161 1141 4226 solum
1167 4179 1256 4236 novo,

141 4367 164 4422 i.
181 4364 260 4436 aripert
277 4373 329 4422 rod.
346 4375 421 4422 Venet.
735 4365 759 4418 7.
777 4365 834 4430 ant,
858 4369 921 4430 qaod
941 4369 1004 4418 ouen
1026 4379 1041 4414 o
1062 4366 1127 4413 trbrr'r
1149 4363 1258 4424 minutia,

140 4437 164 4488 5·
179 4437 339 4505 πεποιηκότα
355 4441 406 4490 ood.
424 4442 500 4491 Venet.
700 4439 787 4486 inserui
803 4438 832 4487 do
849 4439 985 4486 ondonitote
1001 4433 1052 4484 eod.
1068 4433 1140 4482 lotio.

141 4501 165 4554 fi·
181 4503 302 4574 ὁμολόγει
318 4509 369 4558 eoo
387 4509 461 4558 Vener.
