3096 4988
410 381 545 433 ransart
562 379 625 434 nra.
639 383 658 433 ι.
675 383 756 436 rom.
770 383 802 435 ιι.
825 383 924 438 mnan.
941 385 1039 438 xxxi.
1231 373 1292 438 313

146 503 310 584 Senectus,
335 503 411 582 Ate,
433 499 631 582 Desiderinm,
655 499 787 582 Oblivio,
812 501 952 584 Somnus,
975 502 1088 590 Pugna,
1112 503 1291 592 Lysimeles,

145 605 344 685 Contumelia,
369 605 567 691 Euphronius,
594 603 751 691 Splendor,
776 602 921 672 Cunarum
938 607 1083 688 solatium,
1105 606 1211 688 Fraus,
1231 607 1292 672 lle-

146 711 289 796 dpmeles,
308 706 374 773 Lis.
420 709 657 794 Aequicumque
675 709 711 772 ad
729 709 793 772 illas
812 709 922 774 fabulas
941 711 1065 776 ocimum
1084 711 1233 790 adiecerit,
1258 733 1292 775 nc

145 833 327 898 cognoscere
347 813 423 876 istud
442 811 584 890 volnerit3
608 811 848 896 quemadmodum
867 814 903 878 ah
922 815 1034 878 exteris
1051 835 1085 878 ae
1101 811 1292 878 Graecanicis

145 915 337 992 contuentis,
360 915 437 978 unde
456 913 498 977 illi
516 913 625 978 frustra
642 913 768 980 lanatico
783 916 865 980 velut
886 917 986 980 lurore
1010 917 1043 981 ad
1064 917 1180 1000 indigna
1203 935 1293 999 quae·

145 1021 212 1082 dam
227 1017 339 1082 incitati
354 1028 440 1095 eunt,
464 1015 495 1080 in
511 1017 611 1080 irritos
628 1026 749 1081 conatus
764 1019 1010 1104 vanissimamque
1025 1019 1111 1083 animi
1129 1018 1293 1080 contentio·

146 1143 212 1186 nem
235 1120 407 1198 inciderint,
431 1121 519 1203 longe
541 1139 593 1183 eos
610 1117 735 1185 Graecis
756 1121 827 1205 ipsis
849 1120 962 1206 turpius
981 1122 1135 1188 aberrasse
1151 1121 1291 1206 reperiet.

229 1223 277 1288 Ah
293 1223 329 1286 iis
349 1223 513 1308 primordiis
529 1222 615 1286 altius
634 1223 797 1307 indagando
812 1222 918 1287 suhlati
943 1224 1019 1288 aliud
1036 1224 1175 1310 quoddam
1198 1243 1292 1307 genus
1311 1231 1370 1300 cap.
1384 1233 1425 1282 tv.

144 1326 221 1411 quod
237 1325 431 1412 llysterema,
456 1326 510 1389 hoc
528 1337 573 1388 est
591 1323 747 1388 Deiectum
764 1325 811 1388 vel
830 1323 1003 1406 Penuriam,
1025 1338 1151 1406 vocant,
1176 1325 1292 1389 furiosis
1324 1341 1329 1354 ·

146 1430 210 1493 suis
228 1427 355 1513 ingeniis
372 1427 522 1492 invenisse
540 1449 574 1492 sc
592 1438 778 1513 putaverunt.
825 1426 911 1492 hlunc
930 1428 1082 1494 Oeleetnm
1102 1428 1174 1494 alias
1190 1425 1294 1493 Omni-

146 1541 295 1616 potentem
309 1542 396 1616 atque
413 1527 555 1617 Opilieem
572 1540 689 1609 vocant,
710 1541 936 1617 naturarumque
954 1529 1142 1597 Conditorem
1158 1551 1175 1594 a
1192 1552 1249 1615 quo
1265 1541 1295 1592 et

146 1633 341 1720 posteriorem
358 1630 528 1719 Ogdoadem
553 1644 618 1719 post
637 1643 776 1719 septenos
802 1634 888 1699 orhes
907 1636 982 1699 coeli
1003 1636 1036 1699 ad
1055 1635 1159 1718 prioris
1176 1631 1295 1717 Ogdoa·
1425 1673 1433 1702 l

146 1737 191 1800 dia
210 1737 363 1822 exemplar
379 1737 500 1800 edictam
516 1746 669 1817 asserunt,
699 1757 764 1800 cum
779 1737 809 1800 iu
826 1734 967 1822 Ogdoada
987 1749 1142 1802 censeatur
1154 1736 1236 1822 ipse,
1260 1757 1295 1800 ae

146 1852 260 1926 septem
283 1849 348 1925 post
372 1860 405 1903 se
427 1839 501 1903 alios
520 1839 608 1904 orhes
628 1840 811 1926 produxerit.
856 1839 959 1904 Eidem
979 1839 1177 1926 llysteremati
1198 1839 1295 1904 since-

145 1964 211 2007 rum
233 1943 334 2006 nescio
354 1963 440 2026 quem
457 1941 610 2022 Aeonem,
634 1965 669 2007 nc
686 1941 841 2006 deterioris
861 1963 953 2006 sexus
976 1953 1126 2027 expertem
1153 1951 1295 2005 conantur

146 2045 308 2129 adiungere
324 2045 371 2129 qui
387 2065 423 2110 eo
442 2045 476 2108 ad
499 2045 740 2130 complementum
759 2047 892 2122 venerit,
918 2056 948 2109 ut
963 2045 1098 2108 Animam
1117 2045 1292 2128 requireret,

145 2167 222 2234 qnae
246 2167 262 2210 a
290 2145 427 2212 Materna
452 2143 602 2233 Sapientia
631 2169 671 2212 ex
694 2147 752 2211 alto
780 2149 981 2212 descenderat.
1026 2143 1086 2210 lem
1108 2167 1181 2210 vero
1208 2146 1294 2210 etiam

144 2250 312 2316 Achamoth
327 2250 394 2314 dete
413 2249 530 2313 nomine
548 2251 703 2313 commenti
716 2261 795 2328 sunt,
815 2271 898 2334 quern
914 2261 944 2313 et
958 2247 1156 2328 Salvatorem,
1173 2261 1201 2314 et
1218 2247 1296 2312 Ter·

143 2355 274 2432 minum,
299 2363 329 2416 et
348 2348 486 2430 Crucem,
510 2362 540 2414 et
557 2349 732 2430 Finitorem,
757 2364 786 2417 et
800 2351 1060 2432 Transductorem,
1084 2363 1115 2416 et
1132 2349 1228 2416 lesum
1245 2371 1295 2436 ap·

146 2457 274 2543 pellant,
299 2455 346 2539 qni
363 2475 415 2542 per
431 2451 558 2518 Mariam
578 2455 658 2518 volut
679 2455 777 2518 tubum
798 2455 978 2538 fistulamque
998 2455 1164 2540 perutmrit.
1210 2452 1295 2518 liene

144 2579 216 2624 esse
235 2559 331 2623 lumen
356 2578 373 2620 a
399 2559 551 2642 superiore
570 2553 690 2621 Christo
714 2557 865 2636 dillnsum,
897 2556 933 2621 oh
958 2557 1043 2644 idque
1062 2560 1155 2644 patrio
1178 2555 1295 2622 nomine

144 2661 266 2728 Lumen
284 2659 321 2723 nb
337 2661 406 2724 illud
426 2661 555 2724 coeleste
573 2659 733 2741 nominari,
764 2681 798 2722 ac
816 2661 850 2722 de
871 2661 1023 2745 superiore
1039 2657 1159 2725 Christo
1180 2659 1296 2725 Verbo-

144 2787 204 2850 que
221 2761 372 2829 Christum
392 2763 490 2827 itidem
515 2773 544 2826 et
561 2761 709 2842 Verbum,
734 2763 784 2826 sed
804 2760 979 2827 athlantem
1000 2774 1151 2849 praeterea
1172 2785 1207 2827 ac
1231 2760 1297 2827 Sal·

144 2880 281 2932 ratnrem
300 2866 411 2930 vocari.
456 2863 590 2930 Eundem
613 2887 701 2951 porro
717 2863 874 2930 Parentem
892 2888 993 2947 suum,
1018 2867 1072 2932 hoe
1091 2877 1136 2930 est
1154 2863 1296 2931 Condito·

144 2991 210 3036 rem
231 2968 457 3049 transcendere,
481 2989 517 3032 ac
533 2969 580 3052 qui
599 2968 653 3033 sihi
673 2969 757 3034 tidem
777 2969 901 3033 habeant
919 2970 954 3032 ad
974 2990 1108 3055 suprema
1131 2969 1178 3034 illa
1193 2963 1297 3031 Plero-

143 3073 235 3136 matis
258 3071 381 3156 eollegia
403 3091 503 3135 secum
529 3072 666 3136 evehere.
713 3069 855 3156 Onugas
881 3073 1030 3156 nullosque
1057 3071 1184 3135 lahulas!
1231 3069 1296 3151 ligo
1388 3145 1393 3160 ι

142 3195 222 3239 vero
245 3173 430 3237 nihilominus
456 3195 509 3252 ea,
543 3173 585 3236 uti
603 3196 666 3237 sum
685 3175 849 3260 pollicitus,
875 3195 1036 3259 exponam,
1069 3184 1156 3258 utque
1182 3173 1236 3256 ipsi
1261 3171 1296 3234 od

142 3290 299 3364 puetarum
315 3295 349 3339 ac
368 3276 517 3360 gentilium
533 3288 697 3342 commenta
714 3279 815 3342 deliria
834 3297 886 3342 sue
902 3279 1020 3362 propius
1037 3273 1294 3339 accommodarint.

143 3379 274 3444 Praeter
288 3379 377 3456 haec,
401 3381 559 3442 secundum
578 3379 783 3443 Tricenarium
803 3380 894 3458 illurn,
919 3379 1042 3442 medium
1059 3377 1174 3440 unicum
1191 3395 1296 3440 nomen

141 3503 177 3546 ac
202 3483 269 3546 sine
292 3481 418 3544 leminea
439 3482 589 3545 consortio
606 3482 768 3548 solitarium
789 3481 1014 3566 excogitarunt,
1046 3477 1209 3544 tumeliam
1233 3499 1297 3542 rur·

143 3607 212 3650 sum
232 3605 248 3647 a
265 3579 428 3647 Conditore
445 3585 613 3669 productam
627 3607 662 3649 ao
677 3584 798 3672 perinde
816 3585 844 3647 in
862 3583 942 3669 paria
958 3583 1098 3667 digestam
1112 3578 1295 3667 Ogdoadem.

143 3686 244 3754 Cuius
260 3687 332 3750 haee
351 3685 592 3749 suntvoenhuln:
617 3685 816 3772 Exepaphus,
841 3683 1023 3771 Porphyrio,
1048 3683 1173 3766 Clotho,
1197 3684 1297 3750 Rhea-

142 3777 219 3869 cos,
245 3787 407 3867 Lachesis,
436 3785 605 3874 Epiphaon‚
635 3789 782 3874 Atropos,
812 3787 981 3875 Opperiar,
1005 3787 1165 3872 Asterope.
1210 3787 1297 3850 Eius·

141 3893 226 3958 modi
247 3903 397 3978 poetarum
416 3891 538 3956 istorum
556 3901 602 3956 est
617 3911 723 3970 scena,
749 3913 823 3976 quae
840 3903 869 3954 ct
892 3891 963 3956 alias
980 3890 1205 3976 quamplurimas
1228 3891 1297 3953 deo·

141 4017 224 4074 rum,
251 4007 282 4058 nt
297 4004 414 4073 roeont,
438 3994 648 4080 appellationes
664 3993 807 4072 eontinet,
833 3992 953 4056 marium
970 4015 1004 4056 ae
1019 3994 1203 4070 sentinarum,
1222 4013 1296 4076 quoe

140 4099 235 4162 aliter
257 4097 292 4162 oh
317 4097 381 4162 aliis
407 4109 566 4184 eorrecptae
591 4097 626 4160 nd
643 4093 818 4162 CCCLXV
839 4095 1024 4180 perveniunt.
1071 4093 1237 4180 Quinetiam
1261 4095 1295 4158 ad

139 4294 189 4338 tete
204 4289 353 4338 coemendo.
380 4288 453 4349 t'utpc
467 4288 528 4336 ector
541 4289 604 4336 extet
617 4278 707 4338 cimon·
777 4283 815 4334 ΙΊ.
835 4283 910 4351 μέσον
931 4282 976 4336 καὶ
999 4282 1136 4350 c’halluoroo
1159 4297 1207 4334 non
1229 4287 1297 4334 tecm

139 4359 250 4414 troiam:
265 4354 318 4406 scut
739 4355 790 4405 cod.
808 4357 862 4404 Van.

174 4423 202 4476 9.
232 4421 317 4488 κυρίου
334 4425 449 4474 ood.t'err.
774 4422 813 4473 13.
839 4425 888 4473 lloe
910 4425 1009 4471 atterum
1033 4417 1104 4471 πάλιν
1124 4435 1171 4470 nou
1193 4425 1298 4484 npooecit

175 4491 219 4542 to.
240 4482 263 4543 ul
279 4505 327 4541 noc
342 4493 410 4542 mort
425 4493 476 4542 ced.
492 4493 546 4541 Vm.
738 4493 789 4542 cod.
805 4494 879 4541 tenet.

139 4557 221 4682 att3
237 4561 274 4678 pp
292 4561 343 4610 cod.
361 4562 437 4610 tecet.
472 4561 546 4624 t’ntpc
561 4561 623 4612 entus
640 4563 705 4610 ertut
774 4557 812 4612 14.
834 4556 926 4618 πολλάς
942 4571 987 4609 om·
1006 4558 1056 4608 cod.
1076 4557 1129 4606 Vera.

188 4641 205 4677 τ
266 4661 273 4674 .
