3080 5002
228 389 230 400 -
311 451 312 456 Ἰ
369 369 505 422 neuneu
522 367 584 421 ιιι.
599 369 618 422 ι.
636 369 718 422 rou.
731 369 777 420 ιιι.
794 369 894 421 utun.
909 371 991 422 xnu.
1194 359 1256 422 ιιι

103 495 214 554 mertui
225 509 281 553 nou
297 501 467 571 msurguut,
491 511 581 572 neque
595 493 726 552 Clot'stua
740 495 909 552 resurrexit.
955 495 996 552 tte
1009 497 1038 552 si
1053 495 1183 554 strutus
1200 511 1255 552 nco

103 575 281 667 resurrecti:
313 597 406 654 ιἰιιιιί
431 605 474 654 ιιι
492 597 668 673 praedicatio
690 603 797 654 nostro.
852 591 929 656 'l'um
955 592 1115 678 posthaec
1140 593 1254 655 omnia:

104 703 224 777 Oportet
243 699 316 757 ιιιίιι
335 697 453 756 mortulo
474 698 526 757 lec
545 701 661 757 abducre
677 699 929 769 tintinnabulum,
960 707 988 756 et
1003 697 1186 775 corruptibile
1206 699 1258 756 loc

103 803 222 860 Moero
236 802 482 878 monmupn'ouem.
528 795 595 861 Nec
609 797 650 860 itu
666 798 754 861 dixit:
777 795 905 862 Mortale
922 797 976 860 hoc
989 817 1095 882 capere
1110 798 1258 861 immorta-

102 901 231 979 litatem,
264 911 313 964 aut
329 899 518 985 corruptibile
534 901 710 984 inconpere
726 900 990 984 incorruptionem,
1020 899 1071 963 scd
1089 901 1212 962 mortale
1229 911 1258 962 ct

103 1002 293 1088 corruptibile
318 1003 439 1065 intlncre
463 1003 711 1087 incorruptionem
736 1012 767 1065 et
793 1001 1051 1067 inmortalitatem.
1102 998 1187 1085 Quod
1213 1013 1258 1065 est

103 1115 203 1168 autem
228 1105 350 1167 mortnlc
376 1103 446 1168 illud
470 1105 526 1168 ttici
551 1124 675 1190 corpus,
708 1105 783 1188 quod
808 1104 1052 1168 immortalitatem
1078 1125 1136 1166 uun
1159 1103 1258 1166 induet

103 1207 210 1282 modo,
234 1208 284 1268 sed
302 1207 331 1270 in
350 1226 386 1269 ea
401 1206 487 1270 etiam
505 1205 631 1286 habitet,
655 1208 730 1291 quod
747 1206 1005 1285 immortalitatem,
1029 1207 1157 1290 inquunt,
1180 1206 1256 1268 illam

103 1309 148 1372 sic
170 1309 288 1388 induet,
321 1321 353 1373 ut
376 1331 432 1372 non
453 1309 563 1372 reiecto
581 1329 704 1394 corpore
727 1310 822 1372 anima
845 1309 907 1372 sola
926 1328 1001 1392 quae
1020 1309 1122 1372 mortis
1140 1319 1184 1370 eet
1204 1329 1257 1370 ex-

104 1429 192 1496 pers,
222 1409 469 1476 immortalitatem
489 1411 604 1490 induat,
635 1411 686 1474 sed
710 1422 741 1475 ut
759 1411 880 1496 idipsum
902 1411 977 1495 quod
997 1411 1119 1474 mortale
1141 1419 1186 1472 est
1205 1410 1257 1472 im-

103 1511 330 1592 mortalitatem,
355 1524 385 1576 et
401 1512 588 1598 corruptibile
607 1513 853 1600 incorruptionem
868 1512 986 1590 indust,
1020 1513 1136 1576 honest
1153 1533 1258 1597 corpus

103 1616 217 1701 ipsum,
241 1614 323 1678 cuius
339 1615 453 1700 propria
469 1637 548 1679 mors
564 1626 611 1679 est
626 1637 660 1678 au
677 1616 851 1700 temporaria
863 1615 911 1679 illa
928 1615 1075 1700 corruptio
1092 1614 1258 1680 dissolutio·

105 1737 162 1801 qne
184 1717 221 1780 ob
242 1717 347 1780 Adami
363 1719 574 1782 contumaciam
597 1739 631 1782 ιι
648 1718 744 1782 scelus
760 1719 889 1782 inllictal
933 1713 991 1780 lem
1011 1738 1083 1782 sucro
1103 1716 1258 1780 defuturis

104 1821 175 1883 olim
192 1819 359 1898 bensium,
390 1841 463 1904 quae
478 1822 508 1883 in
525 1841 631 1906 corpus
647 1820 804 1884 derivanda
820 1831 905 1899 sunt,
937 1820 1099 1905 apostolum
1117 1819 1194 1903 loqni
1218 1839 1258 1882 ιιι

104 1943 142 1986 ιο
159 1932 238 2008 petet
258 1923 335 2006 qnod
350 1922 566 2006 pollicitationis
584 1923 704 1986 termule
726 1923 754 1985 id
778 1923 852 2006 qnod
875 1922 969 1986 eidem
985 1922 1156 2006 contingere
1172 1922 1259 1984 debet

105 2023 300 2111 expresserit.
350 2029 443 2100 lunc,
476 2026 584 2109 inquit,
607 2029 668 2106 fiet
682 2047 788 2100 emmo,
821 2030 874 2106 qui
883 2029 1008 2106 scrtptus
1023 2037 1082 2088 est:
1113 2026 1258 2104 Absorpto

104 2140 150 2190 cst
168 2149 243 2190 mors
261 2132 290 2189 a'n
309 2132 438 2190 victorio.
486 2125 600 2209 Quibus
617 2127 716 2192 verbis
736 2127 861 2190 intorem
879 2138 947 2191 tunc
963 2139 1143 2190 mortuorum
1161 2146 1259 2190 resur·

103 2231 267 2295 rectionem
289 2229 445 2314 siginificat.
493 2228 734 2314 Quandoquidem
758 2251 797 2293 ex
817 2229 911 2314 eliqua
930 2240 1012 2315 parte
1035 2229 1064 2292 in
1082 2225 1193 2292 Christi
1213 2249 1259 2292 rc·

104 2333 309 2412 surrectione,
334 2353 492 2416 eurumque
512 2333 642 2416 quicum
663 2329 781 2396 Christo
799 2333 919 2398 suntad
939 2333 1026 2395 vitam
1046 2331 1183 2410 excitati,
1208 2333 1259 2394 ab·

104 2445 205 2520 sorpta
223 2455 303 2498 mors
322 2446 378 2498 nst.
423 2439 517 2498 Multa
534 2441 609 2522 emin
624 2447 785 2498 cunctorum
802 2457 921 2516 corporo
937 2447 1142 2507 camenarum,
1177 2443 1209 2496 ut
1226 2436 1255 2496 in
1270 2446 1354 2544 pepp.

104 2537 262 2619 evangelio
280 2537 422 2621 proditum
443 2549 505 2615 est,
528 2550 557 2600 et
570 2560 633 2600 orum
647 2561 679 2600 eo
693 2543 822 2618 ingresso
836 2550 905 2600 suut
918 2543 947 2599 in
961 2549 1085 2600 seucum
1104 2541 1254 2598 ιιιιιιιιιι.
1297 2531 1303 2556 ’
1343 2529 1348 2541 ’

105 2637 169 2704 Sed
190 2651 247 2702 tum
273 2640 447 2704 absorbetur
468 2641 497 2704 in
522 2641 664 2718 victorie,
698 2661 762 2704 cnm
784 2641 819 2702 ab
842 2640 975 2704 omnibns
999 2639 1117 2704 omnino
1140 2637 1280 2723 depulsa.

106 2741 281 2828 corporibus
302 2742 464 2808 evanescit.

394 2931 443 2981 EX
466 2931 625 2984 EPISTOLA
643 2933 673 2981 ll.
699 2931 743 2982 ΑΒ
770 2929 979 2982 contuentes.

192 3047 277 3114 lianc
294 3045 408 3114 Marcio
427 3050 541 3114 tertiam
559 3049 662 3114 ordine
677 3049 847 3130 collocavit,
871 3051 958 3136 idque
974 3057 1149 3116 commutata
1168 3048 1258 3112 serie.

106 3149 194 3235 Quae
217 3153 294 3216 enim
317 3154 354 3217 etl
376 3151 498 3218 Galatas
521 3153 630 3238 scripta
654 3165 716 3232 est,
741 3174 803 3217 enm
827 3153 919 3238 primo
943 3154 1007 3218 loco
1029 3153 1137 3239 posuit.

194 3251 295 3318 Sobel.
315 3253 328 3316 l
347 3265 377 3317 et
394 3252 500 3318 XXV.
536 3259 678 3337 Quotquot
693 3262 763 3318 ιιὶιιι
776 3261 975 3336 promissiones
996 3261 1044 3318 dci
1056 3267 1126 3318 stant
1143 3261 1172 3317 in
1194 3259 1254 3328 illo,
1271 3271 1409 3328 aeonum.

104 3361 178 3420 list:
202 3361 263 3418 clleo
284 3369 314 3418 et
330 3379 383 3438 per
403 3363 493 3438 psum
513 3363 605 3420 Amen
627 3363 681 3419 dci.
1075 3383 1079 3408 ι

191 3457 293 3522 liciat.
312 3459 325 3522 l
344 3471 375 3522 et
391 3457 497 3524 XXV.
531 3459 624 3544 Aperi
640 3459 741 3523 oculos
757 3470 788 3522 et
800 3459 933 3540 salvare,
955 3457 1087 3524 Marcio!
1134 3457 1219 3541 Quod
1234 3461 1258 3523 si

109 3564 209 3626 iuuere
229 3561 305 3625 istud
325 3561 410 3624 modo
428 3583 485 3626 non
503 3572 603 3646 potes,
634 3583 669 3624 eo
686 3563 760 3646 qnod
780 3562 906 3641 obieris,
939 3561 978 3626 illi
994 3562 1095 3626 saltem
1114 3564 1258 3648 aperiant,

106 3685 183 3748 qnos
199 3675 230 3728 tu
245 3665 274 3728 in
291 3684 422 3728 errorem
440 3664 595 3750 impulisti,
620 3674 723 3748 teque,
748 3675 780 3727 nt
796 3675 970 3729 vettenelum
985 3674 1149 3749 serpentem
1166 3677 1196 3729 et
1210 3687 1260 3750 up·

106 3767 368 3853 propinquantibus
392 3767 512 3830 noxium
537 3767 678 3830 devitent.
723 3765 800 3832 Nam
825 3768 867 3845 si,
903 3771 1044 3849 Quotquot
1061 3774 1259 3849 promissiones

104 3875 251 3944 dee'samt,
276 3875 305 3932 in
320 3873 388 3945 ello,
412 3873 523 3945 Eoum,
548 3869 757 3955 promissiones
772 3889 860 3954 porro
877 3869 922 3933 dci
940 3891 991 3934 eus
1012 3872 1159 3956 apostolus
1174 3873 1259 3936 intel·

105 3972 173 4056 digit
189 3991 263 4056 quae
280 3971 345 4055 lege
360 3993 395 4036 ac
411 3973 558 4058 prophetis
576 3971 778 4052 continentur,
803 3971 935 4056 seqnitur
951 3973 1038 4036 etiam
1056 3972 1123 4037 illud
1137 3975 1258 4058 implen-

106 4075 209 4138 dcrum
226 4074 440 4160 prophetiarum
456 4075 602 4162 proprium
618 4075 648 4138 in
665 4071 784 4138 Christo
801 4075 1000 4139 confirmatum
1019 4075 1120 4140 luisse.
1158 4076 1257 4160 Quare

106 4197 165 4241 uec
186 4178 314 4240 arcturi
336 4177 402 4260 lege
425 4198 479 4239 nco
501 4197 517 4240 a
536 4175 684 4262 prophetis
700 4177 812 4239 alienus
835 4188 880 4240 est
895 4175 1048 4256 Christus,
1083 4200 1136 4242 nec
1154 4199 1170 4242 a
1188 4181 1255 4256 deo,

106 4278 204 4363 quiet
221 4277 249 4341 in
266 4279 331 4362 lege
351 4281 466 4343 locutus
483 4289 544 4356 cst,
568 4287 598 4342 et
615 4299 667 4342 sua
682 4277 711 4340 in
726 4273 845 4343 Christo
862 4279 1005 4365 promissa
1022 4281 1154 4363 pertenit.
1198 4279 1256 4348 Sed

104 4465 295 4536 promissionem
320 4465 403 4528 dieat,
430 4465 524 4517 indicet
547 4483 593 4533 per
617 4465 668 4518 hoc
701 4465 744 4521 utu
760 4469 809 4533 τῆς
824 4464 993 4537 deceptiores
1008 4465 1037 4521 td
1053 4470 1210 4536 πληροῦσθαι
1225 4489 1258 4539 με
1350 4477 1354 4484 ’

105 4532 178 4602 qnod
190 4533 251 4584 dicit
264 4541 315 4586 cett
340 4538 494 4599 interpunctio
506 4539 628 4586 ιιιιιιιιιιιι
642 4538 667 4586 tn
702 4536 817 4602 σημαίνει
834 4536 912 4604 λέγων
930 4543 979 4588 cett.

104 4609 206 4666 nunqu
225 4607 316 4654 unm
330 4605 428 4656 odinum
442 4610 489 4656 mt:
507 4599 666 4672 εὐεργεσιῶν,
733 4605 775 4656 bu.
792 4599 966 4668 sopffloem
982 4603 1031 4672 γὰρ
1048 4603 1199 4676 termulen
