3096 4988
296 291 357 356 ³0⁰
709 299 830 354 εεεεσει
847 301 1018 354 umam

297 423 348 488 καὶ
367 419 437 488 καθ’
455 417 567 506 ήμλραν
585 418 819 504 προςφερσμίυη.
865 416 910 484 Οά
928 417 1022 502 μόνον
1041 419 1074 486 δὲ
1090 415 1177 492 αὗταί
1194 418 1399 506 προεφήτεαον
1417 424 1449 487 ολ

297 526 383 611 ἱερεῖς
395 522 580 606 λυθήσεσθαι
594 520 626 587 τά
645 520 810 604 σάββατον,
841 519 892 586 διά
908 527 965 586 τοῖν
981 519 1021 604 μή
1038 519 1154 608 άργεῖν,
1183 520 1255 588 άλλά
1268 525 1321 590 τιαί
1337 519 1446 608 αάτήή

171 661 221 706 pq,
239 650 282 694 εει.
297 625 437 714 περιτομή
452 629 517 691 ἔλυε
534 624 568 691 τά
585 623 744 708 σάββατον.
787 625 979 707 Γενναμίνου
998 625 1030 690 δὲ
1045 623 1156 702 παιδάς
1173 624 1313 703 πολλάκις
1327 629 1359 692 ἐν
1374 630 1445 709 σαβ·

297 727 376 818 βάτῳ
392 725 538 815 άναίρεσις
556 729 731 815 8σαββάτου
747 723 797 792 διά
810 733 968 812 περιτομῆς
983 729 1098 813 άμίνετο.
1142 727 1229 794 Οὕτω
1241 736 1306 806 ταῖς
1319 726 1446 812 άμφοτί-

297 859 363 920 ραις
378 829 398 915 ή
412 830 495 908 λάσις
512 833 749 916 πραεθεσπίζετο.
792 831 950 895 Δείιιννται
963 827 1020 916 γάρ
1035 829 1081 896 ὅτι
1095 833 1128 896 οί
1140 833 1360 916 περιτέμνοντες
1372 829 1444 897 αάτδ

296 933 329 1000 τά
342 935 483 1021 γεννηθὲν
496 935 529 1000 ίν
542 931 697 1022 σαββάτῳ,
719 929 771 998 ἐάν
782 929 949 1014 θελήσασιν
962 929 1254 1019 άνιριβσλογήσασθαι
1266 932 1322 1018 τήν
1335 931 1447 1020 άγδάην

295 1033 423 1121 ἡμέραν,
446 1033 628 1121 εὑρίσκοντες
643 1037 844 1117 ἐμπίπτουσαν
859 1035 891 1100 ἓν
905 1034 1059 1124 σαββάτῳ,
1080 1038 1131 1102 καί
1144 1034 1346 1121 περιτεμάντις
1361 1039 1447 1122 ἔργον

295 1138 481 1226 είργάσαντο,
509 1139 562 1202 καί
583 1136 617 1203 τά
639 1136 789 1220 σάββατον
810 1139 929 1204 ἔλυσαν·
960 1135 1013 1204 ἐάν
1031 1139 1064 1203 δὲ
1081 1134 1274 1224 δπίρθωνται
1288 1137 1339 1205 διά
1355 1137 1390 1204 τά
1405 1137 1447 1220 μή

294 1249 380 1308 λῦσαι
400 1241 433 1308 τά
457 1239 620 1324 σάββατον,
650 1238 739 1330 ἐνάτη
763 1237 868 1306 λοιπδν
887 1241 1091 1325 περιτάμνουσι
1111 1239 1167 1325 τήν
1189 1240 1368 1326 περιτομήν,
1395 1243 1447 1306 ειαλ

295 1348 401 1412 ίλυσαν
415 1342 470 1428 τήν
485 1342 655 1430 περιτομήν,
676 1343 728 1409 οιαὶ
740 1341 793 1408 τάν
808 1342 875 1428 περλ
889 1338 981 1426 αάτής
1001 1350 1061 1408 τοῖν
1081 1340 1159 1410 άττοδ
1175 1341 1293 1432 ήμεράν
1306 1343 1380 1431 ὅρον
1392 1349 1446 1409 τοῦ

295 1445 522 1535 προςτάγματος.

161 1573 229 1642 Κεφ,
247 1571 294 1642 χρ,
379 1547 463 1614 Ἀλλά
479 1545 545 1616 οὔτε
564 1539 707 1630 ήντελεία
722 1544 744 1630 ή
759 1546 862 1634 πράτη
879 1547 1032 1633 περιτομή,
1053 1545 1125 1614 άλλά
1143 1552 1264 1632 σημείου
1281 1547 1368 1635 χάριν
1382 1546 1446 1614 ἐδά-

295 1663 355 1737 θη,
377 1655 419 1728 είς
431 1677 463 1717 τε
478 1649 643 1734 ὑπόμνησιν
660 1648 758 1717 αὐτῶν
782 1648 854 1733 μετά
873 1657 982 1730 ταῦτα,
1003 1652 1055 1717 ταί
1074 1649 1125 1718 διά
1147 1649 1200 1717 τάν
1215 1649 1376 1737 δισταρμάν
1392 1657 1447 1718 τοῦ

300 1752 471 1844 ιἈβραάμ,
493 1750 534 1829 οἷς
546 1757 726 1840 προείρηται,
749 1756 989 1836 ἐπιτιμηθίπος·
1012 1755 1062 1819 ιιαλ
1078 1752 1175 1821 τάτισν
1191 1757 1277 1820 ἕνεκα
1291 1761 1345 1836 τῆς
1358 1753 1447 1839 μεγά-

296 1868 349 1942 λης
373 1864 426 1940 τής
446 1855 482 1922 τά
505 1855 602 1922 πάντα
627 1853 690 1922 κατ’
715 1855 834 1940 ίσάτητα
856 1853 1023 1940 πληροάσης
1048 1858 1080 1921 ἐν
1108 1865 1170 1933 τοῖς
1196 1857 1447 1940 ααταξιονμένοις.

296 1959 406 2043 Ἐτείνη
426 1959 477 2042 μὲν
492 1956 548 2045 γάρ
565 1961 592 2024 εί
613 1951 651 2041 ήν
668 1955 798 2045 άριστίας
814 1960 913 2038 ἕνεκα,
935 1960 987 2024 καί
1002 1962 1198 2045 κληρονομίας
1212 1956 1349 2043 οάρανοῖι
1364 1962 1449 2042 βασι·

296 2067 374 2140 λείας
394 2060 494 2147 χάριν,
522 2059 581 2146 ι’ίρα
597 2063 745 2148 ἐστίρηται
760 2059 864 2148 Σάρρα
883 2059 935 2143 τῆς
956 2065 1117 2144 βασιλείας,
1145 2064 1196 2128 καὶ
1217 2059 1369 2144 Ῥεβέκκα,
1394 2064 1449 2127 ταί

296 2170 372 2245 Δία,
393 2166 444 2231 ιιαλ
459 2161 577 2248 Ῥαχήλ,
598 2166 650 2230 ιιαλ
665 2162 822 2248 Ἰοοχαβὲθ,
843 2167 894 2230 τισί
911 2167 1018 2249 Μαρία
1036 2161 1058 2246 ή
1073 2161 1187 2247 άδελφή
1202 2165 1373 2242 Μαῖσίως,
1395 2167 1448 2230 ειαὶ

296 2276 388 2335 πᾶσαν
411 2270 444 2333 αί
466 2266 547 2351 άγιαι
569 2275 721 2353 γυναῖκες,
750 2270 801 2333 τιαλ
826 2264 863 2332 οά
885 2265 1063 2352 δυνήσονται
1085 2275 1277 2351 κληρονομεῖν
1298 2269 1449 2350 βασιλείαν

296 2369 448 2458 οὖρανοῖν,
470 2368 511 2452 μή
530 2373 705 2453 δυνηθεῖσαν
718 2368 772 2454 τήν
785 2367 948 2455 περιτομήν
963 2378 1017 2436 τοῦ
1037 2367 1172 2456 Ἀβραάμ
1193 2372 1284 2453 ἔχειν,
1313 2368 1352 2453 ήν
1371 2368 1448 2447 θεάς

296 2472 376 2563 αὐτῷ
394 2472 570 2558 δεδώρηται,
592 2471 666 2538 ιιατά
680 2471 733 2539 τδν
750 2470 866 2540 τοάταν
879 2470 975 2558 λόγον.
1019 2475 1061 2537 Et
1078 2473 1111 2538 δὲ
1130 2469 1187 2538 σάοι
1209 2473 1376 2557 ἐστέρηνται
1391 2465 1448 2538 αὖ·

296 2603 343 2642 ται
359 2583 411 2658 τῆς
429 2579 574 2658 βασιλείας
595 2583 654 2642 τοῖν
671 2574 826 2663 ου’ρανοῖν,
855 2578 906 2641 καί
929 2601 975 2642 τοι
995 2572 1034 2641 σά
1052 2583 1254 2658 μετεσχηιινῖαι
1273 2583 1448 2662 περιτομῆς,

297 2675 383 2746 οάδλν
404 2675 462 2762 άρα
482 2677 571 2761 ίσχάεε
592 2675 613 2761 ή
634 2685 689 2744 νῦν
711 2681 852 2765 ἔνεαριιος
875 2676 1027 2764 περιτομή.
1075 2683 1111 2744 Τί
1124 2679 1157 2744 δδ
1172 2683 1314 2762 κατορᾶται
1338 2675 1449 2762 ’mm

297 2778 473 2866 περιτομήν,
502 2777 591 2846 άπάτε
614 2783 665 2847 ιιαὶ
693 2783 725 2846 σί
748 2779 954 2866 εἰδωλολάτραι
980 2783 1032 2848 καλ
1057 2782 1181 2867 ’μιαροὶ
1205 2784 1292 2864 ίερεῖς
1313 2787 1374 2846 τάν
1390 2786 1450 2848 Αί-

297 2887 429 2969 ρυπτίαν
446 2881 607 2968 περιτομήν
625 2885 749 2966 ἔχουσιν.
791 2881 876 2950 Ἀλλά
897 2885 948 2949 καί
963 2887 995 2948 οῖ
1010 2884 1199 2968 Συραιιηνολ,
1221 2889 1253 2949 οἳ
1267 2886 1319 2950 καί
1331 2881 1448 2968 Ἰσμαη-

296 2993 388 3066 λῖται,
409 2982 569 3071 περιτομήν
591 2989 704 3069 ίχονσι,
732 2988 784 3052 ιιαί
805 2993 1001 3072 Σαμαρεῖται,
1031 2988 1082 3052 καὶ
1097 2983 1250 3066 Ἰουδαῖοι,
1280 2989 1332 3053 ιιαλ
1352 2982 1448 3054 'loav-

298 3099 397 3174 μαῖον,
426 3091 477 3156 ιταλ
498 3085 660 3175 Ὀμηρῖται
716 3088 835 3155 Τούτων
859 3089 891 3156 δὲ
913 3093 945 3154 σί
965 3093 1083 3166 πλείους
1107 3086 1144 3156 σά
1168 3086 1218 3155 διά
1239 3087 1331 3172 νόμον
1354 3097 1448 3158 τοῦτο

295 3199 447 3274 ποιοῦσιν,
469 3181 657 3281 άλλάάλάγῳ
677 3193 735 3258 τινί
757 3195 909 3281 συνηθείᾳ.

384 3503 445 3566 Καὶ
461 3498 562 3576 άπλῶς
576 3496 668 3565 πολδν
691 3496 797 3586 χρόνον
818 3495 959 3564 άναλοήσα
978 3497 1226 3586 τατατριβάμενος
1247 3500 1288 3575 είς
1304 3495 1358 3582 τήν
1374 3499 1448 3566 τοά·

298 3631 351 3672 του
369 3607 532 3694 ληρῳδίαν,
562 3601 610 3669 διά
630 3600 663 3668 τά
684 3605 886 3689 ίπερείδεσθσι
904 3599 996 3668 αάτδν
1017 3600 1109 3686 μάτην
1130 3609 1171 3692 τῷ
1191 3594 1309 3693 βητβῷ
1328 3605 1451 3690 είρητιεν

299 3702 316 3770 ά
334 3704 446 3791 σωτήρ,
474 3705 597 3791 άριιετάν
614 3713 655 3794 τῷ
671 3713 791 3794 μσθητή
808 3702 884 3771 εἶναι
901 3702 942 3782 οάς
959 3701 978 3770 ά
994 3703 1187 3785 διδάσκαλος,
1214 3708 1265 3770 ἵνα
1285 3707 1335 3771 ταί
1352 3703 1450 3786 αάτάς

298 3805 475 3890 σεμνάνηται
488 3808 541 3892 τήν
559 3812 636 3874 ίδίαν
652 3806 827 3893 περιτομήν,
850 3805 900 3874 διά
916 3806 971 3890 τήν
990 3812 1044 3873 τοῦ
1061 3813 1191 3892 Χριστοῦ
1212 3806 1373 3894 περιτομήν
1388 3809 1450 3893 τήν

300 3905 428 3998 ίναάτρῖ
448 3917 544 3987 ταλυῖς
560 3919 789 3996 περιτμηθεῖσαν
813 3912 887 3976 ’καί
910 3907 947 3976 δι’
970 3907 1063 3976 αάτοῦ
1084 3917 1305 3976 καταλυθεῖσαν.
1339 3909 1452 3994 ’Ὅμως

299 4009 400 4094 ἐπειδή
425 4009 559 4095 βοάλεται
576 4011 594 4078 ά
610 4011 765 4098 πτηνάδης
782 4009 832 4078 διά
850 4011 905 4096 τήν
923 4010 1001 4098 πράς
1014 4011 1066 4079 τάν
1083 4011 1214 4098 Χριστάν
1233 4015 1351 4097 μίμησιν
1372 4019 1450 4098 λαρι-

300 4114 402 4199 βάνειν
420 4121 525 4180 τοῦτον
538 4113 590 4182 τάν
605 4114 708 4203 λάρον,
730 4113 787 4182 οάιι
802 4113 919 4200 άτινήσοο
930 4119 1024 4194 δεῖξαι
1038 4115 1084 4183 ὅτι
1099 4113 1137 4182 σά
1152 4115 1203 4182 διά
1216 4123 1303 4182 τοῦτο
1320 4119 1450 4200 ελρησαι.

181 4243 232 4290 τις·
246 4231 291 4275 1⁶1.
306 4215 416 4294 Εάθάς
431 4215 486 4304 γάρ
502 4215 604 4304 φράζει
619 4215 637 4282 ά
650 4217 755 4305 κάρτος
769 4219 860 4304 λίγαν
881 4217 926 4286 ὅτε
949 4215 986 4284 οὗ
1007 4217 1057 4284 διά
1078 4225 1164 4285 τοῦτο
1183 4214 1277 4298 εἶπεν,
1299 4215 1371 4282 άλλά
1393 4221 1452 4286 διά

300 4319 370 4398 τοάς
384 4317 543 4406 διαρροάς,
565 4321 616 4385 καί
630 4317 683 4403 τήν
698 4326 757 4385 τῶν
768 4319 919 4388 Ἰουδαίαν
935 4324 977 4398 είς
991 4319 1082 4388 αάτάν
1094 4309 1261 4408 παροινίαν,
1276 4325 1325 4386 τισί
1338 4343 1451 4404 φησιν,

300 4549 317 4597 Γ
341 4475 366 4530 8.
384 4473 510 4548 σαββάτου
523 4476 568 4532 ιιαλ
588 4480 725 4546 περιτομῆς
742 4481 792 4532 σοσλ
807 4483 854 4532 Va·
888 4477 1123 4600 ωβεῳαιβΧΧΗί·
1146 4505 1181 4518 ···
1212 4475 1234 4530 ¹0
1251 4472 1323 4544 ἆλίω
1336 4473 1453 4549 1⁸3an

309 4561 338 4596 ιο.
932 4581 939 4596 .
1008 4561 1028 4598 τ.
