3106 4990
245 338 255 361 ,
368 295 502 347 canaan
519 295 581 346 ern
596 297 615 348 ι.
632 295 714 348 rom.
726 295 770 348 ιιι.
786 295 886 348 flaua.
897 295 1009 350 xxxv.
1202 285 1264 348 479

109 425 210 496 sterce
240 416 480 498 quemadmodum
498 415 528 480 in
546 416 669 500 singulis
687 415 849 482 refutandis
867 416 1035 482 haeresibus
1054 437 1143 502 saepe
1162 437 1196 480 au
1215 439 1264 481 co-

109 518 195 603 piose
220 519 458 584 monstravimus.
503 518 589 584 Adeo
611 530 643 583 ut
664 520 765 583 eadem
788 540 844 603 qua
867 520 896 582 in
918 519 1024 582 ceteris
1047 518 1161 584 ratione
1184 521 1263 584 dete-

109 633 191 686 ctum
210 623 264 701 sit,
297 620 470 685 nebulonem
489 621 568 685 illum
587 643 622 685 ae
640 622 809 707 pestiferum
826 622 970 684 homiuem
988 622 1049 684 sola
1068 623 1264 706 ostentatione

107 725 160 788 sui
174 745 209 790 ae
225 723 396 788 curiositate
411 724 527 789 ductum
542 725 578 788 ad
595 735 651 788 tam
666 723 803 788 immania
820 734 953 809 portenta
970 725 1103 806 lingenda
1120 725 1264 790 labrican·
1344 767 1349 778 ·

108 829 206 912 daque
228 827 359 892 venisse.

197 928 286 994 Nunc
301 929 380 993 illius
396 951 431 994 ac
448 927 666 993 Marcosicrum
683 927 832 1013 impietate
852 928 1009 1013 praeterita
1026 928 1061 992 ad
1080 929 1152 994 alias
1170 939 1264 995 traus·
1300 947 1357 1014 cap.

109 1053 230 1110 samm,
263 1051 421 1116 earumque
445 1043 477 1096 et
499 1032 659 1096 evellamus
678 1031 793 1094 radices
819 1041 847 1095 et
865 1031 1063 1096 amarissimos
1083 1033 1192 1097 fructus
1211 1035 1265 1098 tol·
1282 1015 1379 1068 xxm·

109 1136 207 1200 lamus
225 1155 242 1197 c
260 1135 372 1213 medio,
404 1155 439 1197 ae
455 1135 695 1219 quemadmodum
715 1133 807 1198 relelli
825 1133 955 1219 possint,
986 1155 1116 1219 quaeque
1134 1136 1169 1199 ad
1187 1136 1266 1221 ipsos

109 1240 260 1324 pertinent
276 1237 412 1301 universa
431 1239 611 1315 scieramus3
636 1258 693 1300 nort
711 1248 743 1300 nt
758 1235 922 1319 legentibus
941 1237 1033 1300 iraudi
1050 1238 1105 1302 ista
1120 1239 1191 1318 sint,
1214 1241 1265 1302 sed

112 1351 146 1404 ut
162 1340 270 1404 abillis
287 1340 483 1418 abhorreant,
508 1359 602 1424 neque
620 1338 658 1418 ad¹
672 1359 759 1402 unam
778 1339 902 1422 aliquam
920 1359 1019 1404 earum
1039 1363 1111 1426 quas
1129 1341 1267 1427 exposui-

111 1463 178 1506 mus
194 1453 244 1507 aut
258 1441 473 1526 insequentium
488 1441 646 1521 accedant,
671 1443 723 1505 sed
739 1442 787 1505 ubi
805 1461 878 1526 quac
896 1440 932 1504 ab
949 1439 1006 1505 illis
1022 1443 1129 1530 scripta
1145 1455 1213 1507 sunt
1227 1445 1267 1507 le-

110 1545 222 1629 gerint,
245 1543 419 1628 saepiusque
436 1545 587 1608 decantata
604 1545 808 1628 cognoverint,
833 1543 948 1608 illorum
966 1545 1115 1633 erroribus
1131 1565 1165 1609 ae
1178 1566 1267 1610 rene-

112 1659 182 1712 nata
209 1646 393 1732 improbitate
417 1649 554 1713 damnata
577 1645 690 1730 logiam
715 1647 833 1730 procul,
869 1668 902 1710 ac
928 1647 1045 1734 propius
1073 1667 1107 1712 se
1131 1651 1267 1712 conterre

112 1761 285 1815 medetur.
329 1747 489 1834 Dipsadem
508 1749 650 1832 quandam
674 1769 690 1811 c
710 1747 873 1832 viperarum
896 1769 1008 1834 genere
1025 1769 1092 1814 esse
1110 1751 1267 1814 memoriae

111 1853 258 1938 proditum
276 1861 338 1931 cst,
365 1873 440 1935 quae
457 1851 621 1917 istiusmodi
640 1851 720 1914 virus
736 1850 881 1914 immittat.
928 1849 1003 1916 Cum
1023 1852 1099 1916 euim
1117 1855 1268 1918 excavatis

111 1957 143 2018 io
163 1954 299 2040 rupibus,
324 1975 399 2037 quae
414 1953 571 2018 stillantem
589 1975 604 2016 e
621 1953 705 2018 saxis
721 1953 863 2036 liquorem
880 1954 1041 2039 excipiunt,
1064 1976 1166 2039 aquam
1184 1967 1268 2020 nacta

110 2057 238 2136 biberit,
269 2078 332 2120 eam
350 2068 452 2142 postea
468 2076 585 2120 veneno
603 2077 658 2120 suo
676 2057 719 2119 sie
737 2055 845 2134 inlicit,
877 2068 909 2121 ut
923 2059 947 2120 si
969 2058 1044 2141 quod
1064 2059 1170 2122 animal
1188 2058 1270 2122 dein·

110 2181 186 2245 eeps
202 2181 242 2223 ex
260 2180 295 2224 ca
314 2157 476 2244 potaverit,
500 2179 566 2222 eum
582 2159 677 2222 iuvari
694 2179 729 2222 ae
745 2159 823 2222 sitim
840 2159 973 2223 relevare
993 2161 1088 2224 visum
1106 2162 1209 2238 luerit,
1234 2163 1268 2224 ad

109 2271 292 2326 venenatum
314 2263 407 2344 ipsum
430 2281 524 2344 aquae
547 2261 761 2346 receptaculum
783 2261 880 2325 subito
902 2262 1044 2326 moriatur
1065 2283 1100 2324 ac
1121 2263 1267 2326 concidat.

112 2361 203 2447 Quod
222 2364 247 2426 si
266 2383 351 2448 quem
371 2363 420 2426 illa
438 2364 643 2443 momorderit,
674 2363 762 2448 ignea
779 2364 885 2428 veneni
903 2364 948 2427 vis
966 2364 1168 2429 vehementius
1187 2385 1270 2448 gras-

111 2487 186 2530 sans
203 2466 351 2549 ingentem
367 2465 446 2530 sitim
463 2467 565 2544 affert,
597 2476 627 2528 et
648 2466 684 2529 ad
703 2466 819 2530 assidue
838 2467 991 2548 potandum
1011 2467 1187 2532 intolerabili
1203 2487 1268 2533 cum

110 2569 219 2632 dolore
241 2567 398 2652 compellit.
452 2565 510 2632 Cui
531 2569 646 2652 quidem
673 2568 787 2631 letilero
811 2567 904 2632 dolori
930 2569 997 2632 dum
1025 2570 1065 2631 ita
1093 2591 1126 2632 se
1150 2570 1269 2633 remedii

112 2671 225 2734 afferre
242 2670 349 2754 aliquid
367 2671 533 2748 existimat,
558 2673 587 2734 iu
606 2671 708 2734 eudem
725 2670 790 2734 loce
807 2681 911 2733 ventre
926 2671 1054 2736 distento
1070 2693 1125 2735 nee
1140 2672 1269 2737 berneris

113 2774 269 2859 quicquain
288 2771 411 2858 amplius
428 2773 578 2857 capiente,
611 2795 676 2836 cum
694 2784 764 2857 potu
782 2793 854 2836 mox
872 2772 998 2838 animam
1014 2774 1171 2859 profundit.
1218 2771 1273 2850 Sic

111 2877 165 2940 ille
180 2896 246 2940 cum
262 2875 439 2941 inexhausta
455 2886 541 2961 potus
554 2875 693 2941 ariditate
709 2875 771 2942 suis
786 2876 909 2940 exitium
926 2876 1093 2940 consciscit.
1139 2875 1198 2942 Sed
1216 2898 1270 2941 nos

112 2979 152 3042 ab
174 2998 213 3041 eo
235 2999 351 3042 venene
373 2978 471 3042 divina
494 2999 549 3064 ope
571 2978 686 3044 liberati
707 2979 836 3064 reliquas
858 2981 894 3044 ad
917 2979 1056 3046 haereses
1070 2990 1267 3044 transeamus.

318 3625 570 3702 cunrat
611 3625 1072 3718 uutuubtst08,

353 3772 434 3842 quae
462 3753 513 3821 est
538 3747 685 3822 haeresis
705 3745 781 3821 XV.
807 3747 878 3822 sive
898 3745 1039 3821 XXXV.

202 3897 343 3983 Sequitur
359 3895 556 3978 Columnam,
586 3899 633 3982 qui
656 3899 693 3962 ab
715 3899 817 3963 iisdem
835 3895 930 3962 blarei
947 3899 1112 3983 praestigiis
1134 3921 1203 3965 suas
1226 3901 1270 3963 in·
1289 3911 1348 3981 cap.
1360 3915 1378 3963 t.

115 4001 210 4087 eptias
225 4002 404 4086 corrogavit.
450 4000 528 4085 Quin
545 4011 575 4064 et
588 4022 628 4064 ex
644 3998 805 4066 Ptolemaei
822 4000 966 4064 radicibus
980 4003 1104 4065 sentium
1122 4023 1156 4066 ac
1172 4003 1270 4088 spina-

115 4127 182 4170 rum
199 4105 294 4168 instar
310 4125 466 4189 erumpens
486 4125 578 4169 novas
594 4105 732 4188 quasdam
751 4103 904 4187 opiniones
922 4115 1102 4169 commentus
1122 4117 1183 4182 est,
1207 4106 1270 4190 qui-

116 4207 172 4270 bus
189 4208 272 4272 velut
287 4207 396 4270 aculeis
416 4208 547 4271 homiues
564 4208 736 4283 infestaret,
769 4209 835 4268 dum
854 4207 981 4270 urniores
998 4229 1090 4291 nugas
1106 4229 1140 4270 ac
1156 4208 1270 4271 sumnia

116 4311 198 4376 velut
215 4331 231 4374 e
250 4310 333 4376 coelo
352 4311 486 4396 delapsus
505 4309 621 4374 ellatiit.
667 4305 739 4372 Fuit
752 4309 780 4372 ei
801 4309 924 4394 primurn
942 4331 1006 4374 eum
1022 4308 1126 4374 Marco
1143 4309 1270 4375 societas
1392 4320 1397 4326 '

154 4532 211 4584 Gar.
227 4533 246 4580 t.
265 4557 298 4572 -
319 4531 339 4582 l.
358 4536 463 4584 Fortasse
478 4530 558 4600 irdpq.
709 4531 733 4580 ·'.’.
750 4533 786 4583 lte
803 4537 918 4596 aucupii·
952 4535 1017 4582 Lt'bri
1032 4533 1116 4584 tutem
1131 4530 1236 4596 redacte.
