3106 4990
303 294 366 356 476
723 301 1034 356 εκιιοτιτυιεκιειιι

303 419 379 508 ύπέρ
396 418 432 486 τά
449 419 502 486 δ’λα
518 418 643 495 εύωδίας
658 415 734 484 εἰναι
748 421 889 505 λέγουσιν.
923 417 1020 485 Ἔνιοι
1035 417 1062 484 δ’
1077 417 1176 486 αὐτῶν
1190 417 1224 486 τδ
1242 420 1296 503 μέν
1312 417 1398 506 ε’ίγειν
1411 423 1464 487 hl

303 524 336 590 ιδ
355 523 436 610 ι’ἰδωρ
450 520 589 607 περισσάν
603 518 678 587 εἰναι
694 521 859 602 φάσκουσι,
888 525 1022 604 μίξαντες
1037 523 1070 587 δέ
1084 525 1182 589 ἐλαιον
1196 523 1247 589 καλ
1262 521 1347 609 ὕδωρ
1365 525 1463 590 ἐκτετο-

308 625 379 693 αυτδ
403 623 462 710 μετ’
485 623 667 711 ίπιρρήσεων
690 622 895 710 ὁμοιοτρόπων
916 621 965 700 αἰς
981 624 1199 710 προειρήκαμεν
1217 625 1406 708 ἐπιβάλλουσι
1424 633 1465 714 τῇ

304 736 418 818 κεφαλή
439 735 498 794 τῶν
519 729 741 810 τελειονμέυων,
771 730 821 792 καλ
842 723 919 793 τοῦτ’
941 725 1014 794 εἰναι
1033 725 1087 810 τήν
1106 725 1309 814 ἀπολύτρωσιν
1326 730 1463 794 θίλουσι.

305 835 474 918 Μυρίζουσι
496 831 528 894 δὲ
550 832 599 896 καλ
621 829 708 896 αύτολ
728 837 769 919 τῷ
791 828 940 919 βαλσάμρι.
976 828 1076 896 Ἀλλυι
1092 831 1229 896 δὲταῦτα
1244 829 1342 896 πάντα
1354 857 1463 916 παραι·

304 933 462 1017 τησάμενοι
484 933 633 1014 φάσκουσι
656 931 696 1016 μή
717 936 780 998 δεῖν
801 931 835 998 τά
858 939 911 1016 τής
931 930 1060 1018 ἀρρήτου
1080 936 1132 998 καί
1153 931 1284 1019 άοράτου
1305 933 1465 1016 δυνάμεως

304 1033 464 1120 μυστήριον
485 1033 523 1101 δι’
538 1033 655 1122 ὁρατῶν
675 1037 726 1102 καί
745 1042 892 1120 φθαρτῶν
909 1036 1104 1102 ἐπιτελεῖσθαι
1122 1034 1302 1120 κτισμάτων,
1331 1038 1384 1101 καλ
1400 1043 1465 1102 τῶν

305 1137 488 1222 άνεννοήτων
504 1140 556 1204 καὶ
572 1136 736 1220 ἀσωμάτων
751 1137 789 1203 δι’
803 1141 956 1222 αἰσθητῶν
972 1140 1022 1204 καλ
1038 1147 1226 1222 σωματικῶν,
1257 1136 1333 1204 εἰναι
1355 1139 1389 1204 δλ
1407 1137 1465 1220 τήν

304 1245 413 1306 τελείαν
430 1238 634 1326 άπολύτρωσιν
651 1238 744 1323 αύτήν
761 1240 816 1325 τήν
829 1243 986 1328 ἐπίγνωσιν
1004 1247 1059 1308 τοῦ
1074 1239 1204 1326 άρρήτου
1220 1243 1380 1327 μεγέθαυς·
1410 1239 1465 1306 ἐπ’

304 1342 425 1431 άγνοίας
443 1341 499 1429 γάρ
522 1341 720 1426 ύστερήματος
740 1345 792 1408 καλ
814 1343 936 1420 πάθους
956 1345 1120 1430 γεγονότων
1140 1342 1190 1410 διά
1210 1343 1348 1430 γνῶσεως
1368 1371 1461 1410 κατα·

304 1446 428 1512 λύεσθαι
449 1453 548 1512 πάσαν
571 1444 625 1528 τήν
646 1449 679 1512 ἐκ
699 1452 752 1528 τῆς
773 1443 892 1532 άγνοίας
912 1445 1067 1534 σύστασιν,
1095 1445 1168 1524 ῶςτε
1185 1443 1261 1512 εἰναι
1280 1446 1334 1530 τήν
1350 1453 1464 1533 γνῶσιν

304 1547 508 1634 άπολύτρωσιν
535 1555 588 1614 τοῦ
615 1551 702 1614 ἐνδου
724 1546 898 1632 άνθρούπου.
949 1551 1009 1614 Καὶ
1031 1547 1102 1632 μήτε
1125 1548 1294 1632 σωματικήν
1316 1547 1465 1636 ύπάρχειν

306 1649 416 1733 αύτήν,
446 1650 585 1738 φθαρτδν
601 1649 657 1738 γάρ
676 1648 710 1716 τά
733 1658 835 1734 σῶμα,
867 1650 938 1734 μήτε
956 1651 1102 1735 ψυχικήν,
1134 1653 1199 1717 ἐπελ
1216 1654 1268 1718 καλ
1289 1651 1412 1737 ήφυχή
1431 1657 1464 1731 ἐξ

305 1751 520 1838 ύστερήματος,
550 1756 602 1820 καλ
623 1755 727 1820 11ἐστι
742 1761 797 1820 τοῦ
816 1753 937 1840 Πατρδς
954 1753 1050 1840 ῶςπερ
1068 1755 1245 1840 οἰκητήριον.
1292 1762 1464 1839 Πνευματι-

304 1855 364 1941 κήυ
381 1850 437 1922 οὖν
452 1861 500 1922 δεῖ
512 1859 561 1922 καλ
576 1855 630 1940 τήν
644 1854 787 1942 λύτρωσιν
800 1854 948 1943 ύπάργειν.
992 1864 1192 1943 Λυτρούσθαι
1205 1857 1261 1944 γάρ
1276 1857 1326 1924 διά
1343 1858 1462 1944 “ruf-

305 1981 378 2036 σεως
394 1958 446 2026 τδν
461 1961 517 2026 ίσω
534 1959 714 2044 άνθρωπον,
744 1957 796 2025 τδν
810 1957 1024 2043 πνευματικῶν,
1053 1962 1104 2025 καλ
1122 1958 1277 2044 άρκεῖσθαι
1293 1958 1408 2039 αύτούς
1425 1969 1464 2052 τῇ

305 2070 364 2128 τῶν
385 2061 462 2129 ὅλων
483 2061 652 2150 ἐπιγνώσει,
673 2064 725 2127 καί
745 2061 855 2146 ταύτην
875 2060 949 2128 εἰναι
970 2061 1113 2148 λύτρωσιν
1133 2061 1241 2147 άληθή.

602 2199 682 2256 EQ}
699 2199 772 2255 ΩΔΕ
791 2201 837 2255 ΤΔ
856 2200 931 2256 mo
948 2201 1157 2256 ΕΙΡΗΝΔΙΟΥ.

219 2623 224 2634 .
271 2579 288 2634 ’.
392 2574 507 2659 Ταύτην
526 2574 580 2658 τήν
597 2582 696 2641 πᾶσαν
715 2572 824 2660 άκριβή
842 2576 964 2660 ἔρευναν
985 2540 1166 2660 δμακάριος
1182 2575 1345 2663 πρεσβύτης
1360 2579 1464 2664 Εἰρη-

228 2699 233 2710 ·
285 2687 388 2754 ’ναῖος
407 2677 583 2761 ἐπεκτήσατο,
621 2675 712 2744 1καθ’
735 2676 838 2764 είρμδυ
859 2677 955 2744 πάντα
978 2681 1136 2762 ἐνθέμενος
1161 2687 1215 2761 τής
1235 2677 1330 2745 αύτῶν
1356 2679 1466 2765 πάσης
1547 2731 1548 2744 .

305 2782 587 2866 παραπεποιημένης
601 2785 797 2857 διδασκαλίας.
842 2779 955 2865 Διόπερ
972 2779 1025 2864 δή,
1049 2778 1090 2857 ῶς
1107 2783 1157 2846 κοιλ
1174 2779 1234 2864 ήδη
1250 2807 1299 2864 μοι
1313 2783 1465 2867 προδεδή-

304 2892 410 2962 λωται,
436 2881 505 2949 θὸτι
520 2893 582 2960 τοῖς
599 2880 648 2948 ὑπ’
663 2881 756 2950 αύτοῢ
773 2884 1023 2965 ἰσπουδασμένοις
1039 2881 1249 2968 άρκεσθίντες,
1272 2882 1363 2948 πάντα
1376 2884 1466 2970 πρῶς

306 2990 391 3066 ἔπος,
416 2981 458 3062 άς
474 2983 542 3070 παρ’
559 2983 639 3074 αύτῷ
659 2989 831 3069 ἐμφέρεται,
854 2983 1074 3070 παρεθήκαμεν.
1116 2983 1379 3072 Ἀνατραττήσονται
1399 2988 1465 3076 γάρ

306 3093 336 3168 ἐξ
355 3086 452 3154 αύτῶν
467 3094 526 3153 τῶν
543 3087 624 3172 παρά
640 3096 694 3154 τοῦ
710 3085 797 3173 άγίου
815 3086 924 3174 άυδρδς
940 3090 981 3164 εἰς
996 3086 1145 3155 άντίθεσιν
1160 3096 1213 3171 τῆς
1223 3087 1324 3154 ἀάτῶν
1340 3099 1464 3175 μοχθη.

306 3196 371 3278 ρίας
383 3192 551 3274 εἰρημένων.
594 3187 691 3275 Ἡμεῖς
704 3189 759 3276 γάρ
774 3189 965 3273 πιστεύομεν,
989 3188 1030 3267 ῶς
1044 3189 1140 3274 πάντη
1154 3191 1175 3274 ή
1187 3189 1312 3274 άλήθεια
1323 3187 1464 3272 ύττυφαί-

303 3320 363 3374 νει,
391 3295 441 3358 καλ
458 3291 476 3359 ύ
493 3291 611 3379 εύλογος
626 3292 763 3379 λογισμδς
780 3290 970 3374 ὑποτίθεται,
998 3296 1049 3359 καὶ
1065 3301 1106 3383 τῶ
1122 3301 1175 3376 τής
1191 3292 1337 3377 εὐσεβείας
1350 3295 1465 3364 κανόνι

304 3511 399 3567 καθεν
412 3498 604 3584 πατριάρχας
618 3497 693 3564 κατά
710 3497 900 3578 ἀκολουθίαν,
923 3507 958 3588 τῇ
974 3523 1004 3563 τε
1017 3496 1110 3564 αύτοῦ
1122 3507 1179 3566 τοῦ
1192 3507 1325 3586 σωτῆρος
1336 3501 1461 3591 διδαχῇ,

304 3606 355 3670 καλ
369 3611 429 3669 τῶν
441 3601 532 3670 αὐτοῦ
546 3599 718 3668 άποστάλων
730 3609 834 3683 σαφῶς
847 3599 925 3686 ήμᾶς
938 3600 1137 3668 διδασκόντων
1151 3605 1202 3670 ἵνα
1214 3599 1366 3689 δμολογεῐν
1378 3603 1463 3672 θεῶν
1545 3627 1546 3644 ’

305 3707 432 3791 πατίρα,
462 3703 686 3791 παντοκράτορα
701 3711 761 3770 τῶν
777 3703 871 3784 ὅλων,
900 3705 951 3770 καὶ
966 3703 1019 3770 τάν
1031 3702 1136 3790 κύριον
1149 3702 1236 3787 ήμῶν
1250 3701 1364 3788 Ἰησοῦν
1381 3711 1462 3792 Χρι-

305 3807 390 3886 στάν,
420 3810 470 3884 καί
487 3807 520 3872 τδ
538 3807 622 3892 δίγιον
638 3806 731 3873 αὐτοῦ
748 3813 880 3888 πνεῦμα,
911 3810 980 3890 μίαν
997 3804 1083 3931 άγίαν
1097 3805 1202 3891 τριάδα
1216 3806 1364 3888 άκτιστον,
1393 3817 1462 3877 τῶν

306 3911 399 3980 άλλωυ
413 3906 552 3976 άπάντων
565 3909 645 3987 λζ’
609 3937 664 3977 ουκ
679 3907 773 3976 άντων
785 3910 947 3996 γευομένων
962 3935 1032 3993 μετα
1023 3908 1156 3996 πατέρα
1168 3912 1217 3976 καλ
1229 3910 1296 3979 υίδν
1307 3911 1390 3977 καλ”
1370 3939 1462 3997 υγιον

306 4021 430 4098 πνεῦμα.
477 4011 582 4088 Ουτως
598 4039 628 4078 τε
643 4011 724 4141 παρά
740 4010 859 4077 πάντων
875 4019 934 4077 τῶν
949 4015 1171 4098 προειρημένων
1187 4010 1279 4099 άγίων
1292 4023 1461 4098 προφητῶν

305 4143 335 4184 τε
357 4117 406 4184 καλ
429 4111 635 4200 ευαγγελιστῶν
658 4117 709 4180 και
732 4113 904 4180 άποστύλων
925 4122 1029 4195 σαφῶς
1047 4113 1279 4203 ωμολογημένων
1299 4119 1348 4183 καλ
1368 4141 1459 4185 τιεττι-

307 4220 470 4303 στευμίνων
491 4215 546 4282 ούκ
568 4215 605 4282 άυ
621 4221 765 4302 δυνηθείη
784 4215 942 4301 κυβευτική
959 4243 1003 4294 τις
1019 4215 1169 4284 ἐπίνοια’
1150 4227 1293 4303 αντισχεῖν
1308 4219 1384 4306 πρδς
1400 4221 1462 4305 τήν

340 4413 378 4464 11
397 4408 434 4464 ἐτι
450 4413 597 4461 correxerunt
611 4411 717 4473 ηνίσαιιι
920 4408 979 4460 (λιιι
986 4411 1114 4461 XXI!
1124 4404 1212 4463 ί.’καθ
1222 4409 1280 4494 είρμ
1280 4408 1459 4467 δυτάττασαλ
1543 4459 1544 4470 ,

342 4479 381 4529 λ’.)
398 4494 518 4545 γιωσεως
529 4481 620 4530 comm
632 4492 661 4528 ια
675 4479 721 4528 λ’τί.
731 4481 862 4541 interprete.
897 4479 993 4543 θλιδίς.
1014 4473 1073 4532 καθ’
1083 4475 1204 4564 ιλρμδν
1177 4495 1222 4544 μιν
1231 4495 1311 4534 ταντα
1319 4483 1372 4532 edd.
1379 4485 1459 4546 μήτε,

309 4545 416 4616 μωοίως
429 4549 465 4600 ιιλ
472 4549 546 4610 princ„
574 4543 772 4606 Μωῦσίωςιδιί.
782 4550 862 4600 Ριιου.
896 4549 1013 4599 ιλΡτιαυ.
1047 4539 1106 4600 καθ’
1120 4545 1192 4614 ιῑρμδ
1194 4546 1299 4602 νταντα
1314 4551 1367 4602 ωδ
1381 4553 1458 4606 m
