3100 4984
206 396 211 405 Ι
312 321 448 372 ransart
466 323 528 372 ura.
542 323 560 373 t.
578 321 711 374 Tamtu.
729 319 964 398 anuuxxxrv.
1149 307 1213 370 449

67 439 152 503 tionis
166 439 321 520 iudicium,
346 453 378 504 ut
392 441 529 505 coelestis
544 442 640 505 anima
656 442 731 532 qupd
745 441 800 504 sibi
814 450 969 525 cognatum
987 447 1033 504 est
1050 459 1214 524 agnoscens

65 543 266 628 opitulatorem
288 543 450 608 submittat.

148 643 195 709 De
217 657 278 709 totc
297 645 386 730 igitur
402 648 452 711 illo
472 648 607 724 nomine,
637 646 712 730 quod
731 643 828 709 XXX
845 667 891 710 ex·
904 645 996 710 literis
1016 646 1210 730 componitur,
1231 651 1367 718 Cap-Vill-

64 745 161 835 Bytho
183 749 230 834 qui
253 751 325 812 iiscd
348 771 388 812 ex
406 750 499 813 literis
517 751 728 813 incrementum
747 750 839 834 capit,
873 769 927 812 nec
949 771 1007 812 rton
1026 759 1057 812 et
1074 747 1214 814 Veritatis

64 872 187 937 corpore
204 852 342 916 membris
357 863 510 916 constante
528 853 699 930 duodecim,
720 872 841 936 quorum
857 853 970 936 singula
988 852 1100 916 duabus
1118 873 1133 914 e
1150 852 1214 915 lito-

62 955 104 1018 ris
122 955 246 1018 coullota
264 965 349 1033 sunt,
373 955 520 1042 ipsiusque
538 977 612 1020 voco
630 975 714 1038 quam
733 955 849 1018 minime
866 955 1007 1039 eloquens
1023 965 1069 1020 est
1087 956 1213 1032 elocuta,

63 1070 122 1120 tum
142 1058 177 1120 de
194 1059 310 1120 minime
329 1055 432 1142 prolati
450 1057 629 1122 resolutione
647 1058 784 1137 conuiuis,
807 1077 842 1120 ac
861 1058 897 1120 de
912 1055 1016 1122 Mundi
1032 1068 1063 1120 et
1081 1055 1215 1120 llomiuis

61 1159 178 1238 atrimn,
202 1171 345 1244 quatenus
363 1162 397 1222 ad
417 1160 634 1224 similitudinem
653 1181 795 1245 expressa
812 1159 1012 1244 providentiae
1031 1161 1215 1224 administra·

61 1263 193 1346 tionique
218 1263 413 1348 respondent,
450 1263 505 1325 hoo
528 1262 577 1326 illc
600 1265 685 1326 modo
709 1273 832 1346 nugatus
854 1245 911 1327 eit.
963 1261 1214 1345 Quemadmodum

60 1385 135 1427 vero
151 1385 191 1428 ex
210 1365 374 1429 nominibus
391 1365 541 1450 aequalem
559 1387 680 1428 numero
696 1363 843 1429 Virtutem
860 1367 886 1428 ei
905 1363 1062 1451 Tetrectys
1079 1370 1216 1431 ostende·

59 1467 116 1546 rit,
150 1467 286 1553 deinceps
305 1467 533 1554 explicabimus,
564 1489 601 1531 ue
625 1469 690 1551 quid
709 1488 809 1531 corum
835 1479 880 1546 te,
911 1469 1081 1548 carissime,
1114 1471 1213 1548 lateat,

59 1591 136 1654 quoe
153 1569 189 1632 ab
207 1569 256 1634 illo
273 1571 348 1633 dicta
366 1571 400 1634 nd
420 1581 549 1634 nostrnm
566 1571 733 1632 memoriam
753 1583 968 1655 pervenerunt,
992 1573 1019 1634 id
1036 1572 1110 1656 quod
1129 1593 1146 1635 a
1163 1593 1215 1635 nu·

58 1674 106 1736 bis
132 1693 219 1757 saepe
244 1673 410 1758 postulasti.
456 1672 520 1736 lloc
546 1673 643 1756 ltaque
666 1674 752 1736 modo
779 1673 992 1756 sapientissima
1015 1672 1087 1758 Sige
1104 1668 1213 1738 XXlV

58 1778 275 1840 elementorum
298 1774 337 1838 illi
360 1777 577 1858 generationem
601 1776 750 1860 exposuit.
795 1773 941 1838 Nimirum
965 1797 1028 1839 cum
1051 1774 1216 1858 Singulari·
1258 1827 1261 1834 .

59 1890 121 1942 tate
142 1876 288 1942 Unitatem
306 1879 454 1941 existere:
479 1879 514 1940 ab
531 1879 566 1940 iis
584 1888 743 1963 propagata
759 1880 816 1941 duo
836 1876 995 1942 Monodem
1015 1889 1102 1963 atque
1120 1877 1215 1944 Unum

59 1991 189 2065 quatuor
205 1981 355 2066 implesse.
401 1979 453 2044 Bis
467 1981 543 2044 enim
561 1983 618 2044 duo
634 1992 758 2064 quatuor
773 1982 911 2045 efficiunt.
957 1979 1142 2066 llursumquo
1158 1983 1215 2045 duo

58 2085 218 2146 coniuncto
240 2105 304 2146 cum
328 2093 452 2168 quatuor
476 2083 625 2146 senarium
648 2084 849 2146 ostenderunt.
896 2082 952 2146 llic
975 2095 1078 2167 quater
1099 2085 1128 2147 in
1147 2105 1216 2148 ecsc

58 2189 166 2250 ductus
189 2182 299 2250 XXlV
320 2189 429 2248 l'ormas
452 2185 559 2248 ellecit.
606 2187 651 2248 Ao
673 2187 782 2271 primae
804 2185 918 2269 quidem
939 2184 1076 2249 Tetradis
1098 2188 1216 2250 numina

58 2287 267 2365 sanctissimo,
291 2307 366 2370 quae
383 2287 576 2371 intelligentia
591 2289 655 2352 sola
670 2288 778 2373 percipi
795 2297 932 2372 possunt,
958 2288 1057 2352 verbis
1074 2289 1215 2372 explicari

59 2413 121 2452 uon
139 2399 274 2475 pussant,
298 2390 352 2453 soli
367 2400 449 2474 putat
465 2390 524 2454 lilio
538 2391 666 2475 cognitu,
690 2411 764 2473 quae
778 2391 938 2454 cuiusmodi
953 2390 1010 2454 siut
1026 2387 1116 2454 Pater
1130 2390 1215 2453 intel-

58 2492 137 2575 ligit.
185 2489 271 2575 Quae
287 2511 359 2555 vero
375 2492 419 2555 sio
435 2504 558 2577 augusta
574 2503 658 2570 suut,
689 2503 722 2555 ut
739 2513 803 2554 cum
820 2492 875 2554 lide
890 2492 1071 2577 pronuntiari
1089 2493 1212 2577 possint,

59 2593 140 2656 lunc
163 2593 193 2656 ln
219 2595 332 2656 modum
354 2605 502 2658 recenset.
547 2594 694 2658 Arrhetus
718 2607 748 2656 et
773 2589 882 2677 Scige,
915 2591 1007 2657 Pater
1030 2605 1059 2658 et
1082 2593 1212 2660 Veritas.

58 2694 160 2759 lluius
178 2693 317 2760 Tetradis
336 2717 474 2760 numerus
493 2697 587 2760 omnis
604 2693 715 2761 XXlV
733 2697 876 2759 elementa
895 2696 1015 2780 colligit.
1060 2694 1137 2760 Nam
1156 2699 1216 2761 Ar·

56 2796 166 2861 rhetos
181 2808 293 2883 septem
312 2798 341 2861 ln
359 2819 391 2862 se
407 2799 507 2864 literas
526 2799 745 2884 complectitur,
769 2797 861 2882 Scige
877 2796 916 2877 V,
940 2797 1031 2862 Pater
1043 2797 1084 2878 V,
1109 2811 1139 2862 et
1154 2797 1216 2864 Ve-

57 2901 133 2963 ritas
151 2897 227 2982 vlt,
248 2921 321 2985 quoe
337 2901 366 2964 in
381 2923 469 2965 unum
487 2901 646 2986 compositu
661 2899 705 2964 bis
719 2900 845 2986 quinque
862 2901 963 2985 bisque
978 2911 1089 2986 septem
1104 2899 1215 2966 XXlV

56 3003 202 3066 efficiant.
248 3000 292 3066 lta
313 3015 343 3068 et
361 3006 489 3069 secunda
508 3003 636 3082 Tetras,
666 3001 787 3088 Lagus,
813 3001 893 3082 zoe,
919 3005 1089 3088 Anthropus
1109 3014 1140 3066 et
1159 3002 1215 3066 Ec-

56 3105 152 3168 clesia
169 3106 292 3169 eundem
309 3105 451 3170 exhibent
468 3106 678 3170 elementorum
695 3107 866 3170 numerum*
905 3103 965 3169 lom
984 3103 1148 3170 Salvatcris
1165 3127 1217 3170 no·

54 3229 141 3286 men,
162 3208 237 3292 quod
255 3208 353 3271 ellerri
370 3211 413 3272 las
429 3219 485 3287 est,
507 3209 563 3271 ltoc
578 3220 625 3273 est
637 3205 760 3289 Ἰησοῦς,
777 3210 926 3272 literarum
942 3227 1009 3270 esse
1023 3229 1090 3272 sex.
1131 3205 1216 3289 Quod

54 3331 134 3372 vero
155 3309 339 3394 pronuntiari
363 3311 478 3394 nequit,
512 3311 612 3374 literas
633 3312 740 3374 habere
760 3307 880 3373 XXlV.
929 3307 973 3372 lla
994 3305 1143 3374 Christum
1165 3307 1215 3372 Fi-

53 3412 131 3474 lium
150 3413 298 3475 literarum
313 3433 380 3476 csse
395 3410 475 3476 Xll:
502 3415 578 3498 quod
594 3433 666 3476 vero
682 3415 711 3476 in
728 3409 848 3476 Christo
864 3431 918 3473 uec
935 3410 1049 3474 effabile
1064 3423 1127 3490 est,
1150 3411 1215 3475 lite-

53 3535 160 3576 rarum
174 3511 284 3578 XXX.
323 3512 450 3599 ideoque
466 3521 496 3576 A
510 3527 539 3579 ct
553 3518 584 3576 Ω
597 3516 723 3600 seipsum
739 3513 881 3591 nominat,
901 3522 932 3576 ut
948 3511 1108 3576 columbum
1125 3514 1215 3598 signi-

52 3617 140 3679 ficet.
188 3615 265 3680 lluio
288 3618 365 3680 enim
388 3618 435 3681 avi
458 3639 596 3682 numerus
618 3617 674 3681 iste
697 3615 846 3680 convenit.

84 3871 113 3924 8.
134 3873 172 3924 tto
182 3875 420 3925 restituitoPaeudo
413 3877 531 3938 -on'penc
567 3877 621 3924 Vul-
656 3868 747 3931 Οὕτως
768 3867 843 3925 riti
831 3871 900 3938 ντῷ
919 3863 1087 3952 Xpncnpi'p
1041 3887 1087 3936 αρρ
1089 3889 1147 3936 ητεν
1164 3870 1214 3958 φά-

47 3957 81 4006 pc
98 3938 159 3994 τὸν.
656 3956 744 3994 ereccon
766 3937 894 4005 στοιχείων
909 3935 1055 4024 spiritiuum.
1097 3939 1149 3991 Καὶ
1170 3937 1213 3994 duci

84 4009 112 4061 9.
134 4011 231 4059 Plenior
246 4012 352 4071 meipso
367 4013 461 4062 lrenoeo
478 4015 528 4061 eius
544 4025 622 4060 eretr-
655 4011 728 4062 τοῦτο
744 4006 774 4060 ei
791 4022 867 4088 φασιν
884 3999 1071 4088 αύτὸνλέγμιν
1094 4001 1211 4091 Ἐγιότο

44 4085 104 4140 pior
123 4081 163 4126 eet
177 4079 285 4127 Prendo·
275 4081 418 4141 -Oripenesr
437 4077 475 4132 Te
494 4076 523 4132 δὲ
542 4077 567 4130 du
584 4078 620 4145 τῷ
656 4071 730 4161 ἄλφα
741 4074 784 4128 >tul
801 4070 829 4127 τὸ
847 4077 884 4133 oi,
902 4072 1115 4128 ἐπιδεικνυντα
1084 4092 1131 4139 την
1145 4093 1213 4158 nept-

46 4139 203 4228 Xotoroi'
184 4163 293 4228 αρρητον
312 4143 466 4227 γραμμάτων
483 4142 622 4228 τριάκοντα
658 4141 757 4226 στεράν
763 4143 848 4226 reiron
866 4139 1013 4228 ἔχουσαν
987 4161 1029 4196 τον
1045 4137 1212 4208 c’onhpo'udi

46 4215 95 4267 ml
120 4209 192 4266 oriri
208 4219 260 4296 tois
279 4212 304 4265 ἐν
322 4210 392 4282 enirm
410 4212 477 4281 γρᾰμ
500 4231 542 4267 εισι
559 4211 624 4266 κατὰ
657 4212 723 4266 ἐστιν
743 4207 882 4265 ὀκτακόσια
905 4208 936 4262 εν.
972 4214 1038 4272 Quod
1059 4215 1212 4262 testimonium

44 4281 72 4336 ἓν
88 4277 373 4364 στοιχεῖονᾶριθμεύμ
364 4299 421 4334 ..νον
448 4282 486 4336 Το
491 4279 622 4436 polept·
657 4286 726 4332 etiam
751 4281 834 4342 refellit
858 4281 1001 4330 Scimusn'um
1030 4283 1059 4330 de
1084 4283 1212 4341 scripturae

47 4351 114 4411 στὸς
134 4349 196 4404 iant
211 4343 371 4416 cncnptlmn'
356 4345 433 4402 oxrtc'
461 4348 498 4402 Τὸ
548 4347 621 4432 νγάρ
654 4351 754 4400 nominis
780 4351 865 4396 Christi
886 4349 955 4397 modo
975 4351 1097 4398 Pelcuinm
1121 4351 1210 4409 uitupe-

45 4425 88 4489 χ’ῐι
103 4418 206 4484 τριῶν,
223 4414 253 4470 τό
269 4414 328 4471 δὲ
313 4435 342 4501 ρ
344 4414 404 4480 δύο,
423 4415 508 4470 nol
483 4436 510 4472 τε
528 4422 550 4472 ii
565 4415 620 4504 dp'o,
654 4419 763 4468 rentem
755 4431 779 4465 m
791 4418 840 4480 (Fr
849 4417 946 4480 trunci)
961 4417 1210 4478 Conlutotdnimodr.

45 4490 124 4541 και·
112 4511 124 4540 ι
144 4481 231 4538 receti
248 4503 297 4549 ων,
315 4483 344 4538 ri
366 4456 485 4547 cludine,
503 4485 588 4540 nol
562 4504 621 4540 τοτ
654 4491 707 4536 Ant.
724 4487 832 4536 Cercoetii
845 4499 903 4548 pop.
916 4483 948 4538 td
958 4497 1007 4547 sqq

44 4560 145 4624 τριῶν,
168 4549 198 4605 τὸ
190 4503 297 4607 '‘dl
259 4571 286 4606 ou
302 4550 357 4616 dulc,
374 4551 460 4608 καὶ
433 4569 462 4607 τε
480 4549 525 4608 coir
538 4554 619 4620 τριῶν

100 4639 201 4694 eorpus
213 4633 346 4680 ttoerereot
360 4631 389 4679 tt.
968 4639 1008 4703 29
