3078 5012
300 256 361 318 584
723 267 846 320 ειτιετι
863 269 1034 322 nummu

385 381 418 469 γ’.
447 381 650 470 Μαρτιίρομιιι
662 383 695 450 δὲ
711 382 799 450 πάλιν
813 383 859 452 δτι
872 383 1037 470 όνθραιτος
1050 389 1295 472 περιτετμημένος
1307 383 1461 470 ὀφειλέτης

302 488 380 553 ἐστίν
403 485 471 552 όλον
492 486 544 552 τόν
565 485 657 568 νόμον
678 495 837 573 πληρῶσαι.

386 588 420 653 δ’.
451 585 528 654 Ἀντῖ
555 596 625 668 τοῦ,
657 588 766 674 Μικρά
790 592 866 673 ζόμη
893 591 961 658 ὅλον
986 589 1019 656 τό
1041 590 1167 677 φόραμα
1193 599 1295 677 ζυμοῖ,
1327 594 1459 675 έντυίηιε,

302 699 400 757 Δολοῖ.

387 794 417 860 ε’.
446 792 480 858 Ὁ
502 793 556 880 γιῖρ
574 802 634 871 παῖς
648 794 740 877 νόμος
756 793 828 878 ὑμῖν
842 795 1046 880 πεπλήρωται,
1075 793 1250 882 Ἀγαπήσεις
1267 797 1319 863 τόν
1335 803 1460 880 πλησίον

301 919 355 964 σου
377 895 418 974 ιός
438 895 569 963 σεαυτόν.

386 998 419 1076 ς’.
453 998 573 1084 Φανερά
589 1001 623 1065 δέ
638 1002 698 1065 ἐστι
713 998 748 1066 τοί
763 1003 833 1086 έργα
847 1009 900 1086 τῆς
913 1001 1033 1087 σαρκός,
1057 1002 1143 1069 δεινοί
1159 1006 1219 1069 έστι
1233 1008 1365 1090 πορνεία,
1389 1001 1458 1068 ότα-

300 1108 427 1188 θαρσία,
458 1100 606 1187 ἀσέλγεια,
634 1106 869 1189 είδωλολατρεία,
898 1110 1082 1190 φαρμακεία,
1110 1109 1232 1192 έχθραι,
1254 1109 1346 1190 έρεις,
1367 1114 1458 1188 ζῆλοι,

300 1208 411 1288 θυμοῖ,
436 1208 578 1290 έρίθειαι,
601 1209 795 1288 διχοστασίαι,
819 1211 943 1292 αἵρεσις,
966 1206 1072 1288 φόνοι,
1094 1211 1196 1290 μέθαι,
1219 1216 1327 1291 κῶμοι,
1351 1207 1459 1290 δίπρυ-

299 1311 373 1394 λέγω
389 1305 474 1390 ὑμῖν,
504 1307 609 1384 καθιδς
624 1312 676 1374 καί
692 1318 852 1392 προεῖπον,
875 1309 922 1376 ότι
939 1313 971 1375 οί
985 1309 1022 1374 τοί
1037 1319 1159 1376 τοιαῦτα
1176 1311 1360 1396 πράσσοντες
1376 1315 1458 1392 βασι-

301 1416 381 1476 λείαν
400 1418 477 1476 θεοῦ
500 1410 535 1476 οὐ
558 1411 839 1495 κληρονομήσουσιν.

388 1516 419 1592 ζ’.
454 1517 494 1578 Of
505 1515 537 1578 δέ
551 1521 605 1580 τοῦ
624 1521 755 1600 Χριστοῦ
772 1513 826 1598 τὴν
841 1515 937 1600 σάρκα
951 1514 1138 1602 ἐσταύρωσαν
1154 1514 1210 1580 σόν
1222 1523 1286 1592 τοῖς
1302 1513 1460 1598 παθήμασι

304 1620 354 1682 καὶ
376 1626 441 1692 ταῖς
463 1619 644 1699 ἐπιθυμίαις.

389 1719 424 1802 η’.
460 1718 536 1784 Οὔτε
558 1716 613 1806 γόρ
635 1723 667 1786 οί
686 1719 923 1806 περιτεμνόμενοι
944 1718 1029 1787 αότολ
1052 1719 1145 1803 νόμον
1169 1719 1364 1802 φυλάσσουσι.

181 1957 231 2002 μ,
245 1944 292 1990 ιιι.
374 1927 474 1982 Πεοε
492 1927 717 1981 Κοειαειωιε
736 1925 772 1990 α’,
791 1928 864 1982 Πιο
884 1927 996 1982 τοῖσι
1014 1929 1059 1982 ΔΕ
1076 1927 1259 1982 mamam
1276 1925 1317 1997 ρ’,
1334 1927 1397 1982 ιιι

763 2015 835 2068 Πιο
852 2013 948 2068 Ηιωιι
966 2011 998 2084 ρ’.

392 2128 471 2195 ³⁸u'.
504 2133 670 2217 Γέγραπται
685 2129 758 2218 γάρ,
788 2129 904 2196 Ἀπολοῖ
920 2130 974 2214 τὴν
989 2135 1096 2213 σοφίαν
1112 2139 1171 2196 τοῖν
1188 2137 1308 2212 σοφοῖν,
1339 2133 1390 2196 ιιαλ
1409 2130 1462 2212 τὴν

305 2237 422 2300 σόνεσιν
443 2241 503 2299 τοῖν
524 2241 653 2299 συνετῶν
674 2232 819 2316 ἀθετήσω.

390 2336 426 2421 β’.
450 2336 533 2414 Ἵνα,
554 2335 660 2412 καθείς
681 2339 855 2423 γέγραπται,
879 2333 1103 2419 διασχόμενος
1124 2338 1157 2402 έν
1177 2340 1272 2426 κυρίῳ
1289 2334 1461 2418 καυχάσθω.

391 2541 424 2628 γ’.
459 2549 525 2608 Τῶν
547 2539 697 2626 ἀρχόντων
718 2550 772 2608 τοῦ
793 2545 901 2618 αἰῶνος
922 2540 1046 2622 τούτου,
1067 2549 1126 2608 τοῖν
1145 2543 1402 2627 καταργουμένων.

392 2643 427 2709 δ’.
458 2647 623 2730 Γέγραπται
641 2642 714 2730 γάρ,
744 2643 778 2709 ‘O
793 2643 993 2730 δρασσόμενος
1010 2643 1081 2722 τοῖς
1100 2643 1217 2725 σοφοιίς
1232 2647 1264 2710 έν
1281 2651 1319 2734 τῇ
1335 2667 1461 2725 πανουρ-

307 2752 357 2836 γίρι
374 2745 481 2812 αότοῖν.
527 2749 585 2810 Καὶ
606 2748 708 2829 πόλιν,
740 2746 854 2834 Κύριος
870 2750 1003 2833 γινοίσκει
1027 2747 1096 2824 τοδς
1112 2745 1322 2833 διαλογισμοάς
1338 2753 1398 2812 τόν
1414 2743 1463 2809 ἀν-

306 2847 442 2936 θρώπων
464 2847 511 2914 ότι
533 2851 586 2913 είσλ
609 2847 736 2932 μάταιοι.

394 2949 423 3016 ε’.
457 2953 518 3016 Καί
538 2949 594 3036 γάρ
616 2950 649 3016 τό
671 2951 769 3036 πάσχα
789 2949 875 3034 ἡμῶν
898 2950 992 3036 έτόθη
1017 2949 1152 3034 Χριστός.

392 3053 425 3130 ς’.
460 3052 523 3118 Οιίιι
537 3057 635 3119 οίδατε
649 3052 693 3120 ότι
711 3052 729 3120 ό
743 3053 925 3136 κολλώμενος
938 3062 974 3144 τῇ
986 3057 1084 3144 πόρνη
1096 3059 1131 3120 ἓν
1144 3051 1229 3135 σῶμοί
1244 3055 1338 3132 έστινς
1362 3051 1461 3118 'Em-

308 3185 356 3224 ται
377 3156 449 3244 γάρ,
473 3159 579 3239 φησίν,
602 3159 634 3221 οἷ
653 3155 707 3222 δόο
731 3160 772 3234 είς
792 3156 888 3242 σόρικα
910 3162 986 3240 μίαν.

393 3262 425 3339 ζ’.
459 3262 757 3345 ’δΜετηλλαγμένως
799 3257 878 3325 'Am
900 3259 955 3346 γόρ
978 3266 1048 3340 τοῦ,
1080 3259 1139 3324 Καί
1161 3256 1179 3324 ό
1200 3256 1295 3342 νόμος
1316 3265 1409 3324 ταῦτα
1428 3253 1462 3322 οδ

309 3366 403 3450 λέγει,
426 3363 501 3445 φησί
523 3365 647 3440 ἐκεῖνος,
671 3365 715 3426 Εἰ
734 3364 781 3428 καὶ
805 3359 824 3427 ό
844 3361 937 3445 νόμος
957 3363 1116 3437 Μωῦσέως
1136 3368 1229 3427 ταῦτα
1251 3358 1290 3426 οὖ
1311 3363 1395 3446 λέγει

393 3464 429 3548 η’.
461 3463 519 3548 Μὴ
542 3472 600 3530 τοῖν
621 3469 703 3548 βοοῖν
725 3467 802 3547 μέλει
822 3471 863 3553 τῷ
885 3472 964 3554 θερίς

395 3566 435 3632 θ’.
470 3565 516 3633 Ου’
530 3571 610 3634 θέλω
630 3565 685 3653 γδρ
703 3565 782 3650 ὑμᾶς
799 3565 931 3653 ἀγνοεῖν,
961 3565 1102 3648 ἀδελφοί,
1131 3566 1178 3632 ότι
1194 3569 1225 3634 σί
1240 3567 1367 3650 πατέρες
1384 3562 1462 3647 ἡμῖν

312 3669 371 3736 διτό
386 3668 439 3753 τὴν
453 3672 579 3754 νεφέλην
593 3663 677 3754 ἦσαν,
693 3672 745 3735 καῖ
757 3669 865 3746 πάντες
880 3671 929 3736 διό
943 3679 996 3753 τῆς
1008 3669 1162 3752 θαλάσσης
1175 3673 1313 3752 διῆλθον,
1329 3671 1381 3734 καῖ
1395 3663 1462 3732 πόε-

311 3798 358 3850 τες
373 3772 407 3837 τό
422 3771 495 3839 αότό
510 3773 708 3855 πνευματικόν
722 3775 835 3858 έφαγον
851 3777 967 3858 βραῖμα.
1001 3771 1130 3838 Ἐπινον
1146 3771 1202 3860 γάρ
1218 3775 1251 3838 έιι
1267 3775 1463 3854 πνευματικῆς

312 3873 536 3958 ἀκολουθούσης
559 3878 681 3960 πέτρας,
713 3872 731 3959 ἦ
754 3875 784 3940 δέ
805 3876 898 3960 πέτρα
918 3867 956 3957 ἦν
978 3873 996 3942 ό
1020 3873 1162 3961 Χριστός·
1193 3873 1251 3941 ἀλλ’
1273 3871 1330 3940 οόιι
1355 3877 1389 3940 έν
1407 3879 1463 3944 τοῖς

312 3982 441 4045 πλείοσιν
463 3975 559 4042 αότων
581 3975 736 4061 ηιῖδόιιησε.
784 3984 883 4043 Ταῦτα
905 3975 988 4043 δέ
953 4003 1042 4043 τυποι
1059 3974 1145 4060 ἡμων
1163 3975 1365 4062 ἐγενήθησαν,
1393 3971 1462 4058 πρός

313 4109 345 4148 το
338 4077 451 4163 40μη
467 4075 577 4145 εἶναι’
557 4106 636 4163 ημας
651 4077 838 4164 έπιθυμητιίς
853 4087 971 4160 κακοῖν,
994 4078 1100 4156 καθως
1116 4077 1248 4146 κάκεῖνοι
1261 4077 1460 4160 ἐπεθύμησαν

315 4185 388 4266 μηδέ
408 4181 544 4249 εἰδωλολ’
510 4191 611 4267 λατραι
627 4188 760 4269 γίνεσθε,
781 4183 887 4258 καθοός
904 4207 980 4258 τινες
995 4180 1108 4262 αάτων,
1132 4179 1172 4258 αῖς
1189 4180 1461 4268 γέγραπται,Ἐτα·

316 4296 400 4351 θισεν
416 4283 515 4363 ολαός
529 4312 634 4372 φαγειν
646 4313 695 4367 μαι
712 4295 800 4364 πιεῖν,
822 4287 873 4352 καῖ
887 4283 1046 4368 ἀνέστησαν
1059 4290 1182 4363 παίζειν·
1205 4285 1281 4366 μηδέ
1293 4281 1461 4368 έιινιειρα

349 4437 390 4490 38.
406 4445 439 4491 De
453 4445 503 4493 ωδ.
520 4447 667 4495 λὀλίοοιιουι
682 4445 878 4505 εειιιιριοεσιοι
911 4435 1156 4510 ιερυιεοιααταετυτ
1171 4452 1292 4508 utsupra
1308 4450 1335 4492 et
1348 4436 1462 4524 μριερτῖ-

317 4509 525 4560 λῖοτιοατιιιοιαιο
517 4513 692 4562 ττιυικῖολαιοτ
709 4511 877 4574 „Hiciterum
911 4527 952 4560 mu
953 4527 978 4560 m
994 4509 1119 4573 habetis,
1136 4521 1195 4576 post
1211 4505 1392 4572 secundnm',
1409 4515 1463 4573 pout
