3096 4988
272 262 281 279 ”
341 307 476 358 rnunnn
492 307 588 361 utem.
605 308 687 360 rou.
703 310 734 358 u.
753 307 851 358 utun.
868 307 966 358 xxxi.
1172 297 1234 362 327

76 445 138 513 qne
156 425 274 514 seriptis
293 425 445 512 quicqusm
465 426 639 493 elucubrare
655 425 878 508 consueverim,
912 447 1006 513 neque
1027 427 1142 494 dicendi
1161 430 1199 494 sit
1218 453 1235 495 s

75 551 126 594 me
152 531 275 595 facultas
298 529 512 594 exercitatione
530 531 675 614 quaesita.
722 529 782 596 Sed
805 530 978 596 meconites
997 531 1131 596 hortatur
1151 543 1182 597 ut
1199 553 1233 598 ca

77 633 131 696 tibi
155 633 270 717 tuisque
289 633 425 717 dogmate
444 633 614 717 petelaoism
633 653 708 718 quae
725 633 761 696 ad
782 633 857 698 hunc
875 635 1020 698 occultata
1039 633 1117 698 diem
1135 637 1233 701 diviua

74 735 166 800 modo
182 735 276 820 gratis
294 745 425 820 prompta
443 735 578 800 omuibus
594 747 754 822 apertaque
771 747 851 800 sunt.
895 739 980 798 nnat
992 742 1064 799 σιιίιιι
1078 751 1122 800 est
1136 743 1231 804 omul-
1243 763 1329 810 noun.

76 849 155 912 tum,
179 841 256 920 quod
274 859 330 900 non
351 841 506 913 reueletur,
530 851 559 901 et
577 841 785 915 absconditum,
810 843 886 921 quod
904 861 960 902 non
980 845 1100 902 secetur.
1244 817 1321 868 Μ

161 938 323 1006 Enimvero
339 941 409 1004 nihil
424 942 481 1005 erit
497 961 550 1005 cur
564 963 582 1004 a
598 941 694 1020 nobis,
719 943 767 1026 qui
784 943 862 1006 iuter
876 939 978 1006 Gallos
995 943 1126 1026 degimus
1142 954 1229 1030 atque
1248 955 1306 1024 cop.
1320 958 1356 1009 x.

72 1045 103 1108 in
119 1043 265 1108 barbarae
282 1043 400 1128 linguae
415 1044 605 1108 meditatione
621 1044 773 1129 plurimum
789 1045 922 1130 occupati
939 1067 1052 1126 sumus,
1070 1047 1228 1112 oratoriam

71 1147 181 1230 exigas
200 1147 384 1224 facultatem,
413 1167 498 1230 quam
518 1167 664 1231 nunquam
680 1147 850 1226 didicimus,
880 1168 975 1233 neque
991 1147 1137 1212 scribendi
1153 1149 1229 1234 peri-

72 1251 163 1328 tiam,
196 1248 242 1312 coi
262 1269 408 1334 uunquam
429 1249 608 1328 studuimus,
640 1268 735 1334 neque
755 1249 890 1322 dictionis
910 1262 1043 1316 ornatum
1065 1252 1227 1330 scincum,

72 1372 161 1437 quem
181 1350 297 1437 penitus
316 1351 497 1435 ignoramus.
543 1349 622 1436 Quin
644 1351 741 1437 potins
763 1373 836 1436 qnae
859 1373 876 1416 n
899 1352 983 1418 nobis
1003 1352 1173 1438 simpliciter
1194 1375 1229 1418 ac

71 1475 146 1518 vere
163 1452 335 1538 vulgarique
350 1471 487 1518 sermone
504 1453 539 1517 ad
558 1463 586 1517 te
603 1474 642 1518 ex
658 1454 780 1518 caritate
798 1455 977 1534 scribuntur,
1001 1475 1037 1520 ea
1052 1477 1090 1520 cx
1106 1455 1229 1520 ceritste

70 1555 219 1641 suscipies
237 1566 343 1641 etque,
374 1565 473 1641 utpote
491 1556 585 1640 tnagis
605 1556 639 1620 od
659 1555 686 1619 id
706 1558 909 1640 praestandum
931 1558 1071 1637 idoneus,
1102 1557 1145 1622 sic
1165 1568 1228 1624 tan·

70 1681 160 1744 quam
177 1658 292 1722 semina
309 1657 450 1742 quaedam
468 1669 497 1721 et
516 1658 596 1722 initia
613 1679 630 1722 e
649 1658 734 1723 nohis
751 1661 919 1744 acceperis,
945 1680 1020 1724 nove
1037 1661 1112 1746 opud
1131 1671 1159 1724 te
1179 1682 1227 1726 uc·

71 1762 212 1828 cessione
230 1760 420 1846 locupletiora
440 1760 549 1839 iacies,
563 1771 611 1824 -et
631 1761 661 1825 iu
681 1763 788 1826 mentis
808 1772 874 1826 tuae
892 1762 1051 1848 spatiosum
1068 1763 1162 1826 sinum
1181 1784 1228 1827 re-

69 1865 208 1942 condite,
232 1883 307 1948 quac
325 1863 425 1948 paucis
443 1883 460 1926 a
476 1884 522 1926 me
540 1863 694 1948 perstricta
713 1874 799 1942 sunt,
824 1864 961 1929 uberiore
979 1867 1074 1928 fructu
1090 1886 1227 1951 compen·

69 1968 171 2045 sabis,
208 1987 242 2030 ac
261 1965 386 2050 denique
405 1965 539 2050 quicquid
562 1987 579 2030 a
603 1987 649 2030 me
666 1986 766 2052 porum
785 1966 911 2031 virilitor
928 1969 1103 2054 explicatum
1126 1968 1225 2048 inerit,

68 2071 143 2157 sputl
165 2081 233 2133 tuos
251 2087 378 2132 nemore
396 2068 568 2152 fortiterque
584 2068 757 2153 disputabis.
803 2070 903 2155 Atque
921 2080 952 2134 ut
969 2091 1025 2154 ego
1044 2070 1094 2134 tibi
1110 2070 1225 2135 illorum

68 2171 251 2238 senteutiam
269 2168 437 2257 perdiscere
454 2170 581 2254 cupienti
598 2193 657 2236 non
676 2192 740 2236 eam
757 2173 843 2236 modo
861 2173 1010 2237 declarare
1027 2172 1142 2252 studui,
1173 2173 1225 2236 sed

69 2277 177 2340 idonea
195 2295 312 2359 quoquc
329 2271 476 2360 praesidio
493 2274 528 2336 ad
546 2273 624 2337 illam
642 2273 871 2340 convincendam
891 2274 991 2353 attuli,
1015 2277 1056 2338 its
1076 2285 1105 2338 ct
1124 2286 1154 2338 tu
1173 2295 1225 2360 pro

69 2397 203 2464 eaquae
229 2387 324 2442 tecum
346 2397 363 2439 n
387 2377 442 2464 deo
464 2377 674 2440 communicato
700 2376 794 2461 grstia
816 2389 877 2457 est,
909 2387 1075 2441 ceterorum
1094 2377 1225 2462 impense

68 2481 237 2547 rationibus
256 2491 287 2543 et
304 2478 420 2544 utilitati
438 2479 569 2559 servies,
600 2501 637 2544 ue
656 2480 685 2542 in
705 2492 853 2564 posterum
871 2479 1021 2564 quisquam
1041 2478 1143 2544 blanda
1161 2479 1224 2542 illo·
1331 2551 1334 2568 ι

68 2607 134 2650 sum
158 2582 296 2649 oratione
318 2580 460 2667 capiatur.
507 2578 592 2665 Quae
614 2581 644 2644 in
667 2582 743 2646 huno
764 2583 879 2646 modum
902 2602 970 2646 sese
992 2581 1089 2646 hahet.

153 2683 307 2770 Principio
326 2684 355 2750 in
372 2683 596 2750 sublimitatibus
611 2683 687 2764 illis,
718 2705 793 2769 quae
810 2705 904 2769 acque
921 2685 986 2750 nisu
1004 2684 1112 2771 percipi
1130 2705 1225 2770 nequo
1243 2690 1360 2760 Gar-X!-

70 2789 270 2876 appellatione
296 2787 354 2851 ulla
382 2787 589 2872 comprehendi
611 2798 749 2872 possunt,
782 2789 943 2872 perlectum
962 2787 1062 2852 inesse
1081 2788 1225 2872 quendam

68 2895 207 2958 Aeonem
227 2899 382 2970 asserunt,
407 2909 492 2974 quem
511 2900 540 2954 et
557 2889 679 2974 primurn
696 2887 853 2954 Parentem
869 2902 901 2954 et
917 2887 1044 2978 Bytbom
1062 2891 1223 2956 nominent.

68 2991 177 3072 lluuc,
200 3013 266 3056 cum
282 2993 362 3058 nullo
379 2993 445 3058 loco
463 2993 607 3056 contineri
625 3013 679 3056 uec
695 2993 788 3057 videri
805 3005 922 3078 posset,
945 2994 1154 3078 sempiternum
1170 3013 1224 3057 uec

66 3095 199 3182 genitum
221 3094 251 3158 in
271 3095 369 3178 quiete
391 3105 478 3179 atque
493 3095 553 3158 otio
570 3095 690 3159 induitis
705 3115 913 3181 perseverasse
929 3096 1048 3160 seculis.
1089 3091 1224 3178 Quocum

68 3199 228 3264 Euboeam
244 3195 381 3262 extitisse
398 3197 519 3283 pariter,
543 3217 628 3281 quant
646 3197 693 3261 isti
709 3195 842 3262 Gratiam
856 3219 892 3261 oc
908 3195 999 3282 Sigen
1016 3208 1133 3261 norunt.
1178 3196 1225 3258 Ασ

69 3303 162 3368 luisse
187 3311 302 3385 tempus
319 3297 474 3384 eliquaudo
491 3321 556 3364 cum
574 3296 689 3385 Bythos
706 3299 756 3363 ille
774 3300 901 3364 omnium
923 3321 964 3364 cx
981 3319 1049 3363 sese
1068 3297 1224 3383 primordia

70 3405 236 3492 producere
248 3401 381 3466 noluerit
399 3423 434 3470 ee
452 3413 589 3486 tauquam
609 3400 740 3481 semion,
772 3402 893 3485 quaein
913 3399 1013 3485 Sigeo·
1024 3400 1174 3484 aequalem
1190 3419 1225 3462 ac

70 3527 239 3596 comparem
258 3525 339 3572 suam
356 3505 439 3591 quusi
455 3505 604 3570 matricem
619 3505 735 3569 infudit.
781 3501 854 3568 Eum
873 3524 961 3588 porro
978 3501 1090 3566 semiue
1106 3501 1155 3564 illo
1172 3521 1226 3566 cx·

71 3623 158 3698 cepto
180 3609 332 3695 grevillam
355 3609 470 3674 demum
493 3606 617 3672 similem
639 3607 766 3692 genitori
786 3627 840 3670 suo
859 3605 930 3670 Nun
950 3605 1155 3690 aequalemque
1176 3625 1226 3690 pe·

73 3715 205 3799 perisse,
237 3712 286 3796 qui
308 3711 388 3776 solus
411 3708 549 3775 Parentis
572 3709 799 3794 magnitudinem
825 3719 955 3794 caperet.
999 3705 1133 3771 Eundem
1155 3703 1225 3770 Nun

73 3817 161 3880 etiam
178 3811 343 3898 Unigensm
361 3813 528 3893 nominent,
551 3823 582 3877 et
596 3809 715 3876 Patrem
732 3823 762 3875 et
776 3809 954 3896 Principium
969 3831 1066 3874 rernm
1083 3808 1222 3888 omnium,

73 3937 200 4002 quocum
218 3936 275 3980 nna
292 3927 444 4002 procreato
461 3915 500 3980 sit
516 3912 649 3981 Veritas.
695 3912 780 3978 llaoo
796 3935 862 3979 esse
879 3913 999 3998 primum
1016 3933 1050 3976 oo
1065 3913 1224 3998 prinoipem

74 4021 152 4086 illam
167 4017 424 4108 Pythagoreorum
439 4019 624 4104 quadrigam,
650 4038 735 4102 quam
752 4029 782 4084 et
798 4017 1002 4082 universorum
1019 4015 1158 4081 Radicem
1176 4037 1227 4100 op·

106 4207 131 4261 l.
150 4205 196 4262 sent
212 4207 371 4261 multtatus
386 4213 480 4260 tuentur
495 4209 563 4259 codd
580 4209 634 4258 len.
668 4221 721 4259 eom
736 4201 857 4259 dcundum
875 4220 922 4258 esse
937 4208 1068 4270 suspiceris.
1102 4207 1148 4256 stu
1162 4205 1230 4252 ottter

73 4281 125 4329 Vol.
141 4279 250 4340 ttbstltp,
266 4279 446 4340 essentum.
480 4281 506 4330 tn
521 4277 589 4327 cdttt's
604 4279 637 4325 est
669 4279 730 4328 hunc
744 4279 946 4339 tceumcosrtpere
959 4279 1011 4325 sunt
1024 4277 1115 4334 eonott,
1131 4285 1230 4335 quorusn

73 4346 119 4400 stul
133 4345 271 4409 subdebat,
287 4347 351 4409 qnod
361 4347 499 4397 ιιιιιιάοιιιιιι
513 4360 559 4396 esse
573 4346 637 4394 oroi·
671 4350 799 4396 σσιιιιιισιιισ
816 4348 910 4395 struunt
926 4346 1016 4396 trunces
1032 4344 1150 4392 edtttomc

73 4421 131 4478 tros,
143 4429 290 4479 wornqnoso
303 4415 393 4466 trenoct
406 4413 502 4477 interpr.
512 4411 639 4464 demisisse
707 4413 729 4463 5.
751 4408 853 4480 πρώτην
872 4414 923 4464 eod.
944 4413 998 4462 len.
1032 4410 1129 4477 optinet
1147 4409 1230 4473 reliqui

72 4487 193 4535 mnusrttt.
228 4485 375 4534 Posticulum
392 4483 440 4536 etot
460 4489 514 4534 onte
531 4479 640 4536 eusebi·
674 4485 735 4534 ttbrs'.

74 4553 134 4604 abac
148 4558 211 4604 cestr
226 4549 310 4614 etiam,
322 4565 352 4604 ns
364 4565 418 4602 σιιιιι
431 4553 529 4604 Pctouto
544 4553 642 4615 altisque
708 4548 734 4602 6.
751 4545 899 4617 Tespoerrls
914 4549 951 4600 sd.
963 4549 1039 4616 princ.
