3100 4984
348 313 1002 367 canaanrnur.rom.u.aasa.xxxua
1155 303 1253 384 ,aab

96 433 282 498 recensenda
297 435 532 520 mutaturusque
549 435 677 520 nequitia
692 455 757 500 eum
773 433 1002 520 nobismetipsis,
1026 445 1085 499 tum
1102 435 1169 500 aliis
1181 457 1254 520 qno·

96 557 155 620 qne
167 536 266 600 divino
283 557 337 622 cpe
356 537 423 601 ireti
437 537 591 602 consulere
607 538 763 624 possimus.
799 534 894 621 Quam
909 539 944 602 ad
960 559 1022 602 rem
1037 537 1147 602 domini
1161 538 1255 604 nostri

97 639 259 704 doctrinam
278 661 312 704 ac
331 640 512 706 notissimam
532 641 664 706 veritatis
684 642 957 728 contemplationem
976 640 1194 719 adhibebimus,
1223 652 1255 706 ut

95 741 176 808 illam
193 764 336 828 myagron
352 744 500 830 viperam,
528 765 603 828 qnae
621 745 806 830 plurimarum
825 744 946 808 aliarum
963 745 1067 809 similis
1081 755 1144 824 est,
1174 744 1254 810 velut

96 846 271 931 evangelieo
292 846 393 912 calcco
416 847 618 932 proculcantes
641 859 756 912 ceteras
777 848 994 934 aggrediamur.

212 1089 580 1165 ADVERSUS
625 1089 1138 1182 PTOLEMAI'I'AS,

295 1209 1053 1306 mmemmmmXfflqmmfflssffl.
1153 1257 1157 1272 ·

180 1359 335 1427 Secundus
353 1362 444 1448 igitur
461 1374 548 1448 atque
566 1362 735 1450 Epiphanes
752 1361 858 1428 leidori
873 1363 1096 1428 cohortationes
1115 1363 1149 1426 ad
1167 1383 1251 1426 usum
1271 1369 1365 1438 capt

91 1475 197 1530 saetae
210 1486 281 1530 suae
295 1465 498 1551 opinionisque
514 1467 738 1532 transtulerunt.
769 1463 923 1532 Successit
937 1467 972 1530 iis
987 1464 1186 1544 Ptolemaeus,
1203 1465 1252 1550 qni

92 1569 166 1632 licet
181 1565 408 1646 Gnosticorum,
432 1569 481 1653 qni
498 1568 538 1633 ita
552 1570 703 1651 dicuutur,
729 1570 884 1649 haeresin,
913 1591 947 1633 ac
965 1567 1252 1646 Valentinianorum,

93 1691 153 1734 neo
172 1693 230 1736 non
249 1681 279 1736 et
298 1671 420 1736 aliorum
438 1673 618 1756 quorundam
636 1673 673 1736 sit
691 1673 862 1760 amplexus,
894 1672 1031 1736 nonnulla
1049 1681 1145 1736 maren
1164 1673 1200 1734 ad
1218 1691 1254 1735 ea

89 1793 173 1858 quae
194 1795 213 1838 a
231 1775 380 1860 magistris
398 1773 552 1854 hauserat,
584 1775 708 1854 adieci13
740 1775 822 1841 cuius
844 1775 931 1840 etiam
954 1775 1072 1839 nomiae
1090 1783 1253 1838 sectatores

92 1877 213 1961 quidum
228 1877 291 1942 eius
305 1877 481 1962 glorientur,
500 1901 573 1963 quos
585 1875 772 1942 Ptolemaeos
786 1879 947 1942 nominant.
978 1875 1035 1940 llic
1049 1877 1097 1942 ille
1112 1899 1176 1942 cum
1192 1877 1254 1942 suis

91 1977 288 2044 Ptolemaeus
308 1979 395 2064 longe
418 1981 453 2044 iis
476 2003 549 2066 qnos
568 1992 773 2067 praeceptores
793 1980 890 2044 habuit
910 1980 1074 2045 eruditione
1094 1980 1251 2066 praestitit,

95 2093 128 2147 et
140 2083 257 2147 illorum
271 2084 433 2146 doctrinam
446 2105 551 2168 magna
568 2084 738 2149 accessione
752 2083 921 2148 cumulavit.
950 2081 1068 2146 Etenim
1083 2085 1150 2162 den,
1168 2103 1252 2167 quem

93 2185 138 2250 illi
155 2181 274 2270 Bython
292 2185 454 2272 appellant,
480 2187 620 2270 coniuges
638 2188 710 2252 duas
727 2209 744 2252 a
760 2208 793 2252 se
812 2187 947 2252 inventas
964 2185 1112 2264 attribuit,
1137 2207 1209 2270 quas
1225 2195 1255 2250 et

92 2288 282 2353 Affectiones
301 2290 435 2368 vocarit,
460 2283 677 2374 Cogitationem
695 2289 831 2354 videlicet
849 2309 883 2353 ac
902 2286 1108 2365 Voluntatema
1132 2309 1253 2373 quarum

92 2390 180 2478 prior
200 2391 230 2454 in
255 2391 304 2456 illc
325 2413 442 2478 semper
462 2393 596 2456 existens
617 2413 652 2456 ac
670 2389 803 2476 cogitans
818 2390 924 2476 aliquid
941 2391 1130 2478 produxerit,
1161 2391 1253 2456 alteru

92 2515 169 2558 vero
194 2504 298 2578 postea
322 2495 471 2559 recentior
495 2494 666 2560 accesserit.
710 2492 840 2558 Primum
863 2493 959 2572 enim,
991 2494 1102 2579 inquit,
1133 2493 1169 2556 de
1189 2515 1254 2578 pro·

91 2596 227 2660 creando
242 2597 396 2680 cogitavit,
414 2597 519 2662 deinde
534 2597 636 2662 coluit.
682 2595 830 2680 Quocirca
845 2596 956 2661 duabus
970 2596 1007 2661 iis
1023 2595 1252 2676 dilectionibus,

91 2701 159 2765 sive
178 2697 362 2778 Virtutibus,
388 2721 453 2764 nam
473 2710 504 2763 et
521 2697 655 2766 Virtutes
672 2701 789 2764 eusdem
809 2711 912 2778 vocat,
938 2695 1124 2784 Cogitatione
1140 2719 1175 2762 ac
1192 2695 1254 2763 Vo-

92 2803 228 2881 luntate,
252 2801 335 2866 uelut
350 2801 476 2866 invicem
493 2802 665 2881 commistis,
690 2799 843 2887 Unigenae
856 2799 1059 2887 Veritatisque
1074 2823 1126 2888 par
1140 2812 1187 2865 cst
1200 2821 1254 2866 ex·

94 2916 206 2970 ortum.
261 2901 345 2988 Quas
373 2905 487 2989 quidem
516 2905 637 2968 duarum
660 2915 845 2990 paternarum
868 2905 1085 2984 dilectionum,
1120 2913 1254 2989 tanquam

94 3029 173 3093 qnae
198 3007 291 3072 videri
317 3017 484 3091 nequeunt,
518 3009 714 3094 aspectabilcs
736 3009 846 3093 bgnras
874 3031 909 3072 ac
932 3009 1090 3074 simulacra
1111 3008 1253 3093 prodiisse

94 3111 246 3174 sentiunt:
276 3107 445 3174 Voluntatis
464 3109 574 3174 scilicet
596 3109 777 3188 Veritatem,
803 3107 998 3194 Cogitationis
1019 3131 1090 3174 vcro
1109 3105 1251 3172 Meritum.

93 3214 145 3277 Ac
164 3233 217 3298 pcc
234 3209 424 3276 Voluntatem
442 3211 557 3296 quidem
575 3210 727 3300 lugenitnc
746 3209 944 3298 Cogitationis
961 3212 1116 3277 masculam
1132 3213 1253 3297 effigiem

92 3313 254 3393 extitisse,
286 3314 439 3400 ipsiusmet
466 3334 538 3380 vero
564 3314 748 3394 Voluntatis,
782 3316 936 3381 femineam
960 3315 1063 3378 inisse.
1109 3312 1255 3379 Voluntas

94 3439 171 3502 crgo
186 3413 385 3502 Cogitationis
399 3417 569 3482 administra
584 3419 629 3484 vis
646 3420 709 3482 luit.
752 3415 902 3501 Siquidem
918 3418 991 3482 haec
1006 3417 1122 3480 moreni
1137 3417 1173 3478 dc
1188 3438 1255 3502 pro-

94 3521 237 3585 ductione
252 3522 327 3606 apud
343 3541 377 3584 se
392 3521 552 3606 cogitaret,
584 3520 701 3586 minime
718 3529 814 3584 tamen
831 3541 884 3606 per
899 3519 1039 3602 seipsam
1055 3520 1189 3604 prolerre
1205 3539 1254 3582 co-

94 3623 191 3708 gitata
214 3623 318 3706 potnit.
365 3620 425 3690 Sed
448 3633 480 3688 ut
498 3621 668 3688 Voluntatis
690 3621 736 3686 ais
755 3623 899 3702 accessit,
929 3633 989 3686 tam
1012 3621 1087 3705 quod
1108 3621 1255 3706 cogitabat

95 3726 251 3812 produxit.

186 3824 215 3894 0
231 3827 337 3894 stultas
353 3825 503 3913 anilesque
521 3827 650 3894 labnlas!
696 3825 794 3894 Nemo
810 3828 905 3906 enim,
929 3827 978 3910 qui
995 3825 1139 3912 paululum
1159 3827 1256 3892 iudicii
1275 3841 1334 3891 cm.
1355 3841 1385 3892 tt.

96 3967 145 4016 det
158 3967 373 4028 Pseudo-orimus
388 3969 403 4015 t.
417 3968 433 4016 l.
468 3969 541 4030 Vatpo
556 3966 665 4036 estote-pi
698 3968 743 4018 rod
764 3963 808 4032 μὲν
823 3962 974 4048 Oehdpcrec
991 3961 1035 4017 adn
1051 3961 1133 4024 Neda,
1159 3959 1258 4030 arichi

96 4034 220 4101 προβολ.
698 4029 812 4094 Ἐννοὶας
829 4030 875 4100 τήν
902 4028 1040 4098 cadenaco·
1065 4031 1109 4084 scol
1126 4030 1169 4086 dcci
1185 4033 1258 4084 τοῦτο

135 4101 162 4154 7.
180 4118 217 4161 ως
232 4117 303 4160 τινας
319 4103 386 4153 hebet
403 4105 636 4166 Pseudo-Origenes.
699 4103 743 4156 τοῦ
758 4099 916 4169 danaes-mpod
930 4100 1080 4167 Θνλήματος
1091 4096 1105 4154 d
1118 4095 1257 4166 ἅρρενικὸς,

133 4169 162 4220 8.
179 4171 286 4223 διελθεῖν
299 4171 366 4220 hebet
376 4173 598 4233 Pseudo-ortanam.
618 4173 665 4222 tre·
699 4171 747 4238 τῆς
762 4167 794 4236 Ιδέ
810 4164 944 4236 ἀγεννήτων
955 4163 1100 4230 Ἐννοῑαςὸ
1119 4169 1199 4234 θῆλυς
1215 4165 1259 4222 daal

97 4239 159 4289 soei
179 4239 438 4304 consumpseram
459 4239 624 4306 etadgresaaa
645 4245 666 4290 et
699 4237 727 4293 cd
746 4238 854 4307 θέλημα
870 4231 953 4305 ὥςπερ
970 4235 1076 4304 δύναμις
1092 4235 1191 4303 ἐγένετο
1208 4236 1258 4302 τῆς

101 4321 249 4374 progressas
265 4309 370 4357 eumont.
699 4303 821 4367 Ἔννοίας.

137 4373 164 4425 9.
182 4375 249 4424 Reate
265 4377 312 4423 Vet.
325 4377 422 4437 interpr.
445 4375 597 4428 Thelemntis
609 4377 667 4446 qni·
736 4377 775 4427 10.
793 4375 886 4437 ἐννοίας
901 4379 952 4427 cod.
965 4379 1039 4427 Vatia.
1051 4380 1071 4425 ct
1084 4374 1138 4424 inde
1150 4375 1204 4423 edit.
1214 4375 1258 4424 t’e·

102 4442 166 4492 dem
179 4441 245 4498 Nun,
262 4443 376 4492 Ennoees
389 4453 471 4494 auten
485 4445 623 4506 Aletheicn,
642 4454 668 4495 et
700 4451 748 4495 ton.
788 4437 876 4504 adelae
892 4447 944 4494 cod.
958 4447 1055 4506 ltlredip.
1075 4447 1096 4491 et
1111 4443 1167 4492 edit,
1182 4443 1257 4503 princ.

101 4517 213 4578 propter
226 4509 278 4560 hoc
291 4508 446 4561 adventiciae
458 4511 598 4563 Voluntatis
612 4529 667 4562 ma·
700 4517 803 4564 Alteram
813 4516 955 4575 scripturum
968 4517 1065 4562 letatur
1077 4513 1147 4560 etiam
1161 4513 1207 4561 Vel.
1221 4511 1258 4561 ha·

103 4577 189 4629 acutae
204 4587 243 4629 est
253 4577 336 4644 imago
350 4585 402 4630 cett.
427 4582 535 4632 Prendo·
544 4583 667 4646 omnener:
701 4587 788 4645 terpras
803 4583 900 4634 lunen.
