3112 4984
312 289 374 354 256
736 295 857 348 smcrl
876 295 1043 346 mmm!

312 415 372 502 θήλ
394 417 446 483 καί
462 413 591 502 Ἐφραίμ
610 413 660 479 ἐπί
676 409 730 496 τήν
746 408 864 496 ὀρεινήν
880 407 1062 500 ύυερχομένρι
1080 409 1140 478 dm*
1156 417 1211 495 τῆς
1224 408 1380 500 Ἱεριχοῦς,
1408 416 1459 480 καί

311 517 512 602 άντιβάλλουττ
527 513 602 602 πρδς
619 510 711 580 αύτδν
726 515 794 599 περί
809 518 862 597 τῆς
876 521 931 578 τοῦ
949 521 1078 599 Χριστοῦ
1093 518 1273 600 παρουσίας,
1302 517 1353 582 ταί
1366 513 1459 582 αύτού

312 620 354 705 μή
371 618 574 704 ἀντιλέγοντος.
619 615 803 700 Θαυμάζοντι
821 617 854 680 δέ
870 641 936 698 μοι,
958 618 1008 682 καί
1025 619 1170 702 ἐρωτῶντι
1185 615 1276 684 αύτύν
1291 616 1346 700 τήν
1362 621 1458 684 αἰτίαν

313 718 364 806 (ἦν
378 720 432 808 γάρ
449 721 500 786 ιιαλ
512 717 690 802 νομομαθής
701 719 752 784 καί
766 715 931 798 δυνάμενος
943 714 1107 804 άντιλίγειν)
1121 722 1202 794 τίνος
1213 717 1298 803 χάριν
1311 717 1368 786 ούκ
1382 717 1457 786 άντι·

311 827 401 910 λέγει,
432 818 502 888 άλλά
521 825 655 887 πείθεται
672 823 738 904 περί
758 823 889 905 Χριστοῦ
903 816 999 902 Ἰησοῦ
1017 827 1071 886 τοῦ
1087 825 1193 906 κυρίου
1213 817 1311 903 ήμῦν,
1340 819 1459 888 άιιούων

312 925 349 992 τά
364 930 500 1001 τοσαῦτα,
522 920 696 1004 άπεκάλυψέ
710 947 762 1004 μοι
777 924 828 986 καί
841 913 929 998 οὗτος
944 918 986 998 τίς
1000 924 1110 1005 μέλλων
1122 930 1255 988 τελευτᾶν
1266 921 1375 1006 ἥκουσι
1390 920 1459 1009 παρ’

312 1027 410 1095 αύτῦν
427 1029 469 1103 είς
484 1023 578 1108 άκοήν
593 1022 681 1090 ω’τίου
698 1026 729 1090 ἐν
743 1030 920 1111 ψιθυρισμῷ
935 1022 996 1102 ὅτι,
1023 1021 1137 1105 Ἰησοῦς
1153 1023 1281 1110 Χριστύς
1295 1022 1314 1090 ύ
1329 1046 1458 1111 σταυρω·

311 1133 378 1206 θεὶς
391 1129 458 1206 υίύς
470 1135 524 1194 τοῦ
537 1133 614 1193 θεοῦ
628 1127 722 1209 μέλλει
735 1147 767 1190 σε
782 1129 899 1210 κρίνειν.
940 1122 1023 1190 'And
1036 1123 1127 1192 ταῦτά
1142 1152 1193 1209 μοι
1205 1129 1272 1212 περὶ
1284 1125 1398 1192 τούτων
1409 1129 1459 1192 καί

311 1229 387 1300 κατά
408 1238 514 1297 τοῦτον
534 1227 586 1295 τύν
606 1226 693 1313 λύγον
712 1229 844 1294 ἐνταῦθα
866 1253 916 1310 μοι
936 1230 967 1304 ἐξ
983 1225 1128 1312 άληθινῆς
1147 1226 1241 1312 άκοῆς
1256 1233 1458 1315 παρακείσθω.

185 1442 251 1508 Κεφ·
268 1432 292 1494 ί·
387 1434 455 1502 Ἔτι
470 1435 502 1500 δέ
518 1430 690 1516 ύἸιύσηπος
706 1433 738 1498 ἐν
753 1429 831 1518 νύσρι
847 1423 901 1513 ήν,
923 1433 975 1497 καί
990 1429 1121 1508 α’κούοτς
1136 1430 1217 1516 παρά
1233 1437 1286 1498 τοῦ
1303 1435 1458 1520 πρεσβυτί-

314 1565 384 1626 ρου,
407 1534 448 1613 σύς
462 1544 618 1621 προεῖπον,
641 1533 712 1617 μετά
725 1539 784 1598 τῶν
799 1531 890 1600 άλλων
903 1531 957 1614 ὅτι,
977 1531 1090 1616 Ἰησοῦς
1107 1533 1236 1620 Χριστός
1248 1557 1281 1600 σε
1293 1545 1397 1620 κρινεῖ,
1417 1539 1460 1602 ἔτι

315 1637 513 1724 ἐσκληρύνετο.
554 1633 587 1701 ‘0
609 1637 641 1700 δὲ
661 1634 765 1720 κύριος
785 1634 873 1700 πάλιν
894 1633 970 1720 πρύς
986 1634 1077 1701 αύτύν
1092 1634 1166 1701 κατά
1182 1635 1235 1720 τήν
1251 1635 1344 1704 αύτοῦ
1358 1647 1458 1717 φιλαν-

313 1745 454 1828 θρωπίαν
467 1736 506 1805 δι’
520 1736 668 1824 δράματος
682 1740 831 1814 ἐνυπνίου,
851 1733 937 1816 Ἰδού,
954 1739 1056 1821 φησὶν,
1079 1741 1168 1822 ίιδμαί
1183 1760 1225 1818 σε,
1246 1737 1317 1804 ύλλά
1333 1737 1460 1816 άναστάς

315 1851 440 1910 πίστευε.
470 1837 612 1915 Ἀναστάς
625 1840 658 1904 δέ
670 1839 757 1904 πάλιν
769 1835 829 1903 άπύ
842 1845 894 1922 τής
908 1837 998 1905 νύσου
1011 1839 1067 1905 ούκ
1081 1844 1253 1906 ἐπίστευσεν.
1285 1838 1460 1926 ‘nulnum

316 1946 349 2011 δέ
364 1942 443 2033 αύτῷ
456 1947 591 2024 φαίνεται
605 1938 622 2006 ά
636 1938 740 2027 κύριος
752 1939 839 2006 πάλιν
850 1938 913 2005 κατ’
926 1939 1009 2027 ὄναρ,
1026 1945 1156 2028 ἐγκαλοῦν
1170 1941 1249 2031 αύτιγῦ
1260 1939 1300 2009 δι’
1312 1943 1350 2026 ἣν
1362 1945 1460 2010 αίτίαν

193 2069 243 2114 m·
259 2055 302 2098 Ν
317 2045 372 2114 ούκ
389 2049 563 2112 ἐπίστευσεν.
604 2041 822 2129 Ἐπαγγέλλεται
836 2043 868 2108 δέ
881 2040 960 2130 αύτῷ
976 2045 1068 2128 λέγων
1082 2041 1101 2110 ύ
1117 2043 1221 2130 κύριος
1235 2043 1295 2126 ὅτι,
1317 2048 1375 2122 Είς
1388 2053 1457 2128 πλιγ

316 2153 465 2238 ροφορίαν
480 2151 605 2221 πίστεως
622 2148 652 2210 εί
664 2171 692 2208 τι
708 2143 809 2229 βούλει
825 2146 857 2210 ἐν
874 2142 997 2228 ύνύματί
1012 2172 1068 2228 μου
1084 2145 1260 2228 θεοσήμειον
1276 2147 1460 2234 ἐργάσασθαι

316 2249 501 2326 ίπικάλεσαι,
530 2245 612 2332 κάγοδ
634 2245 758 2329 ποιήσω.
800 2245 992 2329 Μαινύμενος
1013 2249 1045 2312 δέ
1066 2273 1110 2324 τις
1130 2240 1168 2330 ἦν
1187 2249 1220 2313 ίν
1239 2256 1276 2336 τῇ
1297 2248 1396 2328 πόλει,
1425 2247 1459 2323 ὃς

315 2351 426 2441 γνμνύς
441 2349 495 2434 τήν
511 2347 596 2416 πάλιν
612 2346 739 2437 περιῄει,
770 2350 847 2430 φημί
865 2349 897 2412 δέ
916 2350 947 2414 ἐν
969 2348 1131 2435 Τιβεριάδι,
1160 2349 1212 2414 καλ
1229 2347 1367 2426 πολλάκις
1382 2351 1457 2416 ἐνδι·

317 2453 497 2536 διωκόμενος
512 2450 566 2534 τήν
582 2454 693 2533 ἐσθῆτα
710 2448 912 2538 διερρήγνυεν,
941 2447 982 2527 τίς
997 2453 1070 2526 ἔθος
1084 2459 1146 2527 τοῖς
1160 2449 1313 2526 τοιούτοις.
1353 2449 1388 2516 ‘O
1404 2447 1459 2518 ούν

313 2543 455 2638 Ἰώσηπος
468 2553 647 2637 βουλόμενος
660 2554 692 2618 ἐν
704 2557 791 2640 πείρᾳ
804 2555 941 2639 γενέσθαι
953 2560 1007 2618 τοῦ
1023 2551 1184 2638 δράματος,
1206 2552 1347 2630 διστάζων
1361 2555 1394 2619 δέ
1407 2557 1457 2634 ἐτι,

317 2661 399 2723 αίδοῐ
409 2661 560 2738 κατείχετο.
598 2654 828 2740 Παραλαριβάνει
841 2661 913 2740 γοῦν
928 2661 1030 2720 τοῦτον
1043 2657 1138 2732 ἐνδον,
1153 2655 1203 2720 καί
1217 2653 1395 2731 άποκλείσας
1405 2656 1460 2738 τήν

315 2756 431 2843 θύραν,
454 2757 534 2842 ύδωρ
548 2780 579 2820 τε
593 2755 691 2837 λαβούν
707 2759 748 2832 τίς
760 2755 815 2838 τήν
830 2765 925 2840 χεῖρα,
946 2759 998 2822 καί
1012 2761 1177 2842 σφραγίσας
1197 2755 1307 2836 ιαύτύ,
1330 2757 1459 2842 ἐρράπι-

317 2881 367 2926 σεν
384 2861 433 2925 ἐπὶ
447 2855 500 2923 τύν
515 2859 626 2939 ἐμμανῆ
641 2855 819 2941 άνθρωπον,
840 2858 953 2940 φήσας,
973 2855 1022 2923 Ἐν
1039 2856 1159 2940 ύνόμτιτι
1175 2866 1228 2924 τοῦ
1241 2857 1337 2941 Ἰησοῦ
1355 2867 1457 2938 Nasu·

317 2966 404 3049 ραίου
418 2967 471 3025 τοῦ
485 2959 707 3042 σταυρωθέντος
722 2961 819 3035 ἐξελθε
834 2959 868 3024 τύ
885 2959 1039 3043 δαιμόνιον
1052 2958 1102 3024 ἀπ’
1118 2958 1224 3038 αύτοῦ,
1245 2963 1296 3026 καλ
1313 2959 1399 3046 ύγιής
1412 2964 1460 3046 γέ·

316 3089 410 3146 νήται.
452 3059 486 3125 ‘0
507 3062 539 3126 δέ
558 3059 719 3142 ἅνθρωπος
734 3058 899 3147 άνακράξας
920 3065 994 3146 μίγα
1014 3063 1065 3126 καὶ
1082 3065 1171 3145 χαμαὶ
1186 3061 1301 3142 πεσιύν,
1330 3060 1459 3146 άφρίσας

317 3162 408 3232 πολλά
421 3165 472 3229 καί
484 3164 675 3248 σπαραχθείς,
691 3163 783 3244 ἐμεινε
796 3162 905 3244 πολλήν
921 3165 1000 3246 ύραν
1015 3160 1160 3246 άιιίνητος.
1188 3162 1328 3247 Ἰούσιγπυς
1339 3165 1372 3228 δέ
1387 3161 1458 3230 ύπε·

316 3265 405 3351 νύτγσε
417 3264 471 3332 τύν
482 3264 645 3352 ἄνθρωπον
657 3263 811 3330 τεθνάναι·
830 3261 848 3331 ύ
862 3266 894 3330 δὲ
905 3264 977 3346 μετά
989 3263 1068 3349 ύίραν
1080 3265 1308 3351 διατριψάμενος
1320 3263 1353 3330 τύ
1366 3265 1459 3348 πρός-

318 3395 399 3436 ωπον
421 3365 541 3452 άνίστιγ,
574 3367 647 3431 ’καί
664 3364 815 3449 θεώμενος
836 3365 889 3448 τήν
910 3369 988 3432 ἰδίαν
1005 3366 1151 3452 γύμνωσιν
1172 3367 1276 3434 ἐαυτύν
1300 3369 1460 3452 ὓέτρυπτε,

316 3474 366 3536 καί
383 3469 436 3547 τάς
451 3479 548 3556 χεῖρας
563 3470 612 3534 ἐπί
628 3474 663 3556 τή
680 3467 801 3558 αίσγύνρ
819 3469 960 3550 ἐπετίθει,
988 3471 1091 3551 μηκέτι
1105 3471 1205 3554 φέρων
1223 3473 1296 3536 ίδεῖν
1310 3469 1365 3553 τήν
1382 3474 1461 3536 ίδίαν

317 3571 473 3658 γύμνωσιν.
514 3568 640 3654 Ἰμάτιον
655 3570 689 3634 δέ
704 3568 773 3655 παρ’
790 3565 881 3634 αὐτοῦ
897 3577 949 3636 τοῦ
963 3568 1120 3654 Ἰωσήπου,
1151 3574 1181 3648 ἐξ
1197 3563 1238 3636 ύν
1258 3568 1347 3654 εἶχεν,
1376 3575 1461 3640 ἐνδυ·

315 3675 399 3752 θεὶς,
428 3677 469 3749 είς
485 3671 662 3738 κατάστασιν
677 3673 819 3748 συνέσεως
833 3673 885 3736 καλ
901 3679 1109 3759 σωφρονισμοῦ
1126 3671 1237 3752 ἐλθύν,
1265 3679 1306 3761 τρῑ
1324 3697 1355 3738 τε
1372 3671 1462 3760 άνδρλ

317 3771 409 3838 πολλά
423 3771 630 3861 εὐχαριστήσας
644 3776 695 3838 καί
709 3779 772 3860 θεῷ
779 3822 788 3851 ,
818 3771 907 3858 γνούς
922 3773 967 3840 ὅτι
982 3771 1020 3839 δι’
1036 3772 1128 3841 αύτοῦ
1142 3777 1221 3857 ἐτυγε
1235 3781 1289 3856 τῆς
1303 3781 1461 3861 σωτηρίας,

317 3875 349 3940 ἐν
363 3881 399 3962 τῇ
414 3873 493 3940 πόλει
509 3875 658 3958 διεφήμιζε
673 3873 725 3940 τύν
739 3872 846 3958 άνδρα,
868 3876 920 3940 καλ
934 3874 1061 3961 γνωστύν
1075 3878 1185 3962 ἐγίνετο
1202 3885 1263 3952 τοῖς
1278 3879 1371 3942 ἐκεῖσε
1386 3875 1463 3943 ’lov-

317 3978 413 4050 δαίοις
429 3983 514 4040 τοῦτο
530 3975 563 4043 τύ
580 3985 708 4060 σημεῖον.
753 3975 883 4062 Θρύλλος
898 3977 930 4042 δέ
946 3975 1038 4053 πολύς
1048 3974 1251 4059 ἠκολούθησεν
1264 3981 1296 4044 ἐν
1310 3987 1346 4068 τῇ
1364 3978 1463 4060 πόλει,

316 4078 458 4164 λεγύνεων
477 4075 537 4156 δτι,
564 4075 711 4160 Ἰύσήπος
730 4077 766 4142 τά
783 4077 982 4162 γαζοφυλάκια
998 4076 1129 4158 ύνοίξας,
1157 4081 1208 4145 καί
1223 4077 1318 4166 εύρύν
1335 4105 1464 4166 γεγραμ.

317 4181 405 4264 μένον
425 4175 457 4243 τύ
480 4176 575 4261 ὄνομα
595 4187 648 4244 τοῦ
667 4187 758 4258 θεοῦ,
786 4181 838 4245 καί
857 4177 1018 4265 άναγνούς,
1047 4191 1152 4265 σημεῖα
1172 4181 1281 4268 μεγάλα
1302 4181 1464 4268 ἐργάζεται.

310 4274 367 4348 Ἠν
389 4281 421 4346 δέ
444 4277 552 4363 ύληθές
571 4278 604 4346 τύ
626 4277 676 4344 ύπ’
697 4280 795 4347 αύτιῦν
811 4279 982 4370 λεγόμενον,
1013 4281 1067 4367 ούγ
1088 4282 1128 4361 ύς
1145 4285 1177 4351 δέ
1198 4281 1284 4352 αύτολ
1300 4281 1463 4352 ύπευύσυν.

352 4436 411 4488 σιν.
428 4437 463 4488 Χ.
479 4463 514 4476 ·-
542 4435 564 4488 1.
580 4429 643 4490 αύτδ
667 4439 716 4487 σοιλ
731 4439 828 4502 λιτάς.
851 4443 872 4490 τε
938 4437 962 4488 2.
981 4439 1025 4494 καὶ
1041 4434 1152 4500 ἀναστάς
1168 4439 1212 4494 καλ
1228 4437 1382 4507 θεασάμενος
1407 4445 1465 4494 τοῦ.

315 4499 371 4555 ωτι
387 4508 449 4556 ωτι.
482 4500 511 4558 τε
530 4497 599 4572 ῦοορ
616 4505 683 4555 τινα
697 4507 747 4557 τοι
765 4508 838 4557 vacce.
906 4509 978 4559 νιια.
