3100 4984
386 321 520 374 nautam
537 323 629 375 utar.
646 322 730 375 ron.
743 323 775 376 ιι.
794 323 890 375 maan.
904 323 1006 374 xxxr.
1214 311 1275 376 379

28 443 33 456 “
122 452 207 508 retae
227 440 308 528 prius
325 451 430 528 gentes
450 441 480 506 io
496 442 572 507 idem
590 463 655 506 cum
672 442 782 508 sanctis
797 441 844 508 ius
863 441 1031 508 hereditatis
1048 464 1084 508 se
1102 443 1191 510 velati
1211 465 1275 509 cor·

126 565 180 630 pus
196 553 228 610 et
244 544 414 610 serietatem
434 563 451 606 a
470 545 525 608 deo
545 544 652 612 luerim
671 543 800 610 uscitacr
831 545 880 629 qui
901 544 964 608 lieri
982 546 1076 632 possit
1095 559 1125 610 ut
1144 547 1275 612 mortalis

123 646 182 712 ista
198 647 354 712 caruncula
369 647 632 726 immortalitatem,
658 657 688 712 et
703 647 890 732 corruptibile
903 647 957 712 boc
970 648 1216 734 incorruptionem
1230 649 1274 714 in·
1289 666 1306 708 ι.
1317 663 1418 710 cenna.

123 749 211 827 duat,
243 759 294 814 unt
310 749 549 832 quemadmodum
569 749 698 814 dicturus
716 751 772 827 sit,
802 753 868 812 Noe
880 754 1002 832 popalus
1012 755 1135 832 populas
1150 758 1221 826 em't,
1245 763 1275 816 et
1286 717 1414 840 0235*st

122 873 180 914 non
201 854 305 914 dilecta
326 855 443 925 dr'leeta,
475 853 619 935 quomodo
638 855 739 915 Plures
755 856 898 926 desertae,
930 875 1013 935 qrrarn
1035 858 1124 916 arbam
1146 855 1273 916 babean'r
1287 853 1426 908 ΜΒΝ·

121 959 185 1018 erint
195 957 269 1036 filei.
315 951 393 1018 Nam
416 957 452 1018 de
475 954 520 1018 tris
541 974 576 1019 ac
597 953 740 1018 similibus
758 955 906 1018 exclamat
920 953 1084 1040 aposlolus:
1116 960 1275 1020 Oaltitude
1285 921 1427 1043 fflffiii

121 1061 284 1120 dimidiarum
301 1077 335 1120 aa
351 1061 514 1138 sapientiae,
538 1069 567 1119 et
578 1061 712 1120 scienciae
724 1063 789 1120 dei!
808 1079 891 1139 quam
906 1058 1194 1140 incomprehensibilia
1209 1055 1426 1120 ,unguentate

124 1163 231 1222 amem
251 1163 328 1233 erbe,
358 1171 387 1222 et
407 1161 615 1240 rbeerb'gnbiles
637 1166 698 1222 usae
719 1165 799 1222 enies!
842 1157 912 1224 Non
937 1160 965 1224 id
988 1170 1083 1224 autem
1105 1170 1213 1244 agunt,
1246 1171 1277 1224 ut

123 1281 214 1346 supra
229 1257 402 1326 Creatorem
418 1283 453 1326 ac
468 1257 659 1326 Conditorem
673 1262 776 1326 borum
788 1259 916 1326 Matrem
932 1283 967 1326 ao
978 1262 1045 1346 vagi
1057 1261 1171 1327 Aeonis
1186 1258 1276 1346 Cogi·

124 1363 266 1426 udonem
289 1363 363 1428 male
386 1362 659 1443 comminiscantur,
694 1387 729 1427 ac
752 1375 809 1428 tam
831 1364 975 1448 insignem
998 1367 1053 1429 deo
1073 1363 1275 1430 contumelium

123 1465 246 1544 iaciant,
271 1486 364 1551 neque
380 1477 411 1531 ut
423 1465 560 1532 Pleroma
575 1467 675 1532 nescio
688 1467 764 1552 quod
777 1467 827 1532 illa
843 1466 978 1552 superius
994 1467 1079 1530 modo
1093 1463 1190 1530 XXX
1205 1466 1276 1530 dun·

123 1577 209 1630 taxat
232 1567 384 1632 Aeonibus
405 1568 561 1648 definiant,
595 1571 680 1632 modo
702 1569 842 1634 indultam
866 1570 982 1633 illorum
1001 1568 1148 1632 nationem
1168 1567 1277 1633 consti·

123 1681 226 1749 taant,
260 1681 292 1734 nt
314 1671 425 1756 egregii
445 1671 487 1735 illi
511 1671 641 1756 magistri
664 1691 698 1734 ac
720 1671 817 1736 divina
841 1672 924 1757 plane
944 1671 1068 1736 scicntia
1085 1671 1214 1736 destituti
1234 1671 1275 1734 la·

124 1772 224 1851 ciunt,
255 1793 320 1838 oum
339 1795 396 1838 uns
413 1775 572 1858 eademque
589 1773 645 1851 sit,
671 1783 702 1838 ut
717 1772 862 1854 diximus,
887 1783 948 1838 toto
966 1774 1036 1839 orbe
1053 1795 1210 1858 germanae
1229 1793 1276 1838 eo·

127 1874 238 1938 clesiee
261 1874 344 1940 lides.

208 1977 277 2062 Age
300 1997 372 2042 vero
394 1977 543 2043 videamus
562 1978 647 2042 modo
665 1989 772 2063 quanta
790 1979 829 2042 sit
847 1978 968 2042 duorum
987 1978 1035 2042 vel
1053 1978 1139 2044 mium
1155 1979 1277 2044 istorum
1326 1991 1385 2055 cap.

123 2078 340 2157 inconstantia,
369 2090 456 2164 atque
471 2080 509 2144 de
524 2080 625 2146 iisdem
643 2101 701 2144 neu
717 2081 819 2145 eadem
836 2081 1047 2168 pronuncient,
1075 2081 1126 2146 sed
1145 2091 1174 2144 et
1190 2080 1278 2145 rebus
1289 2057 1413 2110 mm·

124 2180 200 2266 ipsis
216 2191 249 2246 et
264 2181 415 2246 vocabulis
433 2203 499 2246 asa
513 2181 639 2248 invicem
657 2182 842 2246 dissentiant.
888 2181 1005 2246 Etenim
1021 2183 1102 2267 qnia
1121 2181 1279 2248 Gnostico-

126 2305 192 2348 rum
207 2282 322 2348 ltaeaesi
335 2285 502 2372 deprompta
517 2285 657 2369 quaedam
672 2283 754 2348 initia
768 2285 875 2369 primus
889 2284 1043 2372 peculiaris
1055 2286 1089 2349 sd
1103 2295 1203 2348 sactae
1219 2285 1278 2348 l'or·

125 2407 203 2450 mam
222 2385 386 2465 transtulit,
419 2385 593 2452 Valentinus
610 2387 650 2450 ita
667 2385 794 2451 definiit:
824 2383 973 2450 Binarium
991 2387 1132 2471 quendam
1146 2386 1211 2450 sine
1226 2407 1277 2450 uo·

127 2488 205 2552 mine
223 2488 386 2568 coustituit,
410 2509 450 2553 ex
466 2487 596 2552 Arrheto
611 2499 641 2554 et
656 2485 727 2572 Siga
745 2499 939 2553 constantem.
985 2489 1032 2552 Ab
1049 2489 1103 2553 lroc
1119 2488 1278 2554 secundum

126 2601 317 2676 propagatum
333 2610 400 2656 esse
417 2587 585 2668 Binarium‚
609 2611 666 2674 quo
683 2587 823 2654 Paterae
839 2589 958 2657 Veritas
977 2591 1154 2656 continetur.
1200 2589 1279 2656 Tum

125 2713 166 2760 cx
186 2689 387 2776 Quaternario
411 2689 539 2756 Verbum
563 2702 594 2755 ct
617 2690 734 2771 Vitam,
764 2692 938 2773 Hominem,
971 2691 1192 2778 Ecclesismque
1212 2715 1279 2780 pro-

125 2795 235 2873 diisses
259 2795 333 2858 banc
349 2814 416 2858 esse
432 2793 552 2878 primam
568 2791 749 2878 Ogdoadem.
789 2792 861 2860 lnde
875 2817 912 2862 ex
930 2794 1030 2860 Verbo
1046 2817 1080 2860 ac
1095 2793 1164 2862 Vita
1179 2797 1279 2862 decem

126 2895 306 2982 produxisse
323 2892 475 2974 Virtutes,
507 2917 579 2979 quas
596 2906 682 2960 arttca
701 2897 869 2962 retulimus=
902 2899 938 2962 ab
955 2897 1082 2962 Homine
1099 2909 1129 2962 et
1144 2897 1280 2964 Ecclesia

126 2997 300 3076 duodecim
332 3019 349 3062 a
378 2998 483 3082 quibas
513 3018 571 3062 uua
598 2998 738 3062 deliniens
761 2999 950 3084 ordinemque
976 3001 1116 3065 deserens
1138 3000 1279 3086 reliquum

126 3121 215 3166 omne
236 3121 310 3185 opus
332 3099 469 3164 absolvit.
514 3099 633 3164 Adiecit
653 3111 683 3164 et
701 3099 800 3166 lloros
822 3102 911 3180 duos,
944 3101 1065 3166 alterum
1083 3102 1130 3187 qui
1149 3099 1279 3187 Bytbum

127 3203 208 3268 inter
228 3223 264 3266 ac
281 3200 419 3267 Pleroma
436 3201 577 3286 reliquum
596 3203 750 3268 intercedit
771 3214 802 3266 et
818 3203 933 3287 genitos
950 3204 1071 3268 Aeonas
1093 3203 1129 3268 ab
1146 3201 1279 3286 ingenito

128 3303 218 3370 Patre
240 3304 367 3384 dirimit,
401 3303 525 3368 alterum
550 3305 599 3388 qui
622 3301 747 3370 Matrem
772 3304 888 3368 illorum
913 3327 930 3370 a
951 3303 1116 3370 Pleromate
1138 3305 1277 3370 secernit.

129 3403 281 3472 Christum
300 3428 388 3492 porro
405 3428 464 3470 uon
481 3429 499 3471 a
517 3405 691 3472 Pleromatis
711 3406 862 3470 Aeouibas
883 3408 1007 3486 editum,
1039 3407 1091 3472 sed
1110 3407 1147 3472 ab
1166 3407 1279 3472 extorri

127 3507 229 3574 blane
258 3527 296 3572 ex
319 3508 470 3574 meliorum
494 3509 696 3573 recordatione
721 3529 785 3572 cam
811 3508 932 3592 quadam
957 3509 1059 3573 umbra
1082 3519 1277 3595 procreatum.
1325 3525 1330 3534 ·

127 3609 334 3696 Eundcmque‚
358 3622 517 3676 comesset
531 3610 688 3688 masculus,
712 3609 825 3674 abiecta
841 3631 858 3674 a
871 3621 964 3674 semet
978 3611 1078 3676 umbra
1094 3613 1129 3676 sd
1145 3609 1279 3677 Pleroma

128 3713 312 3794 recurrisse,
341 3711 468 3778 Matrem
487 3733 559 3778 vero
575 3733 639 3778 oum
656 3713 757 3778 umbra
773 3713 904 3778 relictam
925 3733 960 3776 sc
977 3713 1100 3799 spiritali
1116 3715 1279 3780 substantia

129 3818 306 3882 exhaustum
329 3815 415 3881 alium
439 3835 612 3898 procreasse
637 3815 745 3897 lilium,
778 3815 915 3880 videlicet
937 3810 1148 3897 Conditorem,
1180 3817 1227 3882 cui
1250 3819 1279 3882 iu

127 4011 211 4072 ratpot
225 4009 287 4056 libri.
320 4001 379 4057 τότε
393 4001 438 4071 pla
454 4006 467 4056 λ
482 4003 530 4072 (uel
544 4001 688 4070 τριάκοντα)
722 4019 790 4068 ram,
813 4009 838 4056 in
853 4019 898 4067 qao
914 4006 997 4070 bpitm
1012 4002 1185 4074 ἐξηφόρησιι,
1208 4021 1281 4072 aaran

129 4078 250 4126 emendant
266 4076 387 4124 calumum
403 4074 487 4122 lbonlo
504 4075 624 4134 llueneur,
641 4073 689 4122 llil·
723 4075 843 4134 culpatnm
867 4067 1061 4139 ἰξηροφόρησει.
1100 4077 1146 4126 l'et.
1168 4077 1281 4137 inureres

126 4147 190 4206 lius,
206 4145 318 4196 metes.
477 4183 479 4188 .
723 4141 790 4190 boort
812 4138 861 4202 Qui
877 4139 943 4190 enirn
959 4151 998 4191 est
1014 4142 1106 4208 primus
1123 4143 1155 4194 ab
1171 4159 1201 4194 ee
1217 4159 1280 4210 quse

165 4213 205 4264 10.
220 4205 308 4276 πάσης
322 4211 469 4261 desideratur
484 4213 510 4259 in
526 4210 575 4260 eod.
592 4211 646 4258 Ven.
724 4205 814 4258 dicitnr
832 4207 952 4258 Gnostice
969 4209 1092 4274 haeresis,
1119 4210 1231 4278 antiquae
1254 4209 1279 4262 in

165 4279 224 4330 Cur.
235 4277 357 4330 xxxta.
368 4305 400 4316 -
416 4279 437 4330 l.
451 4271 572 4343 οἰὸμασιι
583 4273 690 4336 καὶτοῖς
722 4291 793 4326 sacrm
807 4274 974 4327 characterem
988 4277 1114 4329 doctrines
1127 4279 1278 4330 transtereas

128 4345 276 4416 πράγμασιν
292 4347 343 4400 sed.
361 4347 415 4396 len.
448 4347 554 4397 Eandem
568 4347 690 4398 anamma
723 4341 867 4394 Valentinus
881 4343 1053 4396 sindeliuivit:
1069 4345 1214 4398 dualitatem
1228 4353 1278 4398 cett.

128 4421 236 4470 oraim
252 4419 310 4464 trnst
329 4415 375 4466 Vct.
388 4415 509 4477 interpres
755 4411 780 4464 3.
798 4407 881 4466 cirria
904 4415 955 4464 eod.
972 4415 1027 4466 Vra.
1051 4417 1139 4478 iacens
1158 4429 1212 4466 cum
1232 4417 1278 4468 t'et.

162 4485 188 4538 2.
206 4478 355 4552 ἐξαφόριιιιι
369 4485 459 4532 renim
471 4496 522 4532 meo
534 4484 638 4544 perlecto
652 4495 689 4533 ss·
720 4483 850 4544 antemius.
886 4483 960 4545 Vulgo
977 4487 1041 4532 estut
1056 4477 1136 4550 αὐτῷ.

129 4555 341 4614 ωιωωιιπριιιιι
350 4554 428 4613 canals
441 4553 492 4602 rod.
504 4551 578 4600 Venst.
590 4553 689 4612 seriptu-
756 4545 779 4600 4.
796 4547 1010 4616 προςειίγκαιιθαι
1025 4551 1076 4601 cad.
1094 4553 1146 4602 Van
