3080 5002
368 251 504 304 tumtun
519 252 583 304 Llli.
596 253 614 303 l.
631 252 712 304 totu.
728 251 770 302 lli.
789 251 887 303 utun.
900 249 1013 314 XLVL,
1196 240 1257 300 715

98 387 162 440 tem
185 395 268 438 suom
290 383 430 459 perpetuo
453 373 561 438 sudore
582 393 618 436 nc
636 370 737 436 labore
755 352 950 456 transigeret,
982 381 1069 454 atquc
1087 389 1105 436 e
1123 366 1259 436 Peredisi
1313 386 1318 398 ·

97 476 224 563 regione
250 476 388 560 degeret,
418 497 475 560 quo
498 495 538 540 ex
564 475 658 540 lelicis
683 473 819 538 domicilii
842 473 1046 538 recordatione
1068 471 1259 538 vehementer

98 601 170 644 enm
190 578 372 666 poeniteret,
405 577 480 642 huno
498 578 615 662 inquom
634 599 755 642 servare
773 577 892 641 minime
910 575 1055 663 potuerit,
1088 585 1137 640 out
1158 586 1190 640 nt
1208 597 1259 662 po·

97 683 193 750 tuerit
210 681 489 746 misericordiam
464 703 490 744 er
513 681 619 746 nullum
639 679 814 744 adhibuerit.
859 677 938 764 Quid
962 679 1040 744 eninr
1060 699 1181 744 ouussue
1206 679 1259 742 init

97 807 155 850 cnr
175 781 313 850 Chmstus
331 786 366 848 ed
383 783 496 848 interos
514 805 607 868 usquc
625 783 835 862 descenderet,
868 793 919 847 ant
935 783 1032 848 triduo
1046 781 1176 868 sepultus
1194 792 1261 868 post

96 887 271 972 passionem
289 887 477 972 resurgeret?
520 885 579 971 Qui
599 907 687 973 porro
704 886 780 950 istnd
799 884 951 967 impletur.
987 889 1023 950 tu
1038 890 1156 948 mortuis
1174 889 1300 948 vicmo
1270 900 1300 942 so
1301 901 1317 944 t.
1331 897 1364 954 ro,
1377 897 1410 940 ιι

95 1013 155 1072 que
170 995 350 1052 dominetur?
392 986 452 1073 Qui
466 999 535 1054 suot
547 990 609 1054 vivr
601 989 666 1054 'illi
681 989 857 1074 mortuique,
877 989 933 1056 nisi
950 989 998 1075 qni
1012 1001 1069 1052 tum
1083 989 1160 1052 inire
1174 1009 1258 1072 quum

97 1113 194 1179 supro
208 1103 316 1158 terrem
334 1113 389 1178 ope
406 1092 484 1158 illius
496 1092 688 1178 indigebant?
726 1089 856 1156 Possunt
869 1113 941 1157 vcro
954 1113 1029 1178 quac
1044 1113 1084 1156 ex
1097 1111 1194 1156 messe
1209 1092 1260 1155 illu

97 1197 240 1282 decerpto
258 1205 328 1260 sunt
343 1215 409 1260 esse
426 1205 546 1274 sanctu,
578 1195 635 1259 nisi
651 1215 747 1260 masse
761 1194 826 1280 ipse
843 1196 882 1260 sit
899 1207 1017 1274 sanctu,
1050 1204 1080 1260 ut
1096 1196 1172 1280 opud
1188 1215 1258 1279 rpo-

98 1299 211 1362 stolnm
227 1298 371 1382 legimus?
415 1295 474 1382 Qui
493 1299 529 1362 de
548 1295 612 1364 Eva
630 1299 770 1384 loquens,
795 1301 974 1374 Suloodr'tur,
999 1299 1103 1384 inquit,
1123 1319 1177 1380 per
1190 1299 1259 1359 tide-
1272 1301 1411 1358 tutunus.

99 1425 203 1466 rorem
218 1405 446 1484 generatorem,
470 1406 499 1463 oi
517 1406 546 1464 ιἰι
559 1404 624 1482 fide
645 1423 679 1462 oe
701 1406 809 1464 institnit
828 1407 1044 1482 permenserunt.

189 1501 346 1570 innumere
363 1515 432 1569 sunt
447 1525 522 1588 quse
538 1503 574 1568 de
590 1505 692 1568 eodem
709 1515 881 1589 argumento
897 1503 1036 1590 deputari
1054 1513 1193 1590 possunt,
1218 1525 1258 1568 cnr
1277 1513 1336 1582 Gop.
1352 1514 1394 1565 tv.

99 1607 208 1691 quibos
226 1606 359 1692 prudenti
379 1605 499 1672 cuilibet
515 1617 663 1693 compertu
677 1628 744 1672 esse
760 1617 858 1694 potest
872 1605 991 1671 Titiani
1009 1606 1259 1692 Tutiunornmqne

98 1709 261 1774 temerarie
282 1709 501 1795 blasphemandi
524 1709 641 1774 liuentis
666 1709 812 1794 unimiquc
834 1711 972 1775 coecitas.
1018 1708 1064 1775 tto
1091 1710 1194 1794 quibus
1218 1710 1260 1772 itu

99 1810 462 1891 breviterdisseruimus,
486 1823 519 1877 ut
534 1812 648 1877 illorum
667 1813 748 1878 velut
764 1813 888 1878 culicum
905 1812 1004 1878 noxiis
1021 1813 1184 1892 morsibus,
1208 1811 1259 1876 ud·

101 1913 196 1978 nitito
215 1915 252 1978 iis
273 1915 323 2000 qui
342 1915 391 1979 iuti
416 1917 532 1980 inerunt
553 1915 661 1980 domini
683 1915 833 1995 doctrine,
862 1925 1007 2002 tamqnam
1030 1914 1087 1980 olei
1110 1916 1259 1983 ooinsdon

101 2016 180 2081 illitu
196 2017 368 2082 medicinam
388 2019 562 2098 iecerimus,
587 2018 664 2082 illius
680 2018 807 2083 veritete
825 2040 859 2083 uc
876 2019 1005 2105 potentin
1023 2017 1091 2084 ireti
1107 2040 1155 2103 qur
1147 2018 1257 2097 dixit,

101 2121 170 2182 Nou
186 2125 252 2182 oem'
263 2125 319 2182 uuir
317 2125 373 2182 ud
386 2143 450 2183 ones
464 2143 536 2203 quoe
546 2127 696 2203 ponerent
707 2127 806 2184 domus
823 2125 924 2184 Israel.
972 2119 1057 2188 Unde
1076 2132 1106 2185 et
1121 2122 1154 2186 iu
1172 2141 1312 2206 pern-u
1243 2135 1312 2181 -Μι
1313 2135 1355 2180 con

100 2220 171 2287 bole
185 2222 276 2286 diuite
299 2229 388 2287 Homo
405 2227 516 2306 quodum
531 2228 674 2286 descendet
686 2227 723 2286 ud
735 2227 942 2288 Hoerueolen
928 2247 958 2287 ιιι
971 2229 1098 2302 lerr'olo,
1125 2243 1210 2310 quem
1225 2223 1304 2288 iuno
1269 2189 1366 2294 ΗΜ,
1377 2238 1410 2282 ne.
1440 2300 1446 2313 .

102 2323 235 2390 iuuenes
251 2325 389 2392 incidisse
406 2327 559 2406 nurrebut·
588 2337 621 2391 nt
636 2337 667 2397 et
683 2347 767 2391 ovem
787 2338 818 2391 et
832 2326 977 2392 homiuem
996 2349 1043 2412 qni
1036 2326 1097 2390 nb
1115 2323 1258 2392 Hieruso-

102 2425 193 2490 lem
185 2450 215 2492 ιιι
231 2425 347 2493 iericho
363 2429 556 2498 descenderet
570 2428 676 2494 illnm'
667 2451 762 2516 ipsum
780 2428 900 2494 doceret
919 2449 986 2496 esse
1007 2451 1056 2514 qm
1048 2429 1259 2515 nb·empliori

102 2527 245 2614 dignitate
264 2532 429 2612 occideret,
453 2542 482 2596 et
499 2532 536 2598 ab
555 2553 614 2596 nno
629 2532 759 2618 postoris
773 2532 819 2596 nui
837 2533 973 2596 mundato
989 2531 1121 2598 divulsus
1139 2551 1258 2596 errove-

104 2643 163 2696 rut.
208 2631 258 2699 Ex
282 2656 339 2719 qno
361 2645 494 2700 sunctum
512 2635 657 2700 Adomum
680 2647 832 2722 parentem
852 2647 982 2703 nostrum
1004 2635 1083 2702 iuter
1104 2635 1188 2702 vivos
1206 2655 1260 2698 nu·

104 2755 270 2816 merumns3
302 2748 422 2823 propter
436 2757 521 2823 quom
539 2749 568 2802 et
586 2757 643 2802 uos
660 2755 762 2803 omnes
782 2739 846 2803 eius
865 2750 999 2825 posteros
1017 2735 1155 2804 Christus
1171 2738 1261 2804 sdve-

104 2837 165 2919 nit,
190 2849 221 2902 nt
236 2839 274 2902 iis
291 2839 339 2924 qni
355 2840 448 2925 ipsum
466 2841 534 2909 olim
551 2852 769 2926 cognorerunt,
793 2861 849 2905 nec
865 2863 883 2908 ιι
897 2842 1049 2915 divinitate
1062 2842 1126 2908 eius
1142 2840 1260 2906 eborre-

104 2951 222 3020 vernnt‚
246 2953 277 3006 et
292 2942 329 3005 ob
345 2942 482 3007 nonnulle
497 2943 600 3008 delicto
616 2964 669 3008 eun
685 2944 759 3030 opud
772 2943 883 3010 inieros
901 2945 1117 3024 detinebuntur,
1140 2943 1261 3008 iniuriu-

104 3059 170 3106 rum
185 3043 362 3109 oblivionem
380 3045 573 3126 concederet,
598 3067 720 3132 eumque
737 3057 768 3110 et
784 3046 878 3111 ndlrnc
893 3048 1078 3113 venientibus
1092 3067 1145 3134 per
1159 3045 1260 3132 poeni-

106 3145 228 3209 tentium
248 3156 279 3210 et
294 3147 368 3232 opud
387 3148 499 3213 inieros
514 3149 687 3235 degentibus
702 3171 754 3234 per
768 3150 998 3215 misericordium
1015 3171 1051 3214 oc
1066 3149 1191 3214 sulutem
1208 3147 1260 3210 tri-

103 3244 221 3312 bueret.

189 3349 246 3416 Est
261 3353 390 3438 prolecto
407 3354 483 3439 qnod
498 3354 670 3438 intelligenti
687 3353 790 3418 mirum
809 3355 960 3438 videntur,
990 3357 1018 3420 id
1039 3357 1115 3441 qnod
1134 3375 1151 3418 e
1169 3355 1258 3419 libro·
1276 3368 1335 3436 cap.
1350 3369 1379 3418 v.

105 3471 168 3518 rum
191 3449 387 3522 monumentis
406 3455 575 3536 didicimus,
610 3455 756 3520 dominum
780 3468 911 3522 nostrum
934 3455 1032 3523 lesum
1055 3454 1204 3522 Christum
1229 3459 1259 3521 in

107 3551 254 3642 Golguthn
275 3579 342 3624 esse
360 3560 549 3638 crucifixum,
580 3559 715 3624 nimirum
733 3559 763 3623 in
782 3581 819 3624 eo
837 3560 1018 3646 potissimum
1036 3561 1118 3641 loco,
1150 3559 1180 3624 in
1201 3581 1259 3645 quo

102 3655 212 3722 Adnmi
234 3681 340 3747 eorpus
363 3662 484 3726 iaceret.
531 3661 589 3726 ldie
607 3663 684 3727 enim
707 3663 878 3749 eporediso
897 3663 1063 3750 digrediens
1085 3665 1132 3728 din
1150 3685 1189 3728 ex
1209 3664 1259 3728 ud-

106 3779 197 3824 verso
219 3761 296 3827 illius
316 3763 467 3829 habitavit.
512 3761 628 3829 Deinde
646 3765 734 3851 longo
754 3778 854 3851 postea
874 3777 1004 3852 tempore
1028 3767 1057 3831 iu
1074 3766 1154 3832 illum
1174 3787 1259 3850 quem

105 3859 168 3928 dixi
182 3863 455 3952 Hierosolymorum
471 3866 566 3932 locum
582 3869 725 3948 secessit,
748 3868 797 3932 ubi
813 3880 843 3932 et
857 3869 918 3932 ritu
933 3871 1048 3934 iunctus
1065 3870 1095 3934 in
1113 3867 1260 3953 Golgotlrn

105 3965 236 4049 sepultus
255 3978 311 4032 est.
356 3967 423 4052 Qun
443 3989 483 4033 ex
501 3991 534 4034 re
552 3971 656 4035 merito
674 3971 755 4036 locus
774 3971 837 4056 ipse
854 3993 961 4037 nomen
979 3973 1108 4058 occepit,
1139 3981 1172 4034 ut
1190 3965 1260 4035 Cel·

105 4069 206 4132 vnriee
224 4069 442 4156 interpretendo
458 4072 617 4137 diceretur.
662 4069 755 4138 Cuius
774 4073 976 4158 appellationis
994 4075 1071 4139 nullu
1088 4073 1119 4137 in
1138 4093 1175 4138 eo
1193 4073 1259 4136 loeo

106 4168 263 4238 similitudo
281 4173 423 4238 cernitur.
467 4171 547 4239 Nom
562 4195 617 4240 uec
632 4174 663 4239 in
679 4175 756 4240 olivo
772 4175 869 4260 aliquo
885 4177 959 4244 situs
976 4188 1033 4258 est,
1057 4188 1088 4242 ut
1104 4185 1260 4264 propterea

107 4429 125 4478 Δ
142 4445 187 4493 quo
203 4430 261 4482 Peto
245 4433 314 4482 octor
331 4435 413 4496 tuctu,
433 4437 458 4483 ut
474 4435 545 4494 uolet,
565 4447 635 4485 mom
650 4447 722 4497 ouum
738 4436 762 4486 ιιι
778 4439 884 4499 moreins
899 4437 1020 4500 proposuit
1035 4437 1191 4488 coniectorem
1206 4449 1260 4486 mu-

107 4501 199 4551 tuetur:
217 4495 265 4552 ont
280 4498 336 4554 τινα
352 4499 382 4556 δὲ
399 4465 480 4554 diulus
497 4505 546 4552 cett.
