3106 4990
332 347 339 360 ,
355 287 492 340 PANlel
508 289 571 340 ΜΒ.
584 290 601 340 l.
619 289 700 342 ΤΟΜ.
717 290 759 342 lli.
778 289 875 342 nanu.
889 289 1013 341 XXXlV.
1199 277 1261 340 477

105 408 213 474 tissimi
228 407 306 472 illins
320 407 419 472 odoris
432 409 480 493 qui
495 429 583 495 supra
598 408 695 474 omnia
709 419 756 474 est
769 408 925 494 imaginem
937 429 1005 474 esse
1020 419 1154 474 censent.
1189 407 1259 474 Non

103 513 213 577 desunt
225 510 304 576 inter
318 511 384 576 illos
399 511 449 596 qui
462 513 497 576 ad
512 533 614 596 aquarn
631 513 791 598 perducere
805 532 1055 599 supervocaneum
1069 511 1258 592 arbitrantur,

103 615 159 679 sed
183 615 277 679 oleum
302 635 377 699 aqua
400 626 589 700 temperatum
619 637 684 680 cum
708 615 878 680 solennibus
901 614 1042 680 eiusmodi
1069 614 1258 694 cnrminibus,

103 717 204 802 qualia
225 737 279 781 nos
303 718 389 802 paulo
411 729 480 782 ante
502 717 672 795 retulimus,
708 717 887 782 initiatorum
912 716 1055 802 capitibus
1076 716 1257 803 inspergunt,
1390 739 1395 754 ·

101 820 193 904 idque
207 820 320 884 demum
335 819 564 906 redemptionem
583 821 745 900 nominent,
769 841 940 904 quemquam
957 820 1086 883 balsamo
1100 819 1155 906 ipsi
1172 821 1258 884 etism

102 923 260 1008 inungunt.
307 923 368 988 Alii
389 934 492 988 contra
515 923 672 1005 repudiatis
691 923 728 986 iis
752 923 887 986 omnibus
912 932 1021 1007 negant
1043 922 1107 986 eius
1128 923 1258 1000 uirtutis,

101 1045 181 1108 qnae
199 1047 254 1089 neo
272 1026 365 1092 oculis
384 1026 466 1090 cerni
485 1046 541 1090 nec
556 1046 694 1090 sermone
712 1024 857 1090 declarari
879 1025 988 1111 possit,
1018 1024 1188 1110 mysterium
1209 1045 1261 1110 per

101 1129 299 1215 respectabiles
314 1129 574 1215 corruptibilesqne
589 1140 741 1194 creaturos
757 1149 844 1215 posse
858 1128 977 1212 perlicip
995 1149 1108 1206 eornm,
1128 1128 1257 1212 inquam,

102 1251 181 1316 quae
200 1232 405 1316 cogitationem
421 1253 536 1298 omnem
552 1232 682 1317 lugiunt,
706 1230 896 1317 corporisque
913 1241 981 1295 sunt
998 1231 1148 1316 expertis,
1174 1233 1208 1294 arl
1225 1251 1257 1295 ea

101 1355 180 1420 qnee
197 1335 336 1400 sensibus
349 1334 550 1420 percipiuntur
564 1355 764 1419 corporeaque
783 1345 852 1398 sont
866 1345 1002 1418 oportere
1019 1333 1142 1398 demitti.
1190 1331 1259 1397 l’er-

101 1440 211 1502 lectnm
235 1439 333 1523 itaque
358 1437 586 1524 redemptionem
610 1437 702 1523 ipsam
727 1457 795 1502 esse
815 1437 1022 1521 magnitudinis
1047 1435 1259 1520 inexplicabilis

101 1539 250 1604 notitiem.
302 1537 379 1606 Cum
402 1540 481 1604 enim
502 1541 634 1604 delectus
656 1541 752 1604 omnis
779 1551 810 1604 et
831 1539 1011 1626 perturbatio
1034 1537 1070 1602 ab
1094 1539 1260 1624 ignorantia

103 1643 326 1729 proficiscetur,
361 1641 495 1727 quicquid
520 1663 618 1718 esea
645 1642 800 1706 conflatum
824 1652 887 1719 est,
921 1642 968 1705 illa
991 1641 1104 1705 ratione
1129 1641 1257 1721 destrni3

100 1745 179 1810 adeo
194 1757 227 1810 nt
241 1745 370 1830 cognitio
387 1743 538 1809 interioris
555 1744 594 1808 sit
609 1744 733 1808 bominis
751 1744 929 1830 redemptior
954 1765 988 1808 ac
1005 1763 1100 1827 oeque
1116 1763 1258 1829 corporea

100 1848 160 1925 sit,
185 1869 291 1932 eorpus
311 1847 388 1912 enirn
405 1827 601 1932 corruptionis
621 1868 716 1933 capax
733 1857 797 1926 est,
821 1868 875 1911 nec
894 1847 1044 1924 animalis,
1070 1848 1145 1930 qnod
1162 1847 1258 1910 urrimo

101 1971 145 2016 ex
168 1952 284 2015 delecto
306 1949 463 2035 prodierit,
495 1950 589 2034 sitque
612 1950 691 2014 uelut
714 1947 850 2014 Parentis
873 1948 1060 2014 domicilium.
1107 1945 1207 2031 Quare
1230 1961 1260 2014 et

100 2053 245 2138 spiritalis
263 2052 425 2140 redemptio
446 2053 485 2118 sit
507 2063 633 2138 oportet.
680 2049 796 2117 Etenim
817 2073 869 2137 per
886 2049 1013 2137 Moysen
1032 2051 1156 2116 interior
1173 2052 1258 2116 bomo

100 2177 139 2220 nc
160 2156 301 2242 spiritalis
320 2156 482 2220 redimitur.
527 2151 656 2220 Proinde
673 2157 879 2220 uniuersorum
901 2175 934 2218 se
957 2175 1023 2218 esse
1042 2155 1141 2218 dicunt
1158 2154 1258 2239 cogni·

102 2259 186 2323 tione
209 2270 382 2339 contentos,
407 2278 530 2342 eumque
551 2278 720 2342 germanam
741 2258 971 2344 redemptionem
994 2257 1150 2342 appellant.

411 2445 415 2452 .
491 2393 673 2446 HACTENUS
695 2393 869 2445 lllENAEUS.

189 2565 274 2632 lianc
294 2566 480 2632 beatissimus
501 2566 550 2630 ille
573 2585 668 2630 scaen
686 2561 827 2630 lrennens
850 2565 960 2628 erroris
983 2563 1068 2629 istius
1090 2574 1254 2628 accuratam
1285 2575 1344 2642 cap.

99 2669 322 2756 inquisitionem
338 2669 475 2746 instituit,
499 2689 673 2752 omnemque
687 2665 878 2749 commentitii
895 2667 1038 2750 dogmntis
1052 2666 1160 2731 seriem
1178 2667 1256 2731 ordi·
1273 2643 1359 2696 '⁰⁴¹¹'

100 2791 230 2858 nemque
248 2772 410 2860 proposuit.
456 2767 671 2853 Quamobrem,
697 2783 727 2835 ut
750 2771 833 2834 initio
851 2771 973 2856 praesnti
992 2790 1110 2848 sumus,
1133 2769 1170 2833 iis
1187 2790 1258 2833 con-

101 2875 177 2940 tenti
193 2895 268 2961 qone
285 2875 321 2939 ab
338 2873 387 2938 illn
404 2895 511 2958 mngno
527 2873 625 2938 studio
641 2884 711 2937 sont
725 2873 892 2951 elaborata,
923 2883 1027 2938 concta
1046 2882 1132 2958 prout
1147 2871 1177 2934 in
1193 2872 1257 2936 eins

99 2998 193 3064 opere
208 2978 398 3042 eontinentur
412 2978 447 3041 ed
464 2976 584 3042 verbum
600 2976 822 3061 exscripsimus.
867 2973 969 3041 Facile
984 2976 1061 3040 enim
1077 2997 1117 3039 en
1131 2974 1167 3038 iis
1181 2994 1257 3058 qnae

99 3103 118 3144 a
144 3079 331 3145 sanctissimo
353 3081 416 3146 uiro
441 3081 476 3144 ed
499 3078 577 3144 illins
602 3079 790 3144 refellendam
814 3079 1028 3164 improbitatem
1052 3077 1166 3164 prodita
1190 3088 1259 3140 suut

99 3183 198 3247 everti
220 3183 427 3269 probignrique
450 3193 597 3268 poterunt.
642 3181 709 3245 Nos
731 3183 808 3245 enim
831 3183 858 3244 id
882 3183 957 3266 qnod
978 3181 1086 3243 veritas
1105 3178 1168 3264 ipso
1188 3198 1257 3262 prae

98 3305 135 3350 se
151 3284 271 3350 omnino
288 3288 356 3364 lert,
380 3287 513 3369 quodque
529 3296 559 3349 et
575 3285 701 3369 prudens
716 3285 790 3347 rntio
806 3284 961 3368 persuadet
976 3293 1007 3346 et
1020 3281 1154 3346 veritatis
1171 3301 1259 3364 regn·

97 3389 149 3452 lae
168 3399 398 3452 consentaneum
418 3398 480 3466 est,
514 3387 571 3470 logi
588 3407 622 3450 ac
641 3386 788 3472 prophetis
809 3398 839 3450 et
854 3383 1045 3472 patriarchis,
1076 3383 1124 3468 qni
1141 3381 1196 3446 sibi
1214 3383 1257 3446 iu-

98 3491 198 3556 vicem
221 3500 443 3568 successerunt,
475 3511 529 3554 nec
552 3510 609 3553 nnn
633 3499 690 3552 tem
714 3489 871 3554 salvatoris
893 3489 982 3572 ipsius
1005 3506 1089 3571 quom
1109 3483 1257 3570 apostolo-

99 3613 167 3656 rum
187 3591 338 3656 doctrinae
355 3591 521 3671 credimus,
551 3591 691 3675 aquibus
709 3591 864 3656 manifeste
884 3590 1034 3656 didicimus
1058 3609 1144 3652 uirum
1169 3587 1257 3652 conli-

98 3694 158 3759 teri
178 3695 262 3758 deum
280 3695 484 3760 universorum
505 3704 615 3780 petrem
633 3693 879 3779 omnipotentem,
904 3714 939 3756 ne
957 3691 1103 3754 dominnm
1123 3699 1256 3754 nostrum

99 3795 203 3862 lesum
219 3791 387 3877 Christum,
412 3808 442 3860 et
456 3793 596 3882 Spiritum
614 3809 764 3874 sonetum,
791 3817 877 3859 unam
894 3805 1022 3858 sanctam
1038 3795 1256 3876 increntemque

98 3900 280 3979 trinitatemp
313 3921 377 3964 cnm
401 3909 498 3964 cetera
521 3911 587 3984 post
605 3897 723 3964 Patrem
743 3909 773 3962 et
793 3896 898 3962 Filium
917 3909 947 3962 et
963 3893 1105 3982 Spiritum
1123 3906 1255 3960 sanctum

99 4023 141 4066 ex
165 4002 255 4066 nibilo
278 4002 417 4087 producta
438 4003 507 4066 sint.
555 3999 639 4085 Quae
658 4001 773 4086 quidem
792 4001 888 4066 omnia
906 4021 969 4062 oum
987 3999 1023 4063 iis
1041 4019 1113 4084 quos
1129 4017 1256 4062 connunc-

96 4105 216 4170 moravi
238 4103 430 4170 sanctissimis
451 4104 541 4183 viris,
573 4105 741 4189 prophetis,
770 4104 959 4186 evangelistis
982 4114 1011 4166 et
1029 4101 1169 4188 npnstolis
1191 4101 1255 4163 sine

97 4209 160 4273 nlln
178 4207 363 4292 ambignitote
386 4205 496 4270 credite
517 4208 710 4290 confessoque
731 4206 857 4282 luerint,
890 4205 984 4269 nullae
1005 4203 1146 4271 eiusmodi
1169 4213 1257 4266 erunt

97 4321 183 4374 artes
206 4329 240 4374 ac
261 4308 453 4395 praestigiae,
484 4327 559 4392 quoe
582 4309 715 4374 veritatis
736 4309 794 4372 lnci
818 4328 852 4372 nc
874 4307 1019 4394 splendori
1042 4307 1156 4392 possint
1177 4303 1256 4369 obsi·

143 4531 169 4583 2
187 4533 295 4583 enom
311 4522 364 4586 ἔτι.
