3072 4986
362 339 408 389 uo
428 339 617 389 nrrsronun
635 337 745 388 nuncu
763 339 808 390 nr
823 338 932 388 auum.
1181 327 1218 390 ²1

80 487 240 554 remorant,
270 474 326 538 diis
348 473 396 558 qui
414 474 501 558 vulgo
520 473 663 536 labentur
687 473 871 551 sacrificare,
903 475 1038 539 animatis
1054 476 1153 552 vesci,
1183 495 1219 538 ac

79 580 135 640 rino
154 579 195 642 uti
221 575 366 662 probibuit
381 572 579 660 Pythagoras.
625 573 705 638 ldem
723 596 798 660 quae
820 577 856 638 ab
878 575 946 638 lrana
965 597 1081 640 sursum
1106 587 1217 662 patant,

78 680 258 754 inmortalia,
283 697 358 762 quae
376 676 516 740 interiora
533 689 616 756 suut,
641 677 776 740 mortalia
791 677 917 740 dicebat.
962 677 1087 748 Animas
1113 699 1129 741 a
1153 701 1218 740 cor·

77 784 182 866 pnibns
205 783 236 845 in
252 782 309 852 alia
327 800 468 864 corpora,
501 779 589 842 etiam
607 778 773 842 animalium
790 801 824 842 au
840 779 1017 860 bestiarum,
1042 783 1217 848 transfundi.

76 885 114 948 td
136 885 208 948 baec
239 883 455 968 quinquennale
483 882 600 944 interim
631 881 779 944 silentium
809 881 962 946 observari
986 883 1153 968 praecepit,
1184 905 1218 946 ae

78 999 212 1070 poetro-o
235 987 321 1048 deum
346 985 446 1049 baberi
469 1004 502 1048 sa
520 983 624 1046 voluit.

148 1085 204 1152 Vl.
239 1085 386 1150 Platonici
409 1087 514 1164 deum,
538 1093 570 1148 et
593 1083 762 1164 maurium,
793 1105 829 1148 ac
848 1085 969 1148 turmam
989 1087 1215 1152 constituerunt.

77 1185 206 1254 Mundum
234 1190 366 1274 genitum
392 1209 427 1251 ac
450 1186 629 1273 corruptioni
654 1186 833 1264 obnoxium,
863 1187 989 1253 animum
1008 1188 1166 1272 ingenitam
1190 1202 1221 1254 et

77 1293 277 1369 inmortalem,
308 1312 343 1355 ac
365 1289 494 1354 divinam
519 1288 654 1353 arbitrati
679 1299 758 1352 suut.
804 1286 901 1352 liuius
927 1300 989 1352 tres
1012 1309 1079 1353 esse
1105 1303 1217 1375 partes,

75 1415 147 1457 unam
162 1395 282 1458 ratione
302 1393 478 1479 praeditam,
503 1392 624 1456 alteram
643 1411 698 1474 qua
714 1390 883 1470 irascimur,
907 1391 1022 1455 tertiam
1039 1413 1096 1476 qua
1111 1415 1219 1458 coucu-

76 1496 214 1580 piscimus.
262 1491 442 1559 Communes
466 1493 600 1558 omuibus
621 1511 733 1556 uxores
751 1513 819 1555 esse
837 1493 946 1571 voluit,
970 1513 1057 1557 nemo
1074 1505 1102 1558 ut
1121 1497 1218 1579 priva·

77 1607 120 1660 un
137 1597 291 1661 obtineret
309 1618 345 1659 ac
369 1594 570 1680 praecipuum,
601 1595 653 1657 sed
674 1604 706 1657 ut
723 1593 843 1678 quilibet
858 1616 980 1678 quarum
996 1595 1086 1660 vellet
1106 1597 1219 1682 copiam

75 1699 197 1763 luberet.
231 1696 322 1761 lidcm
339 1697 501 1761 animarum
522 1695 551 1760 in
568 1696 650 1760 varia
666 1715 804 1781 corpora,
823 1695 911 1760 otium
926 1696 1099 1778 bestiarum,
1122 1709 1219 1764 trans·

73 1800 120 1864 itus
134 1800 310 1864 affirmabat.
356 1797 438 1863 Deos
457 1799 582 1882 deniqne
599 1797 764 1882 complures
780 1797 816 1862 ab
836 1821 893 1862 uuo
908 1819 977 1862 esse
996 1799 1165 1883 productos.

144 1916 222 1983 Vll.
256 1915 349 1983 Stoici
371 1937 478 2003 corpus
500 1916 671 1980 universum
690 1937 758 1980 essa
780 1917 935 1994 definiunt,
960 1926 990 1980 et
1012 1919 1218 2002 aspectabilem

75 2019 139 2084 bunc
155 2021 298 2085 mundum
316 2021 401 2083 deum
421 2039 488 2083 esse
502 2028 644 2082 statuunt.
678 2015 822 2082 Nonnulli
841 2019 928 2082 stiam
946 2038 986 2082 ex
1002 2017 1071 2101 igue
1087 2033 1219 2084 naturam

72 2121 138 2186 illins
151 2134 294 2186 constare
312 2119 483 2185 detendunt.
518 2117 614 2184 Deum
631 2119 736 2206 quippo
753 2129 880 2183 montem
896 2140 964 2186 csse
980 2131 1092 2206 putant,
1116 2143 1152 2186 ac
1168 2145 1219 2186 ra·

71 2225 213 2289 ctissime
239 2223 329 2287 totius
346 2223 451 2303 molis,
482 2221 557 2286 orioli
581 2233 737 2306 terraeque
760 2221 916 2302 videlicet,
940 2222 1079 2287 animam.
1125 2219 1219 2288 Cuius

72 2349 182 2412 eorpus,
204 2336 236 2389 ut
247 2325 321 2404 dixi,
337 2335 428 2388 totum
443 2325 499 2388 lroc
516 2325 555 2387 sit
570 2323 751 2403 universum,
773 2325 847 2388 oculi
862 2345 934 2388 vero
947 2324 1054 2388 sidera.
1081 2319 1219 2390 Omnium

70 2428 186 2493 interire
209 2449 348 2505 carrium,
380 2438 411 2490 ct
432 2427 558 2490 unionum
584 2427 616 2489 iu
643 2427 759 2489 diversa
785 2427 911 2490 mansino
932 2447 1056 2511 corpora
1082 2427 1136 2490 sibi
1154 2449 1219 2512 pcr-

69 2533 201 2594 suadent.

145 2629 241 2697 Vlll.
267 2629 405 2716 Epicurei
421 2641 535 2694 ammos
551 2641 580 2694 ct
596 2629 744 2694 individua
758 2649 880 2715 corpora
895 2628 1045 2693 similibus
1055 2631 1220 2694 constantia

66 2737 212 2820 partibus,
235 2744 264 2796 et
277 2733 401 2810 inbuite,
423 2753 521 2797 rerum
537 2731 664 2796 omnium
683 2730 855 2818 principium
873 2753 907 2795 ao
924 2731 1010 2795 linem
1028 2753 1095 2797 esse
1114 2733 1221 2797 docue-

65 2849 138 2900 mnt.
192 2831 348 2900 Summum
363 2834 470 2898 bonum
490 2836 519 2897 in
538 2834 687 2919 voluptate
705 2842 884 2918 posuerunt,
909 2832 993 2897 deum
1011 2855 1045 2898 ao
1065 2835 1222 2920 providen-

66 2941 127 3003 tiam
150 2939 314 3003 abrorum
336 2935 589 2999 administratione
611 2935 805 2999 sustulerunt.

141 3055 214 3122 lX.
238 3051 458 3119 Samaritismus
481 3065 515 3138 at·
525 3051 703 3118 Samaritae.
738 3051 835 3118 Huius
852 3053 889 3119 ab
906 3051 1055 3120 ludaismo
1073 3056 1156 3142 origo
1171 3058 1222 3120 dc·

62 3161 197 3238 ducitur,
227 3177 302 3241 quae
317 3168 464 3221 sectarum
482 3157 555 3242 apud
575 3155 707 3220 Graecos
724 3155 858 3221 divortiis
873 3168 903 3221 et
921 3179 1020 3221 earum
1038 3157 1166 3222 decretis
1187 3179 1223 3221 ac

60 3261 251 3346 dogmatibus
267 3259 413 3343 antiquior
425 3268 482 3322 cst.
508 3255 690 3322 Graecorum
706 3279 794 3343 porro
803 3259 1041 3345 superstitionem
1054 3258 1221 3344 complexa,

59 3375 83 3428 et
99 3387 171 3428 enm
191 3359 326 3426 iudaicis
344 3359 527 3444 dogmatibus
549 3360 645 3445 aliqua
665 3371 805 3446 exparte
828 3362 955 3426 miscens
973 3361 1022 3426 illa
1039 3373 1121 3426 secta
1144 3359 1223 3424 circa

57 3461 361 3530 Nabuchodonosori
380 3473 410 3526 et
426 3459 563 3526 ludoicus
580 3461 756 3547 captivitatis
773 3473 905 3549 tempora
923 3465 1040 3550 prodiit.
1064 3460 1156 3526 Primi
1174 3481 1222 3525 sc-

56 3581 117 3635 etae
135 3566 323 3633 conditores
341 3585 382 3628 ex
393 3563 528 3650 Assyriis
548 3563 577 3627 iu
593 3560 730 3628 ludacam
758 3567 946 3650 transportati
970 3565 1098 3649 quinque
1119 3563 1225 3628 dunta-

56 3685 105 3734 xat
118 3667 256 3756 Moysis
274 3665 365 3730 libros
390 3676 583 3751 acceperunt,
608 3687 681 3750 quos
701 3687 753 3751 per
769 3662 894 3730 Esdram
912 3668 1094 3730 sacerdotem
1113 3687 1169 3730 rex
1188 3667 1225 3731 ad

55 3775 116 3838 illos
135 3769 308 3854 Babylone
326 3768 513 3832 submiserat.
551 3764 654 3852 ltaque
672 3779 788 3832 caetera
806 3767 913 3831 babent
931 3789 995 3830 cum
1014 3764 1129 3832 ludaeis
1145 3791 1225 3833 com·

55 3877 180 3954 nonin,
222 3871 247 3933 si
272 3869 327 3933 boc
349 3891 435 3934 unum
455 3871 586 3955 excipias
610 3871 687 3954 quod
708 3881 738 3933 et
761 3881 865 3956 gentes
889 3867 1106 3948 abominentur,
1131 3891 1226 3955 nequo

54 3993 246 4062 quemquam
263 3973 435 4057 contingere
449 3971 554 4052 velint,
574 3973 708 4056 quud'quc
724 3982 905 4034 mortuorum
922 3973 1227 4049 resurrectionem‚an

54 4093 203 4144 nerem
221 4085 288 4158 post
301 4068 429 4160 Moysen
446 4074 613 4160 prophetias
627 4073 774 4138 reiioiunt.
807 4067 1059 4138 Samaritanorum
1078 4084 1124 4138 est
1140 4074 1227 4138 tactio

52 4185 150 4249 b'risa
176 4181 221 4245 in
243 4185 341 4262 partes
363 4186 498 4261 quatuor.

54 4359 102 4406 tene
119 4361 246 4414 uapore
261 4351 337 4398 ortum
350 4361 399 4398 ease
413 4347 561 4410 quedem-an
573 4349 640 4412 opud
707 4345 748 4399 72.
764 4345 809 4400 lun
816 4350 907 4398 matut
916 4347 1156 4409 eadnouepltetneoot.
1174 4347 1229 4395 Vul-

55 4427 160 4474 sroeeoe
177 4419 266 4470 actm
280 4419 371 4466 tartum
385 4417 526 4478 stercutus,
542 4429 572 4466 es
586 4419 639 4466 amu
673 4430 704 4481 qo
720 4420 783 4466 estut
800 4414 875 4474 aloru.
893 4419 971 4465 nutum
986 4417 1113 4466 momente.

55 4495 126 4552 nm
140 4486 277 4542 miset
291 4493 383 4544 ortum,
397 4486 428 4532 ob
443 4497 501 4533 aevo
514 4483 636 4536 Nubamu-
703 4481 744 4535 73.
763 4481 853 4552 puoto
869 4483 921 4534 uod.
940 4485 1015 4534 tenu.

54 4561 173 4611 mest
193 4557 221 4605 et
235 4553 348 4604 lanient
364 4553 518 4615 amioum.
704 4547 745 4604 it.
763 4547 794 4606 ab
807 4565 854 4602 orn.
869 4551 919 4602 rua.
930 4553 1023 4614 rnen,
1038 4555 1060 4602 rt
1073 4553 1215 4614 nnoupbut.
