<?xml version="1.0" encoding="UTF-8"?>
<!DOCTYPE html PUBLIC "-//W3C//DTD XHTML 1.0 Transitional//EN"
    "http://www.w3.org/TR/xhtml1/DTD/xhtml1-transitional.dtd">
<html xmlns="http://www.w3.org/1999/xhtml" xml:lang="en" lang="en">
 <head>
  <title>
</title>
<meta http-equiv="Content-Type" content="text/html;charset=utf-8" />
  <meta name='ocr-system' content='tesseract 3.04.00' />
  <meta name='ocr-capabilities' content='ocr_page ocr_carea ocr_par ocr_line ocrx_word'/>
</head>
<body>
  <div class='ocr_page' id='page_1' title='image "./corporishaerese01oehlgoog_0542.png"; bbox 0 0 3106 4990; ppageno 0'>
   <div class='ocr_carea' id='block_1_1' title="bbox 329 243 1229 310">
    <p class='ocr_par' dir='ltr' id='par_1_1' title="bbox 329 243 1229 310">
     <span class='ocr_line' id='line_1_1' title="bbox 329 243 1229 310; baseline 0 -1"><span class='ocrx_word' id='word_1_1' title='bbox 329 257 465 309; x_wconf 76' lang='lat' dir='ltr'><strong>rinnau</strong></span> <span class='ocrx_word' id='word_1_2' title='bbox 482 258 544 310; x_wconf 81' lang='grc' dir='ltr'><strong>ιιι.</strong></span> <span class='ocrx_word' id='word_1_3' title='bbox 557 259 576 308; x_wconf 93' lang='grc' dir='ltr'><strong>ι.</strong></span> <span class='ocrx_word' id='word_1_4' title='bbox 594 259 675 310; x_wconf 84' lang='lat' dir='ltr'><strong>ron.</strong></span> <span class='ocrx_word' id='word_1_5' title='bbox 686 259 728 309; x_wconf 93' lang='grc' dir='ltr'><strong>ιιι.</strong></span> <span class='ocrx_word' id='word_1_6' title='bbox 745 257 844 308; x_wconf 81' lang='lat' dir='ltr'><strong>enen.</strong></span> <span class='ocrx_word' id='word_1_7' title='bbox 855 257 981 309; x_wconf 81' lang='lat' dir='ltr'><strong>xxxix.</strong></span> <span class='ocrx_word' id='word_1_8' title='bbox 1168 243 1229 309; x_wconf 77' lang='lat'><strong>529</strong></span> 
     </span>
    </p>
   </div>
   <div class='ocr_carea' id='block_1_2' title="bbox 78 373 1366 2411">
    <p class='ocr_par' dir='ltr' id='par_1_2' title="bbox 78 373 1231 648">
     <span class='ocr_line' id='line_1_2' title="bbox 78 373 1230 458; baseline -0.001 -15"><span class='ocrx_word' id='word_1_9' title='bbox 78 379 139 458; x_wconf 81' lang='lat' dir='ltr'><strong>itti,</strong></span> <span class='ocrx_word' id='word_1_10' title='bbox 172 375 283 444; x_wconf 85' lang='lat' dir='ltr'><strong>Ceious</strong></span> <span class='ocrx_word' id='word_1_11' title='bbox 307 397 342 441; x_wconf 86' lang='lat' dir='ltr'><strong>ao</strong></span> <span class='ocrx_word' id='word_1_12' title='bbox 367 373 493 458; x_wconf 89' lang='lat' dir='ltr'><strong>Setbus,</strong></span> <span class='ocrx_word' id='word_1_13' title='bbox 525 377 693 458; x_wconf 76' lang='lat' dir='ltr'>habuerint,</span> <span class='ocrx_word' id='word_1_14' title='bbox 724 376 842 441; x_wconf 90' lang='lat' dir='ltr'><strong>minime</strong></span> <span class='ocrx_word' id='word_1_15' title='bbox 869 388 915 442; x_wconf 91' lang='lat' dir='ltr'><strong>ost</strong></span> <span class='ocrx_word' id='word_1_16' title='bbox 939 376 1106 442; x_wconf 89' lang='lat' dir='ltr'><strong>obscurum.</strong></span> <span class='ocrx_word' id='word_1_17' title='bbox 1151 375 1230 442; x_wconf 88' lang='lat' dir='ltr'><strong>Nam</strong></span> 
     </span>
     <span class='ocr_line' id='line_1_3' title="bbox 79 481 1231 566; baseline 0 -21"><span class='ocrx_word' id='word_1_18' title='bbox 79 481 193 546; x_wconf 80' lang='lat' dir='ltr'><strong>Abetus</strong></span> <span class='ocrx_word' id='word_1_19' title='bbox 217 491 328 544; x_wconf 86' lang='lat' dir='ltr'><strong>matura</strong></span> <span class='ocrx_word' id='word_1_20' title='bbox 351 482 478 545; x_wconf 77' lang='lat' dir='ltr'><strong>troandum</strong></span> <span class='ocrx_word' id='word_1_21' title='bbox 499 491 595 546; x_wconf 88' lang='lat' dir='ltr'><strong>aetate</strong></span> <span class='ocrx_word' id='word_1_22' title='bbox 617 481 749 546; x_wconf 85' lang='lat' dir='ltr'><strong>subdotus</strong></span> <span class='ocrx_word' id='word_1_23' title='bbox 767 491 814 545; x_wconf 88' lang='lat' dir='ltr'><strong>est</strong></span> <span class='ocrx_word' id='word_1_24' title='bbox 830 503 846 545; x_wconf 88' lang='lat' dir='ltr'><strong>e</strong></span> <span class='ocrx_word' id='word_1_25' title='bbox 865 481 977 560; x_wconf 88' lang='lat' dir='ltr'><strong>medio,</strong></span> <span class='ocrx_word' id='word_1_26' title='bbox 1010 501 1103 566; x_wconf 92' lang='lat' dir='ltr'><strong>neque</strong></span> <span class='ocrx_word' id='word_1_27' title='bbox 1119 503 1152 546; x_wconf 92' lang='lat' dir='ltr'><strong>se</strong></span> <span class='ocrx_word' id='word_1_28' title='bbox 1171 503 1231 546; x_wconf 87' lang='grc' dir='ltr'><strong>ιιι-</strong></span> 
     </span>
     <span class='ocr_line' id='line_1_4' title="bbox 78 583 450 648; baseline 0 0"><span class='ocrx_word' id='word_1_29' title='bbox 78 583 220 648; x_wconf 90' lang='lat' dir='ltr'><strong>trimonio</strong></span> <span class='ocrx_word' id='word_1_30' title='bbox 242 585 450 648; x_wconf 76' lang='lat' dir='ltr'><strong>coniunxerat.</strong></span> 
     </span>
    </p>

    <p class='ocr_par' dir='ltr' id='par_1_3' title="bbox 78 683 1366 2411">
     <span class='ocr_line' id='line_1_5' title="bbox 166 683 1366 772; baseline -0.002 -22"><span class='ocrx_word' id='word_1_31' title='bbox 166 685 278 751; x_wconf 79' lang='lat' dir='ltr'><strong>Extant</strong></span> <span class='ocrx_word' id='word_1_32' title='bbox 301 688 329 750; x_wconf 90' lang='lat' dir='ltr'><strong>in</strong></span> <span class='ocrx_word' id='word_1_33' title='bbox 348 685 504 766; x_wconf 88' lang='lat' dir='ltr'><strong>lubiioeis,</strong></span> <span class='ocrx_word' id='word_1_34' title='bbox 535 686 583 772; x_wconf 89' lang='lat' dir='ltr'><strong>qui</strong></span> <span class='ocrx_word' id='word_1_35' title='bbox 599 686 673 750; x_wconf 87' lang='lat' dir='ltr'><strong>iiber</strong></span> <span class='ocrx_word' id='word_1_36' title='bbox 690 685 817 750; x_wconf 89' lang='lat' dir='ltr'><strong>Genesis</strong></span> <span class='ocrx_word' id='word_1_37' title='bbox 833 683 929 750; x_wconf 89' lang='lat' dir='ltr'><strong>Parva</strong></span> <span class='ocrx_word' id='word_1_38' title='bbox 947 686 1068 766; x_wconf 88' lang='lat' dir='ltr'><strong>dicitur,</strong></span> <span class='ocrx_word' id='word_1_39' title='bbox 1102 708 1228 752; x_wconf 76' lang='lat' dir='ltr'><strong>uxorum</strong></span> <span class='ocrx_word' id='word_1_40' title='bbox 1249 696 1366 765; x_wconf 72' lang='lat' dir='ltr'><strong>capvt.</strong></span> 
     </span>
     <span class='ocr_line' id='line_1_6' title="bbox 79 786 1231 875; baseline -0.002 -19"><span class='ocrx_word' id='word_1_41' title='bbox 79 786 169 856; x_wconf 89' lang='lat' dir='ltr'><strong>Caini</strong></span> <span class='ocrx_word' id='word_1_42' title='bbox 193 787 333 875; x_wconf 89' lang='lat' dir='ltr'><strong>Setbique</strong></span> <span class='ocrx_word' id='word_1_43' title='bbox 357 789 490 868; x_wconf 86' lang='lat' dir='ltr'><strong>nomina,</strong></span> <span class='ocrx_word' id='word_1_44' title='bbox 524 789 623 874; x_wconf 88' lang='lat' dir='ltr'><strong>utqui</strong></span> <span class='ocrx_word' id='word_1_45' title='bbox 647 790 785 853; x_wconf 82' lang='lat' dir='ltr'><strong>condictus</strong></span> <span class='ocrx_word' id='word_1_46' title='bbox 808 789 873 854; x_wconf 84' lang='lat' dir='ltr'><strong>idias</strong></span> <span class='ocrx_word' id='word_1_47' title='bbox 897 789 1009 854; x_wconf 78' lang='lat' dir='ltr'><strong>fabulas</strong></span> <span class='ocrx_word' id='word_1_48' title='bbox 1032 789 1062 853; x_wconf 94' lang='lat' dir='ltr'><strong>in</strong></span> <span class='ocrx_word' id='word_1_49' title='bbox 1085 789 1231 854; x_wconf 87' lang='lat' dir='ltr'><strong>bominum</strong></span> 
     </span>
     <span class='ocr_line' id='line_1_7' title="bbox 78 891 1233 978; baseline 0 -21"><span class='ocrx_word' id='word_1_50' title='bbox 78 893 171 957; x_wconf 86' lang='lat' dir='ltr'><strong>vitam</strong></span> <span class='ocrx_word' id='word_1_51' title='bbox 193 892 372 957; x_wconf 85' lang='lat' dir='ltr'><strong>invexerunt</strong></span> <span class='ocrx_word' id='word_1_52' title='bbox 394 894 503 978; x_wconf 91' lang='lat' dir='ltr'><strong>pudore</strong></span> <span class='ocrx_word' id='word_1_53' title='bbox 528 891 646 955; x_wconf 86' lang='lat' dir='ltr'><strong>ouurino</strong></span> <span class='ocrx_word' id='word_1_54' title='bbox 670 892 882 956; x_wconf 75' lang='lat' dir='ltr'><strong>suffundantur,</strong></span> <span class='ocrx_word' id='word_1_55' title='bbox 929 891 1046 956; x_wconf 80' lang='lat' dir='ltr'>Etenim</span> <span class='ocrx_word' id='word_1_56' title='bbox 1069 915 1133 957; x_wconf 88' lang='lat' dir='ltr'><strong>curn</strong></span> <span class='ocrx_word' id='word_1_57' title='bbox 1154 893 1233 957; x_wconf 84' lang='lat' dir='ltr'><strong>Ada-</strong></span> 
     </span>
     <span class='ocr_line' id='line_1_8' title="bbox 79 994 1234 1082; baseline 0 -24"><span class='ocrx_word' id='word_1_58' title='bbox 79 1016 147 1059; x_wconf 88' lang='lat' dir='ltr'><strong>mus</strong></span> <span class='ocrx_word' id='word_1_59' title='bbox 168 995 318 1080; x_wconf 87' lang='lat' dir='ltr'><strong>utriusque</strong></span> <span class='ocrx_word' id='word_1_60' title='bbox 341 1017 432 1059; x_wconf 78' lang='lat' dir='ltr'><strong>sexus</strong></span> <span class='ocrx_word' id='word_1_61' title='bbox 455 994 563 1059; x_wconf 90' lang='lat' dir='ltr'><strong>liberos</strong></span> <span class='ocrx_word' id='word_1_62' title='bbox 585 995 781 1080; x_wconf 88' lang='lat' dir='ltr'><strong>suscepisset,</strong></span> <span class='ocrx_word' id='word_1_63' title='bbox 815 1016 937 1059; x_wconf 90' lang='lat' dir='ltr'><strong>necesse</strong></span> <span class='ocrx_word' id='word_1_64' title='bbox 960 1019 1013 1082; x_wconf 87' lang='lat' dir='ltr'><strong>per</strong></span> <span class='ocrx_word' id='word_1_65' title='bbox 1033 997 1083 1060; x_wconf 83' lang='lat' dir='ltr'><strong>itta</strong></span> <span class='ocrx_word' id='word_1_66' title='bbox 1104 1007 1234 1081; x_wconf 88' lang='lat' dir='ltr'><strong>tempora</strong></span> 
     </span>
     <span class='ocr_line' id='line_1_9' title="bbox 80 1096 1234 1184; baseline 0.001 -23"><span class='ocrx_word' id='word_1_67' title='bbox 80 1099 137 1162; x_wconf 77' lang='lat' dir='ltr'><strong>tuit</strong></span> <span class='ocrx_word' id='word_1_68' title='bbox 156 1107 188 1162; x_wconf 89' lang='lat' dir='ltr'><strong>ut</strong></span> <span class='ocrx_word' id='word_1_69' title='bbox 205 1099 253 1161; x_wconf 88' lang='lat' dir='ltr'><strong>tilii</strong></span> <span class='ocrx_word' id='word_1_70' title='bbox 271 1097 454 1162; x_wconf 90' lang='lat' dir='ltr'><strong>matrimonia</strong></span> <span class='ocrx_word' id='word_1_71' title='bbox 473 1120 537 1160; x_wconf 83' lang='lat' dir='ltr'><strong>cunr</strong></span> <span class='ocrx_word' id='word_1_72' title='bbox 557 1097 708 1162; x_wconf 92' lang='lat' dir='ltr'><strong>sororibus</strong></span> <span class='ocrx_word' id='word_1_73' title='bbox 725 1097 844 1160; x_wconf 86' lang='lat' dir='ltr'><strong>inirent.</strong></span> <span class='ocrx_word' id='word_1_74' title='bbox 889 1096 997 1184; x_wconf 91' lang='lat' dir='ltr'><strong>Neque</strong></span> <span class='ocrx_word' id='word_1_75' title='bbox 1014 1099 1041 1162; x_wconf 94' lang='lat' dir='ltr'><strong>id</strong></span> <span class='ocrx_word' id='word_1_76' title='bbox 1061 1109 1125 1164; x_wconf 88' lang='lat' dir='ltr'><strong>erat</strong></span> <span class='ocrx_word' id='word_1_77' title='bbox 1142 1099 1234 1162; x_wconf 91' lang='lat' dir='ltr'><strong>inter·</strong></span> 
     </span>
     <span class='ocr_line' id='line_1_10' title="bbox 78 1199 1234 1287; baseline 0 -23"><span class='ocrx_word' id='word_1_78' title='bbox 78 1201 207 1280; x_wconf 83' lang='lat' dir='ltr'><strong>dictum3</strong></span> <span class='ocrx_word' id='word_1_79' title='bbox 240 1211 395 1287; x_wconf 86' lang='lat' dir='ltr'><strong>propterea</strong></span> <span class='ocrx_word' id='word_1_80' title='bbox 418 1201 494 1286; x_wconf 92' lang='lat' dir='ltr'><strong>quod</strong></span> <span class='ocrx_word' id='word_1_81' title='bbox 516 1221 608 1284; x_wconf 83' lang='lat' dir='ltr'><strong>genus</strong></span> <span class='ocrx_word' id='word_1_82' title='bbox 631 1199 707 1264; x_wconf 85' lang='lat' dir='ltr'><strong>aliud</strong></span> <span class='ocrx_word' id='word_1_83' title='bbox 730 1211 795 1264; x_wconf 88' lang='lat' dir='ltr'><strong>erat</strong></span> <span class='ocrx_word' id='word_1_84' title='bbox 817 1201 963 1265; x_wconf 85' lang='lat' dir='ltr'><strong>bominum</strong></span> <span class='ocrx_word' id='word_1_85' title='bbox 987 1203 1107 1266; x_wconf 85' lang='lat' dir='ltr'><strong>notium.</strong></span> <span class='ocrx_word' id='word_1_86' title='bbox 1154 1199 1234 1286; x_wconf 81' lang='lat' dir='ltr'><strong>Quin</strong></span> 
     </span>
     <span class='ocr_line' id='line_1_11' title="bbox 79 1303 1234 1390; baseline 0.002 -24"><span class='ocrx_word' id='word_1_87' title='bbox 79 1303 171 1366; x_wconf 88' lang='lat' dir='ltr'><strong>etiam</strong></span> <span class='ocrx_word' id='word_1_88' title='bbox 191 1303 320 1368; x_wconf 80' lang='lat' dir='ltr'><strong>Adamas</strong></span> <span class='ocrx_word' id='word_1_89' title='bbox 343 1304 406 1390; x_wconf 90' lang='lat' dir='ltr'><strong>ipse</strong></span> <span class='ocrx_word' id='word_1_90' title='bbox 430 1325 494 1367; x_wconf 88' lang='lat' dir='ltr'><strong>cum</strong></span> <span class='ocrx_word' id='word_1_91' title='bbox 518 1324 589 1382; x_wconf 86' lang='lat' dir='ltr'><strong>sua,</strong></span> <span class='ocrx_word' id='word_1_92' title='bbox 622 1304 711 1367; x_wconf 87' lang='lat' dir='ltr'><strong>utita</strong></span> <span class='ocrx_word' id='word_1_93' title='bbox 733 1305 843 1384; x_wconf 88' lang='lat' dir='ltr'><strong>dicam,</strong></span> <span class='ocrx_word' id='word_1_94' title='bbox 875 1305 1087 1389; x_wconf 82' lang='lat' dir='ltr'><strong>filiaconiugio</strong></span> <span class='ocrx_word' id='word_1_95' title='bbox 1106 1304 1234 1368; x_wconf 86' lang='lat' dir='ltr'><strong>sociatus</strong></span> 
     </span>
     <span class='ocr_line' id='line_1_12' title="bbox 79 1405 1233 1492; baseline -0.002 -22"><span class='ocrx_word' id='word_1_96' title='bbox 79 1417 147 1484; x_wconf 90' lang='lat' dir='ltr'><strong>est,</strong></span> <span class='ocrx_word' id='word_1_97' title='bbox 178 1426 261 1490; x_wconf 86' lang='lat' dir='ltr'><strong>quarn</strong></span> <span class='ocrx_word' id='word_1_98' title='bbox 285 1405 319 1468; x_wconf 91' lang='lat' dir='ltr'><strong>de</strong></span> <span class='ocrx_word' id='word_1_99' title='bbox 342 1405 406 1470; x_wconf 87' lang='lat' dir='ltr'><strong>eius</strong></span> <span class='ocrx_word' id='word_1_100' title='bbox 428 1427 551 1492; x_wconf 89' lang='lat' dir='ltr'><strong>corpore</strong></span> <span class='ocrx_word' id='word_1_101' title='bbox 574 1407 646 1469; x_wconf 92' lang='lat' dir='ltr'><strong>deus</strong></span> <span class='ocrx_word' id='word_1_102' title='bbox 668 1407 838 1470; x_wconf 82' lang='lat' dir='ltr'><strong>effinxerat:</strong></span> <span class='ocrx_word' id='word_1_103' title='bbox 873 1409 954 1470; x_wconf 78' lang='lat' dir='ltr'><strong>netas</strong></span> <span class='ocrx_word' id='word_1_104' title='bbox 979 1407 1056 1471; x_wconf 83' lang='lat' dir='ltr'><strong>eninr</strong></span> <span class='ocrx_word' id='word_1_105' title='bbox 1081 1406 1150 1470; x_wconf 85' lang='lat' dir='ltr'><strong>iliud</strong></span> <span class='ocrx_word' id='word_1_106' title='bbox 1175 1427 1233 1470; x_wconf 93' lang='lat' dir='ltr'><strong>non</strong></span> 
     </span>
     <span class='ocr_line' id='line_1_13' title="bbox 80 1505 1235 1588; baseline 0.001 -16"><span class='ocrx_word' id='word_1_107' title='bbox 80 1519 158 1572; x_wconf 89' lang='lat' dir='ltr'><strong>erat.</strong></span> <span class='ocrx_word' id='word_1_108' title='bbox 204 1505 244 1571; x_wconf 82' lang='lat' dir='ltr'><strong>Et</strong></span> <span class='ocrx_word' id='word_1_109' title='bbox 260 1526 300 1571; x_wconf 85' lang='lat' dir='ltr'><strong>cx</strong></span> <span class='ocrx_word' id='word_1_110' title='bbox 317 1508 394 1572; x_wconf 85' lang='lat' dir='ltr'><strong>illins</strong></span> <span class='ocrx_word' id='word_1_111' title='bbox 411 1507 511 1572; x_wconf 81' lang='lat' dir='ltr'><strong>biberis</strong></span> <span class='ocrx_word' id='word_1_112' title='bbox 530 1505 642 1574; x_wconf 89' lang='lat' dir='ltr'><strong>Cainus</strong></span> <span class='ocrx_word' id='word_1_113' title='bbox 656 1529 789 1572; x_wconf 87' lang='lat' dir='ltr'><strong>sororem</strong></span> <span class='ocrx_word' id='word_1_114' title='bbox 807 1519 877 1572; x_wconf 87' lang='grc' dir='ltr'><strong>ιιιι</strong></span> <span class='ocrx_word' id='word_1_115' title='bbox 896 1511 1034 1573; x_wconf 89' lang='lat' dir='ltr'><strong>maiorem</strong></span> <span class='ocrx_word' id='word_1_116' title='bbox 1053 1509 1154 1588; x_wconf 83' lang='lat' dir='ltr'><strong>duxit,</strong></span> <span class='ocrx_word' id='word_1_117' title='bbox 1179 1507 1235 1573; x_wconf 91' lang='lat' dir='ltr'><strong>Sa·</strong></span> 
     </span>
     <span class='ocr_line' id='line_1_14' title="bbox 78 1607 1237 1698; baseline 0.001 -23"><span class='ocrx_word' id='word_1_118' title='bbox 78 1631 150 1675; x_wconf 82' lang='lat' dir='ltr'><strong>vem</strong></span> <span class='ocrx_word' id='word_1_119' title='bbox 168 1611 297 1674; x_wconf 89' lang='lat' dir='ltr'><strong>nomine.</strong></span> <span class='ocrx_word' id='word_1_120' title='bbox 343 1607 453 1675; x_wconf 86' lang='lat' dir='ltr'><strong>Setbus</strong></span> <span class='ocrx_word' id='word_1_121' title='bbox 470 1633 558 1697; x_wconf 92' lang='lat' dir='ltr'><strong>porro</strong></span> <span class='ocrx_word' id='word_1_122' title='bbox 575 1611 680 1675; x_wconf 82' lang='lat' dir='ltr'><strong>Adurni</strong></span> <span class='ocrx_word' id='word_1_123' title='bbox 699 1611 821 1675; x_wconf 80' lang='lat' dir='ltr'><strong>ddiorurn</strong></span> <span class='ocrx_word' id='word_1_124' title='bbox 840 1611 944 1676; x_wconf 91' lang='lat' dir='ltr'><strong>tertius</strong></span> <span class='ocrx_word' id='word_1_125' title='bbox 962 1627 1027 1698; x_wconf 91' lang='lat' dir='ltr'><strong>post</strong></span> <span class='ocrx_word' id='word_1_126' title='bbox 1043 1613 1167 1677; x_wconf 82' lang='lat' dir='ltr'><strong>Abeionr</strong></span> <span class='ocrx_word' id='word_1_127' title='bbox 1185 1635 1237 1698; x_wconf 82' lang='lat' dir='ltr'><strong>gc·</strong></span> 
     </span>
     <span class='ocr_line' id='line_1_15' title="bbox 80 1711 1236 1780; baseline 0.002 -3"><span class='ocrx_word' id='word_1_128' title='bbox 80 1715 162 1777; x_wconf 90' lang='lat' dir='ltr'><strong>nitus</strong></span> <span class='ocrx_word' id='word_1_129' title='bbox 179 1733 242 1776; x_wconf 89' lang='lat' dir='ltr'><strong>curn</strong></span> <span class='ocrx_word' id='word_1_130' title='bbox 260 1715 315 1778; x_wconf 85' lang='lat' dir='ltr'><strong>adiu</strong></span> <span class='ocrx_word' id='word_1_131' title='bbox 332 1733 435 1778; x_wconf 89' lang='lat' dir='ltr'><strong>sorore</strong></span> <span class='ocrx_word' id='word_1_132' title='bbox 452 1715 554 1778; x_wconf 79' lang='lat' dir='ltr'><strong>Azuro</strong></span> <span class='ocrx_word' id='word_1_133' title='bbox 571 1715 743 1778; x_wconf 86' lang='lat' dir='ltr'><strong>coniunctus</strong></span> <span class='ocrx_word' id='word_1_134' title='bbox 759 1725 816 1777; x_wconf 90' lang='lat' dir='ltr'><strong>est.</strong></span> <span class='ocrx_word' id='word_1_135' title='bbox 860 1711 994 1778; x_wconf 83' lang='lat' dir='ltr'><strong>Fuerunt</strong></span> <span class='ocrx_word' id='word_1_136' title='bbox 1010 1727 1040 1779; x_wconf 91' lang='lat' dir='ltr'><strong>et</strong></span> <span class='ocrx_word' id='word_1_137' title='bbox 1057 1715 1105 1779; x_wconf 85' lang='lat' dir='ltr'><strong>alii</strong></span> <span class='ocrx_word' id='word_1_138' title='bbox 1120 1717 1236 1780; x_wconf 81' lang='lat' dir='ltr'><strong>Adarno</strong></span> 
     </span>
     <span class='ocr_line' id='line_1_16' title="bbox 79 1813 1236 1902; baseline 0.001 -22"><span class='ocrx_word' id='word_1_139' title='bbox 79 1814 185 1894; x_wconf 81' lang='lat' dir='ltr'><strong>liberi,</strong></span> <span class='ocrx_word' id='word_1_140' title='bbox 216 1826 248 1880; x_wconf 95' lang='lat' dir='ltr'><strong>ut</strong></span> <span class='ocrx_word' id='word_1_141' title='bbox 264 1817 294 1879; x_wconf 89' lang='lat' dir='ltr'><strong>in</strong></span> <span class='ocrx_word' id='word_1_142' title='bbox 312 1813 410 1882; x_wconf 83' lang='lat' dir='ltr'><strong>Parra</strong></span> <span class='ocrx_word' id='word_1_143' title='bbox 428 1817 477 1880; x_wconf 77' lang='lat' dir='ltr'><strong>itta</strong></span> <span class='ocrx_word' id='word_1_144' title='bbox 497 1814 608 1881; x_wconf 86' lang='lat' dir='ltr'><strong>Genesi</strong></span> <span class='ocrx_word' id='word_1_145' title='bbox 625 1819 764 1902; x_wconf 85' lang='lat' dir='ltr'><strong>scripturn</strong></span> <span class='ocrx_word' id='word_1_146' title='bbox 783 1827 844 1897; x_wconf 89' lang='lat' dir='ltr'><strong>est,</strong></span> <span class='ocrx_word' id='word_1_147' title='bbox 877 1839 982 1882; x_wconf 85' lang='lat' dir='ltr'><strong>novem</strong></span> <span class='ocrx_word' id='word_1_148' title='bbox 1001 1818 1114 1882; x_wconf 89' lang='lat' dir='ltr'><strong>scilicet</strong></span> <span class='ocrx_word' id='word_1_149' title='bbox 1131 1839 1236 1882; x_wconf 91' lang='lat' dir='ltr'><strong>secun·</strong></span> 
     </span>
     <span class='ocr_line' id='line_1_17' title="bbox 80 1919 1237 2004; baseline 0.003 -22"><span class='ocrx_word' id='word_1_150' title='bbox 80 1919 149 1982; x_wconf 89' lang='lat' dir='ltr'><strong>dum</strong></span> <span class='ocrx_word' id='word_1_151' title='bbox 170 1919 283 2004; x_wconf 80' lang='lat' dir='ltr'><strong>priores</strong></span> <span class='ocrx_word' id='word_1_152' title='bbox 300 1919 366 1983; x_wconf 85' lang='lat' dir='ltr'><strong>idios</strong></span> <span class='ocrx_word' id='word_1_153' title='bbox 390 1929 467 1998; x_wconf 88' lang='lat' dir='ltr'><strong>tres,</strong></span> <span class='ocrx_word' id='word_1_154' title='bbox 491 1930 523 1983; x_wconf 92' lang='lat' dir='ltr'><strong>ut</strong></span> <span class='ocrx_word' id='word_1_155' title='bbox 539 1921 568 1982; x_wconf 92' lang='lat' dir='ltr'><strong>in</strong></span> <span class='ocrx_word' id='word_1_156' title='bbox 588 1931 678 1984; x_wconf 92' lang='lat' dir='ltr'><strong>toturn</strong></span> <span class='ocrx_word' id='word_1_157' title='bbox 690 1920 771 1983; x_wconf 54' lang='lat' dir='ltr'><strong>,ntus</strong></span> <span class='ocrx_word' id='word_1_158' title='bbox 790 1921 878 1999; x_wconf 87' lang='lat' dir='ltr'><strong>dnus,</strong></span> <span class='ocrx_word' id='word_1_159' title='bbox 903 1941 1000 1985; x_wconf 80' lang='lat' dir='ltr'><strong>marus</strong></span> <span class='ocrx_word' id='word_1_160' title='bbox 1019 1921 1169 1985; x_wconf 80' lang='lat' dir='ltr'><strong>duodecim</strong></span> <span class='ocrx_word' id='word_1_161' title='bbox 1188 1943 1237 1985; x_wconf 93' lang='lat' dir='ltr'><strong>su·</strong></span> 
     </span>
     <span class='ocr_line' id='line_1_18' title="bbox 80 2021 1339 2108; baseline -0.003 -22"><span class='ocrx_word' id='word_1_162' title='bbox 80 2021 231 2106; x_wconf 82' lang='lat' dir='ltr'><strong>saeperit,</strong></span> <span class='ocrx_word' id='word_1_163' title='bbox 264 2043 280 2086; x_wconf 89' lang='lat' dir='ltr'><strong>e</strong></span> <span class='ocrx_word' id='word_1_164' title='bbox 305 2022 408 2107; x_wconf 88' lang='lat' dir='ltr'><strong>quibus</strong></span> <span class='ocrx_word' id='word_1_165' title='bbox 430 2021 545 2086; x_wconf 87' lang='lat' dir='ltr'><strong>occisus</strong></span> <span class='ocrx_word' id='word_1_166' title='bbox 569 2043 659 2101; x_wconf 78' lang='lat' dir='ltr'><strong>ursus,</strong></span> <span class='ocrx_word' id='word_1_167' title='bbox 690 2023 823 2086; x_wconf 81' lang='lat' dir='ltr'>undecim</span> <span class='ocrx_word' id='word_1_168' title='bbox 847 2023 1019 2108; x_wconf 67' lang='lat' dir='ltr'><strong>superstites</strong></span> <span class='ocrx_word' id='word_1_169' title='bbox 1039 2023 1133 2086; x_wconf 76' lang='lat' dir='ltr'><strong>relicti</strong></span> <span class='ocrx_word' id='word_1_170' title='bbox 1154 2036 1233 2089; x_wconf 91' lang='lat' dir='ltr'><strong>sunt.</strong></span> <span class='ocrx_word' id='word_1_171' title='bbox 1249 2039 1339 2086; x_wconf 74' lang='lat' dir='ltr'><strong>oens.</strong></span> 
     </span>
     <span class='ocr_line' id='line_1_19' title="bbox 81 2119 1237 2210; baseline 0.002 -23"><span class='ocrx_word' id='word_1_172' title='bbox 81 2121 170 2208; x_wconf 81' lang='lat' dir='ltr'><strong>Quae</strong></span> <span class='ocrx_word' id='word_1_173' title='bbox 190 2123 285 2188; x_wconf 90' lang='lat' dir='ltr'><strong>omnia</strong></span> <span class='ocrx_word' id='word_1_174' title='bbox 302 2125 332 2188; x_wconf 90' lang='lat' dir='ltr'><strong>iu</strong></span> <span class='ocrx_word' id='word_1_175' title='bbox 349 2123 453 2189; x_wconf 85' lang='lat' dir='ltr'><strong>Mundi</strong></span> <span class='ocrx_word' id='word_1_176' title='bbox 471 2119 643 2208; x_wconf 82' lang='lat' dir='ltr'><strong>Originibus</strong></span> <span class='ocrx_word' id='word_1_177' title='bbox 662 2145 696 2188; x_wconf 89' lang='lat' dir='ltr'><strong>ac</strong></span> <span class='ocrx_word' id='word_1_178' title='bbox 717 2125 809 2210; x_wconf 90' lang='lat' dir='ltr'><strong>primo</strong></span> <span class='ocrx_word' id='word_1_179' title='bbox 825 2120 921 2188; x_wconf 85' lang='lat' dir='ltr'><strong>Musis</strong></span> <span class='ocrx_word' id='word_1_180' title='bbox 938 2125 1086 2189; x_wconf 87' lang='lat' dir='ltr'><strong>volumine</strong></span> <span class='ocrx_word' id='word_1_181' title='bbox 1107 2126 1151 2190; x_wconf 89' lang='lat' dir='ltr'><strong>bis</strong></span> <span class='ocrx_word' id='word_1_182' title='bbox 1170 2148 1237 2190; x_wconf 86' lang='lat' dir='ltr'><strong>ver·</strong></span> 
     </span>
     <span class='ocr_line' id='line_1_20' title="bbox 80 2227 1237 2314; baseline -0.002 -22"><span class='ocrx_word' id='word_1_183' title='bbox 80 2227 129 2292; x_wconf 93' lang='lat' dir='ltr'><strong>bis</strong></span> <span class='ocrx_word' id='word_1_184' title='bbox 145 2227 364 2312; x_wconf 76' lang='lat' dir='ltr'><strong>significantur:</strong></span> <span class='ocrx_word' id='word_1_185' title='bbox 387 2231 429 2289; x_wconf 77' lang='lat' dir='ltr'><strong>Et</strong></span> <span class='ocrx_word' id='word_1_186' title='bbox 444 2231 517 2289; x_wconf 69' lang='lat' dir='ltr'><strong>nebit</strong></span> <span class='ocrx_word' id='word_1_187' title='bbox 532 2231 626 2290; x_wconf 77' lang='lat' dir='ltr'><strong>Adoni</strong></span> <span class='ocrx_word' id='word_1_188' title='bbox 645 2232 727 2290; x_wconf 67' lang='lat' dir='ltr'><strong>onnus</strong></span> <span class='ocrx_word' id='word_1_189' title='bbox 743 2231 966 2303; x_wconf 74' lang='lat' dir='ltr'><strong>beccum,</strong></span> <span class='ocrx_word' id='word_1_190' title='bbox 991 2241 1021 2290; x_wconf 86' lang='lat' dir='ltr'><strong>et</strong></span> <span class='ocrx_word' id='word_1_191' title='bbox 1039 2233 1142 2308; x_wconf 80' lang='lat' dir='ltr'><strong>genuit</strong></span> <span class='ocrx_word' id='word_1_192' title='bbox 1152 2229 1237 2314; x_wconf 77' lang='lat' dir='ltr'><strong>filios</strong></span> 
     </span>
     <span class='ocr_line' id='line_1_21' title="bbox 80 2331 500 2411; baseline 0.002 -21"><span class='ocrx_word' id='word_1_193' title='bbox 80 2343 111 2390; x_wconf 85' lang='lat' dir='ltr'><strong>et</strong></span> <span class='ocrx_word' id='word_1_194' title='bbox 124 2331 228 2411; x_wconf 76' lang='lat' dir='ltr'><strong>filus,</strong></span> <span class='ocrx_word' id='word_1_195' title='bbox 252 2342 282 2392; x_wconf 89' lang='lat' dir='ltr'><strong>et</strong></span> <span class='ocrx_word' id='word_1_196' title='bbox 301 2342 428 2393; x_wconf 83' lang='lat' dir='ltr'><strong>mortuus</strong></span> <span class='ocrx_word' id='word_1_197' title='bbox 448 2343 500 2392; x_wconf 83' lang='lat' dir='ltr'><strong>est.</strong></span> 
     </span>
    </p>
   </div>
   <div class='ocr_carea' id='block_1_3' title="bbox 79 2531 1376 4366">
    <p class='ocr_par' dir='ltr' id='par_1_4' title="bbox 79 2531 1376 3750">
     <span class='ocr_line' id='line_1_22' title="bbox 170 2531 1376 2624; baseline -0.007 -22"><span class='ocrx_word' id='word_1_198' title='bbox 170 2531 309 2602; x_wconf 82' lang='lat' dir='ltr'><strong>Ceterum</strong></span> <span class='ocrx_word' id='word_1_199' title='bbox 323 2535 496 2620; x_wconf 79' lang='lat' dir='ltr'><strong>amplificato</strong></span> <span class='ocrx_word' id='word_1_200' title='bbox 514 2535 660 2599; x_wconf 90' lang='lat' dir='ltr'><strong>bominum</strong></span> <span class='ocrx_word' id='word_1_201' title='bbox 675 2556 785 2620; x_wconf 87' lang='lat' dir='ltr'><strong>genere</strong></span> <span class='ocrx_word' id='word_1_202' title='bbox 800 2545 1140 2624; x_wconf 37' lang='lat' dir='ltr'><strong>auctoqueuposterorunr</strong></span> <span class='ocrx_word' id='word_1_203' title='bbox 1155 2535 1235 2599; x_wconf 81' lang='lat' dir='ltr'><strong>Ada·</strong></span> <span class='ocrx_word' id='word_1_204' title='bbox 1255 2537 1376 2608; x_wconf 76' lang='lat' dir='ltr'><strong>capvtt.</strong></span> 
     </span>
     <span class='ocr_line' id='line_1_23' title="bbox 80 2637 1238 2724; baseline 0.001 -21"><span class='ocrx_word' id='word_1_205' title='bbox 80 2639 123 2703; x_wconf 88' lang='lat' dir='ltr'><strong>rui</strong></span> <span class='ocrx_word' id='word_1_206' title='bbox 141 2659 264 2702; x_wconf 91' lang='lat' dir='ltr'><strong>numero</strong></span> <span class='ocrx_word' id='word_1_207' title='bbox 281 2637 479 2702; x_wconf 78' lang='lat' dir='ltr'><strong>honestissimi</strong></span> <span class='ocrx_word' id='word_1_208' title='bbox 494 2639 668 2702; x_wconf 88' lang='lat' dir='ltr'><strong>matrimonii</strong></span> <span class='ocrx_word' id='word_1_209' title='bbox 685 2639 786 2724; x_wconf 90' lang='lat' dir='ltr'><strong>pudori</strong></span> <span class='ocrx_word' id='word_1_210' title='bbox 800 2638 1031 2703; x_wconf 81' lang='lat' dir='ltr'><strong>accuratioribus</strong></span> <span class='ocrx_word' id='word_1_211' title='bbox 1043 2640 1179 2724; x_wconf 71' lang='lat' dir='ltr'><strong>punctatim</strong></span> <span class='ocrx_word' id='word_1_212' title='bbox 1196 2640 1238 2703; x_wconf 85' lang='lat' dir='ltr'><strong>de-</strong></span> 
     </span>
     <span class='ocr_line' id='line_1_24' title="bbox 79 2737 1236 2828; baseline 0 -23"><span class='ocrx_word' id='word_1_213' title='bbox 79 2741 170 2827; x_wconf 80' lang='lat' dir='ltr'><strong>gibus</strong></span> <span class='ocrx_word' id='word_1_214' title='bbox 192 2752 239 2805; x_wconf 89' lang='lat' dir='ltr'><strong>est</strong></span> <span class='ocrx_word' id='word_1_215' title='bbox 257 2741 432 2805; x_wconf 85' lang='lat' dir='ltr'><strong>consultum.</strong></span> <span class='ocrx_word' id='word_1_216' title='bbox 477 2737 535 2804; x_wconf 88' lang='lat' dir='ltr'><strong>Ubi</strong></span> <span class='ocrx_word' id='word_1_217' title='bbox 554 2741 631 2804; x_wconf 90' lang='lat' dir='ltr'><strong>enim</strong></span> <span class='ocrx_word' id='word_1_218' title='bbox 650 2741 765 2806; x_wconf 81' lang='lat' dir='ltr'><strong>Adamo</strong></span> <span class='ocrx_word' id='word_1_219' title='bbox 787 2741 838 2805; x_wconf 85' lang='lat' dir='ltr'><strong>dlii</strong></span> <span class='ocrx_word' id='word_1_220' title='bbox 861 2763 895 2806; x_wconf 90' lang='lat' dir='ltr'><strong>ac</strong></span> <span class='ocrx_word' id='word_1_221' title='bbox 916 2753 1037 2828; x_wconf 85' lang='lat' dir='ltr'><strong>nepotes</strong></span> <span class='ocrx_word' id='word_1_222' title='bbox 1057 2743 1236 2826; x_wconf 84' lang='lat' dir='ltr'><strong>obtigerunt,</strong></span> 
     </span>
     <span class='ocr_line' id='line_1_25' title="bbox 80 2843 1237 2931; baseline 0 -22"><span class='ocrx_word' id='word_1_223' title='bbox 80 2867 125 2910; x_wconf 86' lang='lat' dir='ltr'><strong>ex</strong></span> <span class='ocrx_word' id='word_1_224' title='bbox 145 2843 239 2928; x_wconf 90' lang='lat' dir='ltr'><strong>iisque</strong></span> <span class='ocrx_word' id='word_1_225' title='bbox 258 2843 333 2907; x_wconf 84' lang='lat' dir='ltr'><strong>didiae</strong></span> <span class='ocrx_word' id='word_1_226' title='bbox 349 2843 466 2928; x_wconf 83' lang='lat' dir='ltr'><strong>generis</strong></span> <span class='ocrx_word' id='word_1_227' title='bbox 482 2843 670 2908; x_wconf 85' lang='lat' dir='ltr'><strong>successione</strong></span> <span class='ocrx_word' id='word_1_228' title='bbox 687 2854 876 2931; x_wconf 88' lang='lat' dir='ltr'><strong>procreatae,</strong></span> <span class='ocrx_word' id='word_1_229' title='bbox 908 2856 967 2909; x_wconf 92' lang='lat' dir='ltr'><strong>tum</strong></span> <span class='ocrx_word' id='word_1_230' title='bbox 986 2846 1100 2910; x_wconf 89' lang='lat' dir='ltr'><strong>demum</strong></span> <span class='ocrx_word' id='word_1_231' title='bbox 1117 2865 1237 2909; x_wconf 88' lang='lat' dir='ltr'><strong>sorores</strong></span> 
     </span>
     <span class='ocr_line' id='line_1_26' title="bbox 79 2943 1237 3034; baseline 0 -22"><span class='ocrx_word' id='word_1_232' title='bbox 79 2949 111 3012; x_wconf 94' lang='lat' dir='ltr'><strong>in</strong></span> <span class='ocrx_word' id='word_1_233' title='bbox 132 2945 318 3011; x_wconf 90' lang='lat' dir='ltr'><strong>matrimonio</strong></span> <span class='ocrx_word' id='word_1_234' title='bbox 338 2946 444 3010; x_wconf 89' lang='lat' dir='ltr'><strong>babere</strong></span> <span class='ocrx_word' id='word_1_235' title='bbox 461 2967 519 3010; x_wconf 92' lang='lat' dir='ltr'><strong>non</strong></span> <span class='ocrx_word' id='word_1_236' title='bbox 536 2946 627 3011; x_wconf 90' lang='lat' dir='ltr'><strong>licuit.</strong></span> <span class='ocrx_word' id='word_1_237' title='bbox 673 2943 776 3032; x_wconf 90' lang='lat' dir='ltr'><strong>ltaque</strong></span> <span class='ocrx_word' id='word_1_238' title='bbox 794 2948 841 3011; x_wconf 84' lang='lat' dir='ltr'><strong>vel</strong></span> <span class='ocrx_word' id='word_1_239' title='bbox 857 2959 927 3011; x_wconf 90' lang='lat' dir='ltr'><strong>ante</strong></span> <span class='ocrx_word' id='word_1_240' title='bbox 941 2949 1079 3034; x_wconf 88' lang='lat' dir='ltr'><strong>scriptam</strong></span> <span class='ocrx_word' id='word_1_241' title='bbox 1096 2971 1113 3012; x_wconf 92' lang='lat' dir='ltr'><strong>a</strong></span> <span class='ocrx_word' id='word_1_242' title='bbox 1128 2945 1237 3034; x_wconf 83' lang='lat' dir='ltr'><strong>Moyse</strong></span> 
     </span>
     <span class='ocr_line' id='line_1_27' title="bbox 79 3048 1235 3137; baseline -0.003 -21"><span class='ocrx_word' id='word_1_243' title='bbox 79 3053 178 3137; x_wconf 85' lang='lat' dir='ltr'><strong>legem</strong></span> <span class='ocrx_word' id='word_1_244' title='bbox 199 3049 387 3134; x_wconf 83' lang='lat' dir='ltr'><strong>bonestorum</strong></span> <span class='ocrx_word' id='word_1_245' title='bbox 408 3048 571 3134; x_wconf 76' lang='lat' dir='ltr'><strong>nuptiarum</strong></span> <span class='ocrx_word' id='word_1_246' title='bbox 589 3060 683 3114; x_wconf 91' lang='lat' dir='ltr'><strong>status</strong></span> <span class='ocrx_word' id='word_1_247' title='bbox 704 3049 820 3136; x_wconf 86' lang='lat' dir='ltr'><strong>optimis</strong></span> <span class='ocrx_word' id='word_1_248' title='bbox 839 3052 965 3116; x_wconf 88' lang='lat' dir='ltr'><strong>decretis</strong></span> <span class='ocrx_word' id='word_1_249' title='bbox 984 3051 1158 3115; x_wconf 90' lang='lat' dir='ltr'><strong>constitutus</strong></span> <span class='ocrx_word' id='word_1_250' title='bbox 1179 3059 1235 3113; x_wconf 92' lang='lat' dir='ltr'><strong>est.</strong></span> 
     </span>
     <span class='ocr_line' id='line_1_28' title="bbox 79 3149 1238 3238; baseline -0.004 -19"><span class='ocrx_word' id='word_1_251' title='bbox 79 3153 168 3238; x_wconf 83' lang='lat' dir='ltr'><strong>Ergo</strong></span> <span class='ocrx_word' id='word_1_252' title='bbox 186 3151 376 3216; x_wconf 88' lang='lat' dir='ltr'><strong>consobrinas</strong></span> <span class='ocrx_word' id='word_1_253' title='bbox 395 3153 582 3216; x_wconf 87' lang='lat' dir='ltr'><strong>duceremus</strong></span> <span class='ocrx_word' id='word_1_254' title='bbox 601 3153 665 3216; x_wconf 82' lang='lat' dir='ltr'><strong>tuit.</strong></span> <span class='ocrx_word' id='word_1_255' title='bbox 712 3149 779 3236; x_wconf 81' lang='lat' dir='ltr'><strong>Qua</strong></span> <span class='ocrx_word' id='word_1_256' title='bbox 796 3153 911 3216; x_wconf 90' lang='lat' dir='ltr'><strong>ratione</strong></span> <span class='ocrx_word' id='word_1_257' title='bbox 929 3155 1033 3215; x_wconf 81' lang='lat' dir='ltr'><strong>iactum</strong></span> <span class='ocrx_word' id='word_1_258' title='bbox 1053 3164 1100 3216; x_wconf 89' lang='lat' dir='ltr'><strong>est</strong></span> <span class='ocrx_word' id='word_1_259' title='bbox 1118 3161 1148 3215; x_wconf 93' lang='lat' dir='ltr'><strong>ut</strong></span> <span class='ocrx_word' id='word_1_260' title='bbox 1166 3152 1238 3214; x_wconf 86' lang='lat' dir='ltr'><strong>urui-</strong></span> 
     </span>
     <span class='ocr_line' id='line_1_29' title="bbox 81 3251 1239 3341; baseline -0.004 -21"><span class='ocrx_word' id='word_1_261' title='bbox 81 3255 221 3341; x_wconf 85' lang='lat' dir='ltr'><strong>tipiicatis</strong></span> <span class='ocrx_word' id='word_1_262' title='bbox 238 3253 402 3318; x_wconf 90' lang='lat' dir='ltr'><strong>bominibus</strong></span> <span class='ocrx_word' id='word_1_263' title='bbox 418 3255 474 3319; x_wconf 92' lang='lat' dir='ltr'><strong>duo</strong></span> <span class='ocrx_word' id='word_1_264' title='bbox 490 3253 519 3317; x_wconf 94' lang='lat' dir='ltr'><strong>in</strong></span> <span class='ocrx_word' id='word_1_265' title='bbox 537 3277 623 3318; x_wconf 87' lang='lat' dir='ltr'><strong>unum</strong></span> <span class='ocrx_word' id='word_1_266' title='bbox 639 3275 748 3339; x_wconf 83' lang='lat' dir='ltr'><strong>genera</strong></span> <span class='ocrx_word' id='word_1_267' title='bbox 763 3255 974 3334; x_wconf 85' lang='lat' dir='ltr'><strong>miscerentur,</strong></span> <span class='ocrx_word' id='word_1_268' title='bbox 1000 3251 1087 3319; x_wconf 85' lang='lat' dir='ltr'><strong>Cairri</strong></span> <span class='ocrx_word' id='word_1_269' title='bbox 1101 3253 1239 3318; x_wconf 82' lang='lat' dir='ltr'><strong>videlicet</strong></span> 
     </span>
     <span class='ocr_line' id='line_1_30' title="bbox 81 3354 1237 3442; baseline -0.005 -19"><span class='ocrx_word' id='word_1_270' title='bbox 81 3381 117 3423; x_wconf 90' lang='lat' dir='ltr'><strong>ao</strong></span> <span class='ocrx_word' id='word_1_271' title='bbox 142 3355 243 3437; x_wconf 89' lang='lat' dir='ltr'><strong>Setbi,</strong></span> <span class='ocrx_word' id='word_1_272' title='bbox 276 3366 334 3421; x_wconf 87' lang='lat' dir='ltr'><strong>turn</strong></span> <span class='ocrx_word' id='word_1_273' title='bbox 361 3355 497 3442; x_wconf 86' lang='lat' dir='ltr'><strong>deinceps</strong></span> <span class='ocrx_word' id='word_1_274' title='bbox 521 3356 648 3441; x_wconf 87' lang='lat' dir='ltr'><strong>reliquae</strong></span> <span class='ocrx_word' id='word_1_275' title='bbox 672 3357 793 3420; x_wconf 82' lang='lat' dir='ltr'><strong>ditiorum</strong></span> <span class='ocrx_word' id='word_1_276' title='bbox 816 3356 921 3419; x_wconf 75' lang='lat' dir='ltr'><strong>Adonai</strong></span> <span class='ocrx_word' id='word_1_277' title='bbox 943 3357 1050 3442; x_wconf 89' lang='lat' dir='ltr'><strong>stirpes</strong></span> <span class='ocrx_word' id='word_1_278' title='bbox 1073 3354 1237 3439; x_wconf 90' lang='lat' dir='ltr'><strong>promiscue</strong></span> 
     </span>
     <span class='ocr_line' id='line_1_31' title="bbox 82 3457 1239 3544; baseline -0.006 -18"><span class='ocrx_word' id='word_1_279' title='bbox 82 3464 289 3544; x_wconf 84' lang='lat' dir='ltr'><strong>iungerentur.</strong></span> <span class='ocrx_word' id='word_1_280' title='bbox 331 3457 439 3523; x_wconf 78' lang='lat' dir='ltr'><strong>Postea</strong></span> <span class='ocrx_word' id='word_1_281' title='bbox 455 3480 520 3524; x_wconf 92' lang='lat' dir='ltr'><strong>oum</strong></span> <span class='ocrx_word' id='word_1_282' title='bbox 535 3479 673 3544; x_wconf 90' lang='lat' dir='ltr'><strong>aquarum</strong></span> <span class='ocrx_word' id='word_1_283' title='bbox 690 3459 850 3522; x_wconf 86' lang='lat' dir='ltr'><strong>exundatio</strong></span> <span class='ocrx_word' id='word_1_284' title='bbox 865 3459 981 3522; x_wconf 91' lang='lat' dir='ltr'><strong>bomani</strong></span> <span class='ocrx_word' id='word_1_285' title='bbox 997 3457 1116 3542; x_wconf 82' lang='lat' dir='ltr'><strong>generis</strong></span> <span class='ocrx_word' id='word_1_286' title='bbox 1130 3467 1239 3521; x_wconf 89' lang='lat' dir='ltr'><strong>statum</strong></span> 
     </span>
     <span class='ocr_line' id='line_1_32' title="bbox 82 3559 1343 3644; baseline -0.01 -15"><span class='ocrx_word' id='word_1_287' title='bbox 82 3563 214 3629; x_wconf 78' lang='lat' dir='ltr'><strong>funditus</strong></span> <span class='ocrx_word' id='word_1_288' title='bbox 233 3561 408 3640; x_wconf 82' lang='lat' dir='ltr'><strong>delevisset,</strong></span> <span class='ocrx_word' id='word_1_289' title='bbox 433 3583 507 3626; x_wconf 91' lang='lat' dir='ltr'><strong>unus</strong></span> <span class='ocrx_word' id='word_1_290' title='bbox 523 3583 562 3626; x_wconf 87' lang='lat' dir='ltr'><strong>ex</strong></span> <span class='ocrx_word' id='word_1_291' title='bbox 577 3560 709 3625; x_wconf 91' lang='lat' dir='ltr'><strong>omnibus</strong></span> <span class='ocrx_word' id='word_1_292' title='bbox 725 3559 858 3625; x_wconf 72' lang='lat' dir='ltr'><strong>Netinos</strong></span> <span class='ocrx_word' id='word_1_293' title='bbox 874 3570 1009 3625; x_wconf 83' lang='lat' dir='ltr'><strong>seruatus</strong></span> <span class='ocrx_word' id='word_1_294' title='bbox 1026 3570 1082 3640; x_wconf 92' lang='lat' dir='ltr'><strong>est,</strong></span> <span class='ocrx_word' id='word_1_295' title='bbox 1108 3559 1155 3644; x_wconf 93' lang='lat' dir='ltr'><strong>qui</strong></span> <span class='ocrx_word' id='word_1_296' title='bbox 1171 3580 1237 3643; x_wconf 81' lang='lat' dir='ltr'><strong>gru·</strong></span> <span class='ocrx_word' id='word_1_297' title='bbox 1254 3575 1311 3621; x_wconf 70' lang='lat' dir='ltr'><strong>om.</strong></span> <span class='ocrx_word' id='word_1_298' title='bbox 1323 3576 1343 3618; x_wconf 87' lang='lat' dir='ltr'><strong>r.</strong></span> 
     </span>
     <span class='ocr_line' id='line_1_33' title="bbox 80 3663 1236 3750; baseline -0.004 -20"><span class='ocrx_word' id='word_1_299' title='bbox 80 3669 179 3730; x_wconf 88' lang='lat' dir='ltr'><strong>tiosos</strong></span> <span class='ocrx_word' id='word_1_300' title='bbox 201 3665 274 3750; x_wconf 88' lang='lat' dir='ltr'><strong>apud</strong></span> <span class='ocrx_word' id='word_1_301' title='bbox 298 3667 381 3728; x_wconf 91' lang='lat' dir='ltr'><strong>deum</strong></span> <span class='ocrx_word' id='word_1_302' title='bbox 405 3665 563 3744; x_wconf 82' lang='lat' dir='ltr'><strong>extiterat,</strong></span> <span class='ocrx_word' id='word_1_303' title='bbox 597 3665 672 3748; x_wconf 89' lang='lat' dir='ltr'><strong>quod</strong></span> <span class='ocrx_word' id='word_1_304' title='bbox 692 3675 788 3728; x_wconf 87' lang='lat' dir='ltr'><strong>aetate</strong></span> <span class='ocrx_word' id='word_1_305' title='bbox 808 3685 860 3728; x_wconf 91' lang='lat' dir='ltr'><strong>sua</strong></span> <span class='ocrx_word' id='word_1_306' title='bbox 879 3663 973 3726; x_wconf 90' lang='lat' dir='ltr'><strong>iustus</strong></span> <span class='ocrx_word' id='word_1_307' title='bbox 993 3673 1074 3727; x_wconf 90' lang='lat' dir='ltr'><strong>essct</strong></span> <span class='ocrx_word' id='word_1_308' title='bbox 1088 3664 1236 3727; x_wconf 90' lang='lat' dir='ltr'><strong>inventus.</strong></span> 
     </span>
    </p>

    <p class='ocr_par' dir='ltr' id='par_1_5' title="bbox 80 3765 1240 4366">
     <span class='ocr_line' id='line_1_34' title="bbox 80 3765 1237 3847; baseline -0.003 -15"><span class='ocrx_word' id='word_1_309' title='bbox 80 3765 161 3847; x_wconf 83' lang='lat' dir='ltr'><strong>Hic,</strong></span> <span class='ocrx_word' id='word_1_310' title='bbox 195 3777 227 3830; x_wconf 92' lang='lat' dir='ltr'><strong>ut</strong></span> <span class='ocrx_word' id='word_1_311' title='bbox 246 3777 314 3830; x_wconf 90' lang='lat' dir='ltr'><strong>ante</strong></span> <span class='ocrx_word' id='word_1_312' title='bbox 334 3767 577 3845; x_wconf 86' lang='lat' dir='ltr'><strong>memoravimus,</strong></span> <span class='ocrx_word' id='word_1_313' title='bbox 608 3787 706 3830; x_wconf 87' lang='lat' dir='ltr'><strong>arcam</strong></span> <span class='ocrx_word' id='word_1_314' title='bbox 725 3765 779 3830; x_wconf 88' lang='lat' dir='ltr'><strong>sibi</strong></span> <span class='ocrx_word' id='word_1_315' title='bbox 798 3767 852 3831; x_wconf 94' lang='lat' dir='ltr'><strong>deo</strong></span> <span class='ocrx_word' id='word_1_316' title='bbox 870 3765 988 3829; x_wconf 89' lang='lat' dir='ltr'><strong>iubente</strong></span> <span class='ocrx_word' id='word_1_317' title='bbox 1006 3766 1163 3830; x_wconf 77' lang='lat' dir='ltr'><strong>fabricatus</strong></span> <span class='ocrx_word' id='word_1_318' title='bbox 1180 3774 1237 3845; x_wconf 88' lang='lat' dir='ltr'><strong>est,</strong></span> 
     </span>
     <span class='ocr_line' id='line_1_35' title="bbox 81 3866 1239 3956; baseline -0.003 -21"><span class='ocrx_word' id='word_1_319' title='bbox 81 3869 325 3956; x_wconf 83' lang='lat' dir='ltr'><strong>quemadmodum</strong></span> <span class='ocrx_word' id='word_1_320' title='bbox 338 3891 478 3954; x_wconf 83' lang='lat' dir='ltr'><strong>germane</strong></span> <span class='ocrx_word' id='word_1_321' title='bbox 492 3869 606 3932; x_wconf 86' lang='lat' dir='ltr'><strong>divinae</strong></span> <span class='ocrx_word' id='word_1_322' title='bbox 622 3869 694 3954; x_wconf 82' lang='lat' dir='ltr'><strong>legis</strong></span> <span class='ocrx_word' id='word_1_323' title='bbox 710 3879 897 3933; x_wconf 87' lang='lat' dir='ltr'><strong>monumenta</strong></span> <span class='ocrx_word' id='word_1_324' title='bbox 913 3877 1067 3932; x_wconf 89' lang='lat' dir='ltr'><strong>testantur.</strong></span> <span class='ocrx_word' id='word_1_325' title='bbox 1098 3866 1165 3952; x_wconf 79' lang='lat' dir='ltr'><strong>Qua</strong></span> <span class='ocrx_word' id='word_1_326' title='bbox 1178 3869 1239 3954; x_wconf 88' lang='lat' dir='ltr'><strong>qui-</strong></span> 
     </span>
     <span class='ocr_line' id='line_1_36' title="bbox 81 3969 1240 4058; baseline -0.004 -19"><span class='ocrx_word' id='word_1_327' title='bbox 81 3977 151 4039; x_wconf 89' lang='lat' dir='ltr'><strong>dem</strong></span> <span class='ocrx_word' id='word_1_328' title='bbox 176 3973 206 4035; x_wconf 93' lang='lat' dir='ltr'><strong>in</strong></span> <span class='ocrx_word' id='word_1_329' title='bbox 228 3993 298 4036; x_wconf 86' lang='lat' dir='ltr'><strong>area</strong></span> <span class='ocrx_word' id='word_1_330' title='bbox 317 3984 464 4037; x_wconf 85' lang='lat' dir='ltr'><strong>servatum</strong></span> <span class='ocrx_word' id='word_1_331' title='bbox 483 3969 629 4037; x_wconf 77' lang='lat' dir='ltr'><strong>Nodmum</strong></span> <span class='ocrx_word' id='word_1_332' title='bbox 652 3971 681 4035; x_wconf 92' lang='lat' dir='ltr'><strong>in</strong></span> <span class='ocrx_word' id='word_1_333' title='bbox 705 3973 806 4036; x_wconf 88' lang='lat' dir='ltr'><strong>eodem</strong></span> <span class='ocrx_word' id='word_1_334' title='bbox 825 3973 960 4035; x_wconf 88' lang='lat' dir='ltr'><strong>sincerae</strong></span> <span class='ocrx_word' id='word_1_335' title='bbox 978 3972 1139 4058; x_wconf 88' lang='lat' dir='ltr'><strong>scripturae</strong></span> <span class='ocrx_word' id='word_1_336' title='bbox 1157 3972 1240 4036; x_wconf 88' lang='lat' dir='ltr'><strong>votu-</strong></span> 
     </span>
     <span class='ocr_line' id='line_1_37' title="bbox 81 4073 1238 4160; baseline -0.003 -20"><span class='ocrx_word' id='word_1_337' title='bbox 81 4077 165 4140; x_wconf 89' lang='lat' dir='ltr'><strong>mine</strong></span> <span class='ocrx_word' id='word_1_338' title='bbox 188 4075 330 4159; x_wconf 89' lang='lat' dir='ltr'><strong>proditum</strong></span> <span class='ocrx_word' id='word_1_339' title='bbox 355 4085 418 4154; x_wconf 89' lang='lat' dir='ltr'><strong>est,</strong></span> <span class='ocrx_word' id='word_1_340' title='bbox 451 4097 516 4138; x_wconf 91' lang='lat' dir='ltr'><strong>cum</strong></span> <span class='ocrx_word' id='word_1_341' title='bbox 541 4094 632 4159; x_wconf 91' lang='lat' dir='ltr'><strong>eoque</strong></span> <span class='ocrx_word' id='word_1_342' title='bbox 658 4085 788 4160; x_wconf 87' lang='lat' dir='ltr'><strong>septem,</strong></span> <span class='ocrx_word' id='word_1_343' title='bbox 820 4095 894 4158; x_wconf 87' lang='lat' dir='ltr'><strong>qnae</strong></span> <span class='ocrx_word' id='word_1_344' title='bbox 920 4083 989 4138; x_wconf 89' lang='lat' dir='ltr'><strong>ante</strong></span> <span class='ocrx_word' id='word_1_345' title='bbox 1012 4073 1238 4152; x_wconf 82' lang='lat' dir='ltr'><strong>nominavimus,</strong></span> 
     </span>
     <span class='ocr_line' id='line_1_38' title="bbox 81 4177 1238 4264; baseline -0.004 -20"><span class='ocrx_word' id='word_1_346' title='bbox 81 4179 195 4264; x_wconf 88' lang='lat' dir='ltr'><strong>capita,</strong></span> <span class='ocrx_word' id='word_1_347' title='bbox 221 4177 277 4241; x_wconf 90' lang='lat' dir='ltr'><strong>boc</strong></span> <span class='ocrx_word' id='word_1_348' title='bbox 293 4186 339 4241; x_wconf 90' lang='lat' dir='ltr'><strong>est</strong></span> <span class='ocrx_word' id='word_1_349' title='bbox 352 4177 506 4261; x_wconf 84' lang='lat' dir='ltr'><strong>coniugem</strong></span> <span class='ocrx_word' id='word_1_350' title='bbox 518 4177 610 4263; x_wconf 90' lang='lat' dir='ltr'><strong>ipsius</strong></span> <span class='ocrx_word' id='word_1_351' title='bbox 625 4197 690 4241; x_wconf 90' lang='lat' dir='ltr'><strong>oum</strong></span> <span class='ocrx_word' id='word_1_352' title='bbox 706 4177 798 4241; x_wconf 92' lang='lat' dir='ltr'><strong>tribus</strong></span> <span class='ocrx_word' id='word_1_353' title='bbox 813 4177 926 4257; x_wconf 88' lang='lat' dir='ltr'><strong>liberis,</strong></span> <span class='ocrx_word' id='word_1_354' title='bbox 950 4198 985 4240; x_wconf 90' lang='lat' dir='ltr'><strong>ac</strong></span> <span class='ocrx_word' id='word_1_355' title='bbox 1002 4179 1120 4242; x_wconf 91' lang='lat' dir='ltr'><strong>totidem</strong></span> <span class='ocrx_word' id='word_1_356' title='bbox 1137 4198 1238 4240; x_wconf 91' lang='lat' dir='ltr'><strong>eorum</strong></span> 
     </span>
     <span class='ocr_line' id='line_1_39' title="bbox 81 4275 1239 4366; baseline -0.003 -20"><span class='ocrx_word' id='word_1_357' title='bbox 81 4279 242 4346; x_wconf 78' lang='lat' dir='ltr'><strong>uxoribus.</strong></span> <span class='ocrx_word' id='word_1_358' title='bbox 291 4275 488 4362; x_wconf 83' lang='lat' dir='ltr'><strong>Quamobrem</strong></span> <span class='ocrx_word' id='word_1_359' title='bbox 512 4280 630 4366; x_wconf 82' lang='lat' dir='ltr'><strong>generis</strong></span> <span class='ocrx_word' id='word_1_360' title='bbox 653 4279 769 4344; x_wconf 88' lang='lat' dir='ltr'><strong>bomani</strong></span> <span class='ocrx_word' id='word_1_361' title='bbox 791 4277 930 4364; x_wconf 87' lang='lat' dir='ltr'><strong>reliquias</strong></span> <span class='ocrx_word' id='word_1_362' title='bbox 952 4280 983 4342; x_wconf 90' lang='lat' dir='ltr'><strong>iu</strong></span> <span class='ocrx_word' id='word_1_363' title='bbox 1005 4280 1081 4343; x_wconf 92' lang='lat' dir='ltr'><strong>bunc</strong></span> <span class='ocrx_word' id='word_1_364' title='bbox 1102 4280 1239 4344; x_wconf 90' lang='lat' dir='ltr'><strong>mundum</strong></span> 
     </span>
    </p>
   </div>
   <div class='ocr_carea' id='block_1_4' title="bbox 81 4380 1353 4551">
    <p class='ocr_par' dir='ltr' id='par_1_6' title="bbox 81 4380 1353 4551">
     <span class='ocr_line' id='line_1_40' title="bbox 81 4380 1353 4468; baseline -0.008 -18"><span class='ocrx_word' id='word_1_365' title='bbox 81 4383 237 4450; x_wconf 75' lang='lat' dir='ltr'><strong>aNodmo</strong></span> <span class='ocrx_word' id='word_1_366' title='bbox 251 4383 406 4468; x_wconf 89' lang='lat' dir='ltr'><strong>productas</strong></span> <span class='ocrx_word' id='word_1_367' title='bbox 422 4404 489 4448; x_wconf 89' lang='lat' dir='ltr'><strong>esse</strong></span> <span class='ocrx_word' id='word_1_368' title='bbox 504 4381 637 4448; x_wconf 83' lang='lat' dir='ltr'><strong>veritatis</strong></span> <span class='ocrx_word' id='word_1_369' title='bbox 652 4380 743 4468; x_wconf 86' lang='lat' dir='ltr'><strong>ipsius</strong></span> <span class='ocrx_word' id='word_1_370' title='bbox 759 4382 926 4446; x_wconf 88' lang='lat' dir='ltr'><strong>testimonio</strong></span> <span class='ocrx_word' id='word_1_371' title='bbox 943 4391 1071 4447; x_wconf 86' lang='lat' dir='ltr'><strong>constat.</strong></span> <span class='ocrx_word' id='word_1_372' title='bbox 1114 4381 1166 4446; x_wconf 85' lang='lat' dir='ltr'><strong>Ex</strong></span> <span class='ocrx_word' id='word_1_373' title='bbox 1181 4396 1353 4468; x_wconf 75' lang='lat' dir='ltr'><strong>quotam-11.</strong></span> 
     </span>
     <span class='ocr_line' id='line_1_41' title="bbox 136 4481 1035 4551; baseline -0.008 -23"><span class='ocrx_word' id='word_1_374' title='bbox 136 4483 227 4540; x_wconf 74' lang='lat' dir='ltr'><strong>Carpos</strong></span> <span class='ocrx_word' id='word_1_375' title='bbox 240 4481 374 4527; x_wconf 79' lang='grc' dir='ltr'><strong>Ηιιιιιιιι.</strong></span> <span class='ocrx_word' id='word_1_376' title='bbox 387 4481 416 4526; x_wconf 86' lang='lat' dir='ltr'><strong>u.</strong></span> <span class='ocrx_word' id='word_1_377' title='bbox 996 4489 1035 4551; x_wconf 74' lang='lat'><strong>34</strong></span> 
     </span>
    </p>
   </div>
   <div class='ocr_carea' id='block_1_5' title="bbox 0 0 1562 4990">
    <p class='ocr_par' dir='ltr' id='par_1_7' title="bbox 0 0 1562 4990">
     <span class='ocr_line' id='line_1_42' title="bbox 0 0 1562 4990; baseline 0 0"><span class='ocrx_word' id='word_1_378' title='bbox 0 0 1562 4990; x_wconf 95' lang='lat' dir='ltr'><strong> </strong></span> 
     </span>
    </p>
   </div>
  </div>
 </body>
</html>
