3080 5002
386 315 521 370 unuann
538 315 601 371 ete.
612 317 632 368 1.
651 315 1010 370 numinensium.
1212 305 1273 370 ‘na

116 436 314 524 reperiemus.
358 435 403 504 lta
428 459 487 502 oon
506 437 563 502 iam
582 436 672 500 multe
691 432 858 522 Pniouipie‚
888 436 1049 501 sedunum
1072 437 1145 517 erit,
1177 459 1275 523 aquo

119 551 221 604 eetere
237 541 419 626 dependent,
444 551 474 604 et
487 541 522 604 ad
538 541 624 604 unius
642 539 794 624 imperium
813 537 952 606 universa
968 541 1151 618 referentum
1174 541 1276 624 sieque

118 643 213 708 fallax
232 663 267 708 uo
284 645 384 708 lueosa
399 643 478 708 illius
492 644 587 706 oratio
600 642 752 720 concidet,
777 641 848 706 nibil
865 642 929 727 ipse
943 641 1059 727 quidem
1074 641 1208 708 ueritatis
1225 641 1276 705 bu·

118 747 211 825 beus,
240 766 275 809 ae
297 747 344 811 uel
366 747 444 811 omui
463 745 666 831 probabilitate
685 745 836 809 destitute.
883 741 979 810 Stulta
1000 745 1105 830 quippe
1125 755 1185 808 tota
1204 744 1276 810 baeu

119 861 168 914 est
188 849 297 935 opinio.
342 845 421 912 Nnou
442 847 468 913 si
490 848 620 912 ditamus
637 848 760 912 salntem
781 847 898 911 minime
923 859 967 912 est
985 847 1125 932 adeptus,
1158 847 1213 910 boe
1230 859 1278 912 est

118 953 185 1038 ipsa
207 951 418 1036 quodammodo
441 951 560 1037 generis
581 971 695 1028 mussa,
728 971 782 1016 neo
806 950 863 1015 ulla
887 971 1002 1014 massae
1026 950 1111 1014 buius
1134 949 1274 1036 particulo

117 1055 235 1119 servari
251 1055 368 1140 poterit.
413 1051 447 1120 si
463 1055 540 1118 enim
558 1054 605 1138 qui
623 1055 732 1140 primus
749 1054 877 1118 omnium
892 1053 1026 1118 conditos
1044 1063 1105 1132 est,
1130 1065 1160 1116 et
1176 1073 1215 1116 ex
1230 1052 1276 1115 iu·

118 1167 205 1242 tegra
226 1156 320 1222 adbue
343 1167 421 1221 terra
442 1159 601 1236 tornatus,
633 1155 736 1222 snlntis
753 1157 871 1222 minime
888 1169 935 1222 est
951 1155 1114 1242 particeps,
1148 1175 1222 1239 quae
1239 1153 1274 1218 ab

120 1261 224 1324 eodem
247 1269 312 1323 orta
334 1270 403 1324 sunt
422 1281 480 1344 quo
503 1259 618 1324 taudem
641 1271 726 1343 paeto
749 1260 872 1324 salutem
896 1259 1088 1325 obtinebunt?

205 1359 404 1446 Quamobrem
420 1360 533 1426 duobus
548 1361 641 1428 modis
658 1383 757 1427 seeum
778 1364 841 1448 ipse
856 1374 980 1448 pugnat,
1012 1363 1087 1446 quod
1110 1371 1140 1425 et
1157 1361 1274 1446 nuptias
1292 1375 1353 1444 cap.
1371 1375 1415 1425 itt.

117 1465 234 1530 auetori
247 1465 302 1528 deo
315 1463 484 1530 tribuendas
499 1476 597 1550 negat,
623 1486 730 1550 easque
745 1466 884 1550 flagitium
899 1477 929 1530 et
943 1465 1117 1530 adulterium
1132 1465 1274 1542 nominat,

117 1581 151 1633 et
165 1569 294 1653 seipsum
308 1568 495 1632 nibilominus
512 1589 529 1632 e
545 1569 666 1632 muliere
681 1580 853 1653 prognatum
871 1579 959 1654 atque
974 1589 1014 1632 ex
1032 1568 1110 1632 virili
1127 1578 1193 1632 sato
1209 1588 1276 1652 pro-

117 1683 251 1736 ereetum
274 1671 388 1736 serueri
410 1689 498 1755 posse
520 1671 649 1735 ooobdit.
695 1667 763 1754 Qua
781 1671 895 1755 quidem
911 1673 1023 1736 ratione
1040 1672 1167 1757 priorem
1183 1670 1274 1746 illam,

117 1795 206 1859 quem
225 1773 333 1856 nuptiis
351 1772 549 1858 imposuerat,
579 1775 784 1839 contumeliam
809 1774 939 1840 resoidit.
985 1771 1019 1839 si
1042 1773 1118 1838 enim
1142 1773 1190 1837 ille
1211 1773 1275 1857 ipse

118 1876 264 1961 originem
283 1876 401 1940 trahens
418 1897 434 1940 e
452 1877 561 1962 nuptiis
577 1877 700 1941 salutem
716 1879 922 1961 consequitur,
947 1899 1005 1942 uon
1025 1876 1114 1962 igitur
1128 1875 1276 1940 detesten-

117 1979 176 2044 dae
201 1990 269 2043 suot
293 1979 426 2064 nuptiae,
460 1999 533 2064 quae
556 2001 609 2044 eos
635 1981 773 2063 gignant,
807 1981 910 2064 quibus
935 1982 1014 2045 sulus
1042 1977 1194 2043 tribuenda
1223 1977 1274 2055 sit,

117 2101 329 2168 quemeumque
351 2082 467 2146 demum
491 2093 601 2167 partem
625 2083 745 2166 eligent.
792 2079 925 2164 Quodsi
951 2103 1021 2146 vera
1044 2082 1083 2146 sit
1107 2080 1276 2146 eorumdem

116 2185 282 2263 sententia,
313 2195 344 2248 ut
359 2185 477 2250 illicitae
494 2185 554 2248 sint
571 2186 705 2270 nuptiae,
739 2196 820 2250 tanto
839 2186 931 2268 magis
950 2187 1093 2248 Adamum
1112 2183 1206 2268 ipsum
1224 2203 1277 2268 par

118 2297 167 2352 eet
182 2287 283 2352 salutis
300 2296 462 2372 compotem
481 2287 560 2366 fieri,
585 2289 633 2372 qui
650 2288 737 2352 nullis
755 2298 929 2374 propagatos
946 2287 1053 2372 nuptiis
1068 2286 1158 2370 patris
1176 2307 1210 2348 ao
1227 2285 1277 2355 lilii

116 2401 149 2455 et
164 2389 285 2476 spiritus
303 2390 395 2454 saneti
413 2409 499 2454 manu
514 2400 561 2454 est
575 2389 697 2470 effictos,
721 2389 961 2475 quemadmodum
978 2389 1121 2474 scripturn
1139 2398 1275 2467 testatur,

118 2513 186 2558 oum
213 2492 253 2556 ita
276 2502 359 2577 puter
383 2493 470 2560 filium
492 2493 644 2576 alloquens
666 2494 875 2559 introducitur:
909 2494 1057 2556 Fuortnmis
1079 2497 1215 2556 iomanem
1236 2493 1275 2553 ud
1286 2508 1344 2553 uas.
1355 2508 1375 2562 1,
1385 2508 1418 2552 ue.

117 2601 268 2675 imaginem
275 2641 284 2672 ,
316 2608 345 2657 et
362 2599 570 2658 semilatratum
588 2607 723 2658 nornen.
771 2592 830 2677 Qui
849 2617 937 2682 porro
958 2595 1096 2662 oouueoit
1114 2596 1272 2675 Adamum,

117 2717 206 2784 quem
224 2719 275 2783 pro
291 2698 446 2783 desperato
461 2697 568 2776 bobes,
593 2699 719 2762 aselute
734 2698 860 2762 alienum
878 2718 956 2777 esse,
981 2720 1045 2764 eom
1063 2699 1196 2763 dominos
1212 2700 1276 2784 ipse

116 2799 205 2866 lesus
223 2797 359 2866 Christus
381 2801 410 2864 io
431 2782 506 2864 bunio
526 2802 662 2865 mnodum
678 2801 803 2866 veniens
820 2802 879 2865 vito
897 2801 953 2866 iam
973 2801 1124 2866 teloneos
1142 2801 1274 2868 homines
1288 2817 1365 2862 tuem.
1379 2818 1412 2862 n.

117 2924 244 2989 eorpore
257 2905 321 2988 ipso
337 2903 497 2982 suscitarit,
521 2903 562 2966 uti
580 2901 740 2982 Lazarum,
765 2926 799 2967 ae
816 2903 920 2968 viduae
936 2903 1036 2982 fllium,
1060 2915 1090 2968 et
1105 2925 1275 2991 synagogae
1289 2885 1397 2998 ἔξιθι,

117 3006 260 3093 prineipis
282 3005 380 3069 liliam.
426 3002 504 3069 Naro
524 3007 549 3069 si
569 3006 594 3068 is
610 3027 790 3091 nequaquem
808 3007 952 3071 Adamum
967 3007 1051 3072 initio
1066 3007 1102 3071 de
1118 3019 1198 3071 terra
1217 3009 1275 3072 lor-

116 3118 247 3186 maeret,
278 3129 332 3170 eor
352 3108 381 3170 in
401 3107 516 3172 bonrum
534 3108 678 3193 despuens
700 3110 791 3174 lutum
808 3113 936 3187 luseum,
967 3112 1089 3194 eiusque
1107 3110 1155 3193 qoi
1170 3126 1276 3174 eaeuus

120 3223 210 3276 natos
231 3213 326 3274 luerat
342 3209 434 3274 oeulis
450 3210 593 3290 illineret,
619 3213 702 3296 eique
719 3213 813 3275 visum
829 3211 984 3276 redderet?
1028 3208 1096 3295 Quo
1113 3212 1192 3276 tuoto
1207 3233 1276 3276 uon·

118 3314 244 3378 ditonum
259 3333 292 3376 se
306 3333 374 3377 esee
388 3335 452 3376 oum
467 3324 549 3398 patre
565 3314 716 3398 suspiritu
732 3326 834 3378 saneto
849 3315 1003 3380 manifeste
1020 3313 1191 3394 declaravit,
1209 3335 1275 3380 eom

118 3425 232 3504 partem
250 3415 344 3494 illam,
368 3437 443 3498 quae
461 3435 549 3480 eaeoo
567 3427 636 3480 nato
654 3417 771 3494 deerat,
796 3419 936 3503 adsperso
957 3419 1035 3497 luto,
1060 3417 1191 3482 mutilato
1210 3439 1275 3482 eor·

118 3519 201 3606 poris
223 3517 354 3582 membro
376 3518 513 3583 restituit.
560 3515 601 3584 Ut
622 3520 699 3584 enim
718 3541 852 3584 maneum
872 3521 948 3584 istud
965 3521 1125 3585 membrum
1145 3522 1276 3607 eorrige·

117 3633 185 3703 ret,
217 3621 273 3688 boo
291 3621 387 3706 egisse
404 3622 532 3685 videtur.
578 3618 639 3684 lam
659 3643 731 3686 vero
749 3624 775 3686 si
793 3624 936 3687 Adumum
954 3623 1088 3688 dominus
1107 3623 1171 3710 ipse
1189 3625 1276 3690 labri·

118 3723 216 3803 eavit,
240 3745 274 3786 ae
291 3724 414 3809 primum
429 3723 499 3788 illud
517 3745 601 3788 suum
619 3744 691 3809 opus
710 3725 897 3790 nibilominus
913 3727 1102 3806 exterminat,
1127 3728 1194 3795 duur
1209 3728 1277 3793 reli·

118 3847 194 3913 quos
211 3826 328 3890 interim
347 3837 465 3906 servat,
489 3837 596 3912 quante
612 3828 699 3907 baeu,
725 3826 871 3906 Tatiane,
896 3829 1018 3894 stultitia
1035 3831 1101 3892 est?
1144 3828 1276 3896 lmbeuil·

118 3931 232 3995 litatem
249 3930 325 3993 euim
343 3929 472 4008 domino,
493 3931 676 4014 quantumin
694 3941 721 3994 te
738 3942 794 4008 est,
814 3931 945 4016 affingisp
969 3931 1098 4017 quinum
1116 3933 1274 4014 bominem,

119 4053 206 4118 quem
223 4041 292 4096 oute
308 4052 409 4096 omnes
425 4033 596 4112 effinxerat,
621 4033 657 4096 ob
674 4033 789 4096 unicum
804 4033 903 4098 violati
921 4035 1048 4100 mundati
1063 4036 1174 4102 crimen
1189 4059 1205 4101 e
1220 4035 1277 4102 Pa-

120 4135 221 4200 radiso
237 4134 406 4220 depulsum,
431 4155 486 4198 nee
504 4135 644 4200 mediocri
661 4135 915 4200 animaduersione
933 4139 1124 4222 castigatum,
1147 4151 1179 4203 ut
1196 4151 1275 4205 aeta·

119 4296 189 4354 utque
209 4291 301 4341 Petunti
321 4290 503 4340 emendationem
523 4293 614 4341 sumtum
634 4305 680 4342 uon
713 4292 774 4342 ratio
788 4296 931 4355 stratumne,
955 4279 1033 4361 tuine
1050 4297 1063 4344 i
1079 4297 1100 4342 et
1117 4297 1130 4345 i
1149 4299 1170 4346 et
1185 4299 1207 4362 pi
1218 4299 1275 4347 tute·

120 4360 270 4409 dubitantia
287 4355 414 4424 εἰρημένον
431 4363 530 4407 mutere.
713 4361 768 4409 bunt
789 4363 921 4422 insultabo
940 4363 974 4413 ἂν
993 4365 1058 4412 uerbi
1078 4365 1140 4424 quod
1157 4367 1276 4426 pruemdit

154 4425 261 4478 &Libri
278 4427 360 4477 babent
375 4423 480 4496 βλέπνιν,
498 4425 539 4478 ἵνα
553 4432 603 4478 cett.
634 4429 679 4479 lte-
714 4425 826 4496 βλέπειν,
851 4434 871 4478 et
892 4431 1018 4497 titerurnr'p
1040 4433 1155 4494 absorpsit
1175 4435 1272 4484 literni

118 4498 188 4557 posui
206 4493 317 4562 βλὲπνιν,
342 4491 365 4546 el
382 4491 418 4580 pud
436 4493 477 4546 liu
493 4500 543 4544 oett.
581 4498 679 4546 Voeuto-
711 4499 820 4547 vocabuli
835 4495 891 4561 inu,
909 4500 973 4560 quod
987 4501 1097 4564 munitur.

120 4577 173 4613 rum
189 4563 296 4613 videlieet
317 4560 340 4614 el
356 4577 409 4629 μη,
434 4577 494 4626 quur
510 4564 547 4614 tio
563 4565 680 4616 modoet
