3112 4984
405 307 650 362 resumuntur.
668 309 1012 363 rumunnenxxx.
1219 303 1281 368 tot

129 447 168 496 re
180 427 300 513 cognite
313 427 412 492 oncis
425 449 490 494 nuru
505 427 631 514 Iosepbo
645 429 849 494 communiunt.
889 430 937 495 Ac
950 431 1072 514 primum
1087 431 1281 498 eslsnitsten

128 553 218 596 sonu
235 530 409 616 deplorans,
440 535 544 605 Osos,
567 534 683 614 stater,
714 536 847 606 muheres,
879 531 989 616 inquit,
1018 553 1054 594 ιι
1069 555 1136 596 tucn
1148 541 1283 616 perdum!

127 640 247 696 ιιιιίιωι
261 637 385 716 appono
396 637 525 696 custodes
539 641 658 696 mmm?
701 629 777 714 Quid
792 632 835 696 rei
853 643 935 698 esset
947 633 1111 698 sciscitatus
1126 633 1281 723 Iosephus,

128 735 205 800 nibil
224 744 295 800 onte
314 733 415 798 verbis
435 734 472 799 ub
494 755 530 798 eo
547 734 648 798 didicit
662 755 746 818 qoem
762 755 850 798 msuu
866 735 1041 820 prehensum
1056 755 1150 800 senex
1168 741 1198 802 in
1216 761 1282 804 cunr

127 837 230 902 luennr
248 837 368 912 eduxit,
399 835 448 900 ubi
464 857 532 900 enm
545 837 731 902 adulescente
749 836 861 900 nelsris
877 837 926 900 ills
942 858 1045 901 monus
1060 839 1138 902 inter
1154 852 1283 905 mortuo·

125 960 196 1004 ron
212 938 300 1002 hosts
316 937 450 1002 mnlebcii
463 958 569 1002 cnosso
585 949 775 1002 convenerat.
820 936 902 1021 Ilrpo
920 939 961 1002 illi
977 937 1048 1002 loris
1066 940 1101 1005 cd
1120 940 1282 1025 ingressum

125 1052 249 1108 mutes
265 1039 362 1104 omnis
375 1061 450 1124 quse
466 1040 502 1104 sb
517 1039 555 1104 iis
572 1039 861 1119 hemaucensium,
883 1039 1045 1126 iisdemque
1060 1041 1234 1108 obeuntibus
1249 1065 1283 1108 se

125 1143 310 1208 subducunt.
348 1139 455 1226 Neque
469 1141 548 1206 enirn
564 1143 716 1204 admodum
732 1142 1005 1226 advesperascebat,
1025 1143 1088 1221 sed,
1113 1155 1211 1229 utpote
1228 1146 1282 1208 sub

126 1265 271 1310 οιιιιιιιιι
284 1243 369 1320 solis,
386 1243 473 1308 dubio
486 1244 551 1308 luce
566 1243 694 1306 discerni
709 1243 802 1307 odbuc
817 1243 910 1307 oculis
925 1243 1031 1328 aliquid
1047 1256 1174 1328 poterut.
1205 1243 1282 1311 Mos

126 1346 287 1412 sceleratis
305 1344 362 1409 illis
381 1366 399 1410 ι
418 1346 553 1430 sepulcro
573 1345 713 1428 digressis
733 1366 798 1409 cum
817 1345 928 1430 oollegn
946 1344 1089 1431 Iosephus
1106 1347 1279 1431 ingreditur.

125 1445 175 1512 Ibi
194 1447 404 1512 maleficiorum
423 1447 614 1512 instrumento
631 1447 781 1531 reperiunt
796 1448 827 1510 iu
845 1447 961 1512 humum
980 1448 1110 1526 shiects,
1134 1469 1226 1534 quse,
1251 1460 1283 1514 ut

125 1550 242 1630 siebat,
268 1549 393 1612 bunnnn
408 1558 478 1634 poto
492 1569 526 1612 sc
540 1547 683 1632 sauguine
698 1570 829 1634 superse,
852 1549 980 1614 immisto
996 1551 1117 1635 pulvere
1130 1551 1282 1614 disceden-

125 1663 176 1716 tes
193 1651 388 1735 reliquerant.
433 1647 509 1714 Τιιιι
531 1671 604 1714 vero
625 1662 794 1736 compertae
813 1650 928 1715 illorum
947 1651 1088 1732 insidiae,
1120 1653 1282 1736 cognitum·

125 1775 188 1840 que
202 1753 290 1816 euius
304 1751 376 1816 hoec
389 1751 518 1816 mulieris
534 1772 638 1816 ccusss
653 1752 837 1832 molirentur,
855 1753 953 1837 ithue
967 1765 1105 1837 quantum
1122 1765 1202 1818 ortes
1215 1754 1281 1818 illue

123 1866 254 1941 possent
271 1853 477 1938 expectsbsnt.
522 1849 597 1918 Cum
618 1853 687 1918 nihil
706 1854 828 1918 venefici
853 1855 903 1917 isti
924 1856 1157 1937 promovissent,
1187 1877 1222 1920 nc
1247 1877 1280 1920 se

125 1956 237 2022 mulier
259 1967 290 2018 et
307 1951 419 2022 Christi
434 1954 519 2040 sigum
541 1969 572 2018 et
591 1956 657 2019 tidei
680 1957 824 2041 praesidio
839 1957 1025 2036 detenderet,
1056 1958 1204 2042 cognitum
1222 1967 1279 2036 est,

125 2058 350 2124 adulescentem
366 2067 426 2123 tres
443 2057 573 2142 integros
592 2068 693 2121 noctes
710 2058 786 2121 illius
801 2059 974 2122 alliciendue
988 2059 1082 2142 gratio
1099 2058 1278 2136 substitisse,

125 2182 170 2226 ac
185 2161 301 2224 donum
324 2180 376 2244 spe
396 2181 450 2224 sos
472 2161 639 2224 lnrstrstum
658 2181 722 2222 ιιιιιι
742 2158 949 2245 impostoribus
965 2159 1060 2244 iurgio
1079 2160 1278 2226 contendisse.

127 2261 272 2327 Tertium
288 2261 343 2326 hoc
357 2259 499 2347 Iosephus
512 2263 714 2326 documentum
728 2257 915 2326 Christianus
930 2261 1081 2346 religionis
1097 2261 1206 2342 babuit,
1222 2283 1279 2346 quo

126 2364 206 2429 nibil
223 2365 366 2428 adsersus
380 2359 492 2428 Christi
508 2384 613 2428 nomeu
629 2362 781 2447 crucisque
796 2364 910 2448 signum
927 2363 1027 2430 volere
1044 2362 1187 2428 nnlehcis
1201 2384 1280 2428 conr-

126 2465 226 2552 petit‚
248 2485 342 2549 neque
364 2476 519 2549 propterea
540 2460 725 2530 Christianus
747 2477 779 2529 ut
800 2476 880 2529 esset
901 2466 930 2528 iu
953 2464 1078 2528 animum
1101 2463 1230 2529 induxit.

219 2562 385 2632 Secundum
404 2567 476 2632 haec
491 2561 627 2632 Christus
645 2567 673 2630 ei
689 2587 722 2630 se
736 2566 767 2628 in
783 2565 894 2630 somnis
909 2565 1026 2630 obiicitc
1048 2563 1107 2644 Et,
1129 2571 1211 2646 Ego,
1235 2567 1281 2632 in·
1299 2573 1358 2644 cap.
1372 2581 1419 2634 tx.

124 2667 216 2756 quit,
237 2689 298 2730 rurs
315 2673 411 2743 Iesus,
435 2691 514 2750 quon
531 2674 651 2731 seniores
667 2674 712 2730 toi
724 2673 753 2730 tit
769 2689 879 2730 erucem
896 2681 1031 2748 egerente.-
1055 2671 1177 2749 prm'nsle
1192 2674 1222 2730 tir
1238 2692 1281 2734 ure

121 2774 250 2836 credito.
282 2769 325 2834 At
338 2766 478 2854 Iosephus
494 2789 532 2834 ne
543 2770 583 2834 its
594 2769 708 2854 quidem
720 2771 872 2854 perpulsus
885 2770 1087 2834 vehementem
1102 2769 1132 2834 io
1146 2771 1278 2836 morbum

124 2895 171 2938 se
184 2873 365 2955 desperatum
378 2872 490 2936 incidit.
524 2869 599 2936 Tun
616 2871 748 2934 domiuus
761 2871 788 2934 ei
802 2891 905 2936 rursus
919 2891 1063 2958 sppnreus
1077 2883 1109 2938 ut
1124 2870 1153 2935 iu
1167 2891 1200 2936 se
1216 2895 1280 2938 cre·

123 2977 222 3040 seru
237 2972 384 3051 hortetur,
414 2974 455 3038 its
474 2973 647 3037 veletudisis
664 2983 827 3058 compotem
845 2975 984 3038 loturum.
1029 2973 1095 3038 IIuc
1116 2973 1166 3038 ubi
1188 2976 1279 3040 loctu-

123 3095 201 3142 run
218 3075 378 3159 recepitne
394 3085 514 3160 repente
532 3075 697 3153 convaluit,
726 3073 874 3138 incudem
892 3075 980 3140 enimi
998 3075 1193 3140 obstinatione
1211 3099 1277 3164 per·

123 3176 222 3244 stitit.
264 3175 365 3261 Qusre
382 3177 510 3242 secundo
525 3174 555 3240 in
573 3176 704 3240 morbum
722 3176 874 3261 delapsus,
903 3197 937 3240 ιι
956 3176 1075 3262 perinde
1092 3178 1274 3265 desperatus,

124 3301 204 3346 omn
224 3276 279 3342 isn
301 3279 413 3343 iustnre
435 3289 547 3362 tenpus
569 3288 732 3341 extrenum
751 3275 852 3344 ludaei
874 3276 952 3342 illius
972 3277 1088 3361 cognsti
1108 3279 1274 3357 crederent,

125 3382 212 3468 qued
234 3379 270 3444 ab
293 3379 330 3445 iis
350 3390 466 3444 secreto
488 3380 550 3444 beri
568 3380 644 3444 solet
660 3379 829 3464 mysterium
848 3399 937 3462 seper
955 3380 1055 3443 nudiit.
1099 3377 1217 3444 Etenim
1236 3402 1276 3446 es

123 3481 308 3568 legisperitis
324 3482 437 3566 quidum
454 3490 524 3546 notu
539 3481 657 3564 grandis
672 3481 815 3544 secedens
829 3480 907 3545 illius
923 3481 993 3545 bnec
1008 3479 1128 3546 nuribus
1143 3481 1274 3546 insusur-

123 3584 235 3652 nbst:
259 3587 357 3658 Crede,
374 3583 479 3667 inquit,
495 3587 588 3646 Isson
601 3585 655 3644 sub
667 3587 766 3645 Ponu'o
779 3585 872 3644 Pilato
885 3587 967 3644 cruci
977 3584 1097 3664 officum
1111 3585 1271 3664 dsifilt'rtn,

124 3700 163 3752 et
178 3709 215 3748 es
228 3689 323 3748 nans
332 3697 431 3766 pmteu
442 3687 580 3765 gentium,
599 3688 740 3748 Chr-ritum
753 3706 813 3746 esse
826 3687 881 3758 dei,
904 3694 935 3744 et
946 3705 965 3746 u
978 3687 1095 3745 nortun
1108 3689 1271 3761 melotem,

123 3801 160 3853 st
177 3791 216 3850 a
232 3799 354 3850 mlum
372 3791 500 3867 usumque
515 3789 678 3848 sirmienses
694 3807 753 3848 esse
772 3797 928 3848 ιιιιιιιιιιι.
973 3779 1061 3848 0mni
1080 3805 1135 3870 ego
1154 3807 1274 3852 ameve-

122 3889 248 3958 rsh'one
264 3887 402 3952 conlisum
420 3887 491 3952 boec
507 3885 575 3952 mibi
594 3884 750 3970 Iosepbum
765 3888 856 3973 ipsun
876 3885 907 3948 iu
924 3886 966 3949 rei
983 3897 1085 3969 gestae
1100 3889 1274 3974 exponenda

122 3989 212 4058 nerle
229 4009 378 4054 nonme.
421 3986 508 4072 Quod
524 3991 644 4074 insuper
661 3988 696 4054 sb
713 3989 770 4052 slio
786 3987 919 4074 quopiam
937 3988 1054 4073 occepi,
1084 3991 1133 4075 qui
1149 3987 1273 4056 Iudaeus

124 4091 228 4161 adhuc
243 4091 279 4156 ob
293 4091 408 4156 illorum
422 4102 528 4155 metum
543 4101 618 4169 eret,
641 4101 728 4174 utque
740 4091 816 4154 inter
831 4085 1015 4154 Christianos
1030 4110 1171 4177 persaepe
1184 4092 1273 4175 dege-

123 4195 199 4274 bat,
230 4213 339 4280 eosque
360 4204 393 4258 et
413 4191 588 4258 observabat
611 4193 764 4278 plurinum
788 4201 817 4256 et
838 4191 971 4272 emebat,
1000 4192 1048 4278 qui
1070 4213 1123 4278 per
1141 4189 1272 4258 lletbolis

163 4447 190 4500 :t
211 4451 252 4500 Str
267 4451 347 4500 runc.
364 4463 393 4500 ιι
409 4452 545 4502 snetmdutr
560 4450 612 4502 ond.
625 4449 699 4512 seut
733 4450 760 4498 tu
774 4449 829 4500 cdd.
846 4450 922 4510 orbor.
942 4451 1004 4500 enin
1023 4451 1086 4498 estut
1104 4440 1271 4512 innuuntur,

122 4521 189 4571 nuto
204 4519 261 4568 solit
276 4519 376 4580 uulport'.
