3078 5012
366 303 502 357 Pausutt
519 305 581 358 Lib·
593 307 614 358 l.
630 305 712 365 ΝΜ.
726 305 770 358 lll.
787 305 886 356 HABR.
899 305 979 356 XLll.
1190 293 1251 356 605

96 423 141 488 ris
156 422 267 508 pariter
281 423 454 509 animaeque
466 425 612 506 dominus,
634 445 670 488 ao
687 433 745 489 tau
761 423 924 510 praesentis
941 443 1026 509 quam
1043 425 1157 489 loturae
1172 424 1251 490 vitae

97 526 231 612 largitor.
276 525 332 590 ldie
355 527 433 592 euim
454 539 520 613 post
542 529 674 613 oorporis
695 529 804 593 obitum
824 525 973 592 Lazarum
993 537 1022 591 et
1040 527 1143 591 viduae
1162 527 1250 592 fllium

96 650 133 693 se
151 651 321 715 synagogae
339 629 477 716 principis
500 631 586 695 liliam
605 631 746 696 excitauit
768 652 784 694 a
803 631 941 710 mortuis,
973 650 1031 694 non
1050 639 1083 694 nt
1099 629 1128 693 in
1145 631 1251 695 malum

7 721 9 724 ⁵
96 731 232 816 quiddam
254 733 319 796 illos
340 731 439 797 subire
456 733 661 820 compellaret,
694 733 854 798 uniusmodi
872 732 1050 817 ergastulum
1069 731 1118 796 isti
1136 732 1250 797 animae

96 853 205 921 eorpus
222 855 289 899 osse
305 845 453 916 statuunt,
483 839 534 902 sed
550 837 657 901 bonum
673 837 772 922 ntique
790 835 924 916 molitos,
954 856 988 899 so
1004 833 1094 920 probe
1112 835 1189 898 istud
1207 835 1252 897 in·

94 937 234 1021 talligens
249 948 305 1002 tam
319 937 396 1002 illam
412 938 442 1002 iu
457 959 580 1024 eorporo
595 940 852 1004 commorationem
870 960 885 1002 a
901 958 935 1002 se
947 959 1032 1022 qnam
1047 937 1173 1000 loturam
1187 955 1251 1001 oar·

95 1039 143 1102 nis
162 1051 192 1104 et
208 1041 323 1106 animae
339 1041 585 1106 resurrectionem
602 1063 669 1108 esse
687 1041 846 1106 delinitam.
892 1042 938 1104 Ao
956 1041 981 1104 si
997 1039 1174 1124 reliquorum
1189 1040 1251 1102 ani·

94 1143 236 1208 mantiam
256 1143 379 1208 eandam
396 1155 483 1230 atque
500 1144 647 1210 bominum
666 1166 734 1209 esse
750 1155 866 1230 putaret
880 1143 1023 1222 animam,
1054 1164 1118 1207 oum
1136 1142 1250 1206 animae

93 1246 260 1309 servandae
278 1267 383 1310 eaussa
398 1247 549 1328 venisset,
574 1269 754 1334 nequaquam
773 1246 926 1334 oportebat
939 1244 1092 1331 arreptitio
1109 1265 1168 1310 uno
1186 1265 1250 1331 per-

93 1359 221 1424 sonato,
245 1349 293 1433 qui
311 1369 328 1412 a
346 1349 542 1415 monumentis
558 1351 678 1430 exibat,
702 1351 783 1414 obire
800 1351 957 1415 daemones
974 1349 1076 1414 iubere
1094 1369 1129 1412 ao
1146 1369 1251 1433 poroo·

92 1471 162 1514 rum
184 1451 272 1515 millia
294 1452 351 1516 duo
373 1452 536 1538 perimere,
567 1452 592 1518 si
610 1454 639 1516 in
657 1453 754 1538 porois
771 1464 802 1516 et
819 1451 983 1517 bominibus
1003 1452 1120 1516 eaodem
1137 1451 1249 1516 animae

91 1553 257 1617 resideant.
304 1551 367 1619 Cirr
381 1555 460 1619 enirn
477 1555 562 1620 nnius
580 1577 679 1620 euram
696 1577 761 1620 oum
780 1556 900 1620 duorum
918 1554 1036 1620 millium
1054 1553 1251 1618 commutabat

92 1656 211 1720 exitio?
253 1656 301 1720 Ad
322 1657 395 1722 baeu
413 1658 439 1722 si
458 1659 602 1744 serpentis
619 1659 714 1724 instar
730 1658 853 1742 obliquis
870 1657 994 1722 lleaibus
1010 1655 1112 1720 oollide
1127 1657 1248 1741 irrepat,

91 1779 132 1824 ae
153 1759 230 1822 dieat
251 1759 317 1824 ideo
341 1781 357 1822 a
381 1760 513 1846 oorporis
533 1761 598 1825 illas
620 1760 744 1827 vinoulis
766 1761 919 1826 exsolutas
940 1779 1056 1824 sarsum
1079 1769 1110 1822 ut
1131 1759 1249 1824 evolare

89 1872 233 1948 possent,
265 1864 353 1926 otiam
370 1859 518 1928 Lazarum
538 1884 590 1949 par
607 1874 671 1928 erat
685 1885 809 1951 oorpore
825 1864 951 1928 solutum
968 1862 1003 1926 ad
1021 1883 1128 1948 eorpus
1143 1862 1248 1926 iterum

88 1963 216 2028 minime
231 1965 359 2042 reverti,
384 1965 514 2050 adeoque
532 1966 611 2031 illurn
628 1965 722 2052 ipsum
739 1987 825 2052 quem
841 1965 967 2030 diximus
983 1964 1164 2051 arreptitium
1183 1985 1249 2028 oor·

88 2066 177 2153 poris
192 2065 317 2132 vineolis
334 2067 484 2148 eximare3
515 2069 590 2154 quod
608 2069 723 2154 quidem
742 2071 839 2134 laoere
856 2068 966 2147 noluit,
997 2069 1048 2131 sod
1065 2067 1181 2153 oorpori
1198 2087 1249 2153 po·

88 2169 155 2233 tina
184 2169 239 2234 boo
262 2171 348 2233 modo
372 2170 514 2254 providit,
550 2172 623 2236 houd
647 2172 767 2257 ignarus
790 2171 857 2256 quid
879 2170 1061 2256 potissimum
1083 2169 1247 2256 expediret.

89 2270 295 2356 Quamobrem
312 2273 368 2336 ruit
383 2273 432 2336 illa
450 2283 509 2352 tua,
533 2271 661 2355 Murrio,
685 2285 871 2357 tuorumque,
895 2293 949 2336 neo
965 2293 1023 2336 non
1039 2283 1069 2336 et
1083 2283 1248 2336 oeterorum

88 2374 132 2438 de
148 2373 243 2438 anima
260 2374 472 2440 haeretieorum
491 2376 601 2463 opinio.
646 2376 693 2442 lle
709 2375 844 2440 simulata
861 2395 933 2439 vero
950 2375 998 2440 illa
1015 2384 1063 2440 tua
1079 2374 1157 2438 vitae
1173 2373 1249 2438 inte·

87 2475 203 2562 gnitate
225 2499 301 2542 nuno
316 2478 424 2564 ‚paneis
446 2480 587 2563 agendum
613 2490 675 2558 est,
711 2481 804 2564 deque
826 2499 862 2542 eo
881 2478 957 2562 qnod
974 2478 1147 2543 meleretum
1162 2485 1248 2560 atque

87 2578 292 2644 exeorabilem
310 2601 393 2644 usum
408 2581 539 2645 oarnium
555 2582 802 2647 esseoontendis.
849 2578 909 2645 Sed
927 2580 1062 2645 nimirum
1076 2589 1104 2643 te
1120 2579 1251 2643 salrator

86 2683 156 2769 ipsa
173 2682 364 2763 condemnat,
396 2682 445 2767 qui
461 2704 526 2748 oum
544 2685 668 2750 solantia
683 2684 770 2768 longa
786 2681 950 2764 antecellit,
985 2692 1044 2747 tum
1061 2681 1127 2767 quid
1144 2680 1249 2744 melius

87 2795 176 2850 esset
199 2784 253 2848 lrao
278 2785 424 2850 sententia
445 2786 618 2872 complexos
640 2798 705 2852 este
741 2790 873 2864 (tuum
896 2798 940 2849 est
959 2807 977 2847 o
997 2807 1053 2868 quo
1065 2787 1152 2866 filias
1169 2795 1251 2865 petor

81 2894 206 2971 pacem,
231 2909 297 2950 num
312 2901 466 2970 serpentem
480 2891 560 2952 datu
571 2893 619 2954 itu·
631 2903 685 2952 eut
692 2913 748 2972 pro
762 2911 813 2952 ooo
827 2893 1022 2972 scorpionem?
1065 2886 1178 2971 Quibus
1192 2886 1249 2949 ista

86 2989 236 3056 subierit:
260 2993 297 3052 Sr'
309 3013 378 3071 ergo
396 3015 444 3054 ooo
458 2997 597 3056 romoald
613 2997 683 3055 moli
695 2997 785 3056 nostes
799 2995 871 3055 bono
884 2997 951 3056 doto
966 2993 1120 3072 dorestb'tr
1134 2994 1245 3062 nasum,

85 3098 310 3176 quantomagis
330 3105 416 3174 pater
438 3107 530 3157 vestm
550 3099 699 3158 omnmo?
747 3093 840 3179 igitur
863 3117 927 3160 oum
951 3095 1019 3158 dats
1040 3091 1115 3156 bona
1140 3090 1248 3176 piscem

86 3215 239 3279 ovumque
256 3195 402 3274 nominet,
433 3198 538 3262 malum
563 3219 620 3262 non
644 3209 691 3262 est
715 3198 783 3261 illud
807 3219 864 3282 quo
879 3197 1003 3261 ooelitus
1018 3215 1161 3258 oonoesso
1183 3215 1246 3256 oum

85 3298 252 3384 gratiarum
272 3298 385 3362 notione
404 3299 595 3385 perfruimur,
628 3300 759 3384 adeoque
783 3310 831 3363 tua
850 3299 982 3364 exomni
1001 3307 1083 3382 parte
1100 3297 1178 3360 lraas
1195 3295 1248 3358 inr-

85 3400 245 3487 pietasqna
270 3401 425 3485 detegitur.

179 3499 281 3567 Sobol.
299 3500 406 3567 XXV.
441 3503 610 3568 Detrnotmn
631 3504 700 3568 illud
723 3515 788 3568 erat
806 3505 882 3588 quod
905 3504 939 3567 ad
961 3502 1127 3588 prophetans
1146 3499 1247 3565 lenam

85 3605 234 3692 pertinet.
280 3602 333 3670 Sio
349 3605 427 3670 enim
444 3606 583 3671 habebut:
609 3611 758 3670 Generalis
775 3611 859 3682 daeo,
883 3611 994 3686 rognum
1010 3627 1066 3666 non
1079 3606 1193 3666 dabatur
1207 3609 1244 3666 εἰ.
1260 3625 1356 3682 noers,
1367 3627 1399 3671 st.

85 3706 347 3774 Desiderabantur
369 3718 397 3770 et
420 3708 468 3771 illa
491 3709 595 3793 quibus
617 3711 653 3772 de
674 3707 785 3774 Ninive
808 3719 838 3773 et
859 3706 1019 3774 Salomone
1042 3707 1074 3770 bt
1094 3707 1215 3772 mentio.

177 3807 281 3872 Relut.
296 3806 402 3873 XXV.
435 3809 502 3875 Neo
518 3811 547 3874 in
563 3810 621 3876 illis
636 3811 751 3896 quidem
765 3812 839 3877 loois
854 3831 928 3896 quae
944 3809 1102 3874 mutilando
1118 3830 1248 3874 eorrum-

84 3914 153 4000 pis‚
185 3907 319 3990 Mansio,
351 3911 409 3976 vim
438 3922 521 3998 potes
545 3914 677 3978 veritatis
705 3915 846 3998 effugere.
891 3911 1024 3976 Tametsi
1053 3911 1129 3975 enirn
1155 3921 1246 3975 lotum

82 4015 162 4080 illud
187 4013 223 4077 de
246 4011 318 4078 lona
343 4015 482 4099 propbeta
504 4015 677 4095 subtrahas,
709 4037 767 4100 quo
789 4015 946 4080 salvatoris
965 4013 1178 4078 administratio
1200 4010 1247 4095 illq

84 4117 188 4184 omnis
203 4116 394 4202 exprimitur,
418 4119 536 4182 auferas
551 4119 639 4182 etiam
656 4139 690 4182 ea
706 4138 780 4202 quae
796 4120 831 4182 ad
848 4118 951 4184 Austri
966 4119 1094 4202 reginam
1112 4137 1146 4179 ao
1161 4113 1247 4180 Salo-

83 4239 210 4286 monem
229 4230 380 4306 spectant,
413 4241 470 4284 una
493 4240 558 4285 oum
579 4219 702 4284 salutari
723 4219 772 4284 illo
788 4218 915 4288 Ninives
934 4220 1081 4285 mentione
1102 4238 1137 4282 ao
1156 4214 1247 4282 lonae

83 4321 328 4410 praedicatione,
353 4321 539 4387 nihilomiuus
554 4322 601 4386 vel
614 4321 680 4402 illa,
705 4343 788 4407 quam
805 4322 959 4409 proposui,
984 4321 1095 4406 iugulat
1109 4331 1138 4385 te
1151 4321 1247 4387 salva·

84 4477 176 4611 agrili·
189 4473 224 4544 dd
248 4475 307 4544 περὶ
323 4474 421 4544 Nestori
444 4476 489 4532 καὶ
512 4480 571 4546 duo.
593 4481 656 4528 solut
723 4475 763 4531 79.
782 4477 937 4545 Σαλομῶνος
953 4479 989 4530 ed.
1004 4481 1085 4530 Polou.
