3080 5002
361 279 496 332 raanan
513 279 575 330 urs.
590 280 609 328 t.
627 277 708 330 ron.
721 277 764 326 nr.
782 275 882 326 nasa.
893 276 974 326 xant.
1183 261 1242 324 641

178 399 281 464 tterur.
303 395 343 462 ΙΙ.
379 396 453 463 Cum
477 399 532 462 boe
555 399 619 461 toea
637 417 739 462 rursus
759 396 908 481 apostolas
927 395 1072 478 significet
1091 405 1246 480 susceptae

89 504 190 567 carnis
208 501 488 566 administrationem
509 521 624 564 curnem
646 521 680 564 ac
699 520 815 562 crucem
838 500 872 561 ad
892 498 1047 561 tollendum
1064 499 1246 561 maledictum

90 607 288 692 pertinuisse,
320 606 405 689 idque
428 605 522 689 ipsum
551 612 581 666 ct
601 604 630 666 in
652 604 715 686 tege
738 613 824 666 antea
848 600 987 686 seriptum
1012 622 1046 662 ac
1068 601 1247 686 praedictum

89 709 203 788 fnisse,
236 729 271 772 ac
294 709 408 770 demum
433 708 463 770 in
487 707 635 770 salvatore
662 707 839 791 perfectum,
875 704 948 768 haud
974 703 1097 767 obscuro
1120 705 1249 767 declarat

89 833 153 876 arun
180 811 304 874 alienam
328 832 345 874 a
368 809 516 874 salvatore
538 829 605 872 esse
628 809 740 892 tegern,
773 818 872 894 utpote
895 828 969 891 quae
991 807 1026 870 ab
1050 806 1099 870 itto
1120 808 1249 890 gerenda

90 915 191 978 omnia
215 914 373 978 vaticinata
397 913 501 989 inerit,
527 933 562 976 ac
586 911 753 975 testimonio
776 909 986 974 corroborarit.

180 1015 282 1081 Sciunt.
303 1013 359 1078 lii.
397 1017 545 1097 Testrficcr
560 1037 673 1076 rursum
692 1017 820 1096 qnondam
842 1017 922 1075 domo
939 1018 1121 1074 circumactus
1139 1015 1249 1075 debitur
1261 1030 1337 1076 natea
1349 1033 1369 1088 a,
1382 1033 1402 1077 a.

92 1133 139 1182 est
162 1126 308 1182 uniuersae
330 1122 402 1200 legas
423 1122 587 1199 inplendae.

182 1221 284 1286 Paetut.
306 1219 361 1284 iil.
397 1218 482 1304 Quod
501 1222 553 1300 ait,
577 1223 695 1282 Debitor
709 1233 761 1295 est,
787 1241 844 1282 non
860 1228 1004 1302 tamqnam
1019 1220 1054 1282 de
1070 1241 1103 1284 re
1117 1220 1250 1306 quapiam

94 1325 241 1414 prohibita
259 1325 350 1406 dixit,
382 1325 432 1388 sed
452 1324 486 1386 dc
505 1325 642 1408 graviore
661 1324 783 1407 quodam
802 1343 912 1402 ornere,
944 1323 1019 1406 qnod
1037 1323 1183 1388 sublevari
1202 1345 1253 1409 po·

94 1441 168 1494 test.
215 1426 275 1492 Sed
297 1428 355 1506 ita,
387 1449 463 1490 unus
484 1438 514 1490 nt
533 1427 739 1505 sitdominus,
773 1424 820 1510 qui
838 1436 868 1488 et
885 1447 1010 1489 onerare
1027 1427 1135 1512 possit,
1168 1427 1252 1490 etde

95 1553 190 1597 onere
208 1531 380 1608 detrahere,
413 1551 465 1616 pro
483 1549 583 1594 eorum
602 1529 752 1593 saturitate
770 1529 817 1612 qni
835 1529 958 1592 obtatam
977 1550 1029 1614 per
1046 1530 1109 1593 eiras
1128 1529 1252 1616 gratiam

94 1636 191 1722 ipsius
213 1635 341 1697 adventu
363 1632 486 1697 salntem
510 1632 628 1696 minime
650 1631 881 1718 repudiaverint.

186 1735 289 1800 Schoi.
309 1735 364 1800 lV.
398 1733 458 1799 Pru
482 1755 518 1799 eo
540 1737 616 1819 quod
639 1745 702 1814 est,
733 1739 875 1796 Modicum
888 1737 1061 1818 sarmentum
1080 1747 1164 1796 toturn
1181 1757 1254 1797 anos-
1267 1751 1355 1799 tatas.

94 1865 158 1904 som
181 1845 353 1920 corrumpit,
380 1837 531 1922 rescripsit
552 1841 716 1900 Adultcrnt.

186 1941 288 2006 netur.
309 1939 365 2005 lv.
400 1937 449 2004 Ne
471 1941 547 2025 qnod
570 1942 610 2004 sit
631 1941 704 2026 apud
727 1939 806 2004 ilium
828 1941 962 2005 veritatis
982 1941 1154 2025 vestigium,
1187 1965 1256 2006 ntis-

98 2067 188 2130 quam
206 2047 275 2138 ⁴tere
297 2043 457 2132 scripturas
477 2044 588 2125 attigit,
620 2042 689 2127 quin
708 2043 851 2107 malitioso
869 2044 974 2128 aliquid
993 2045 1173 2125 immutaret,
1204 2045 1256 2109 sed

99 2171 142 2212 ex
166 2169 202 2212 eo
225 2147 300 2232 quud
323 2147 456 2232 sequitur
474 2146 616 2210 orationis
632 2147 725 2210 series
743 2145 805 2232 ipsa
823 2147 975 2209 nrarriiesta
994 2149 1134 2210 redditur.
1177 2145 1257 2212 Nam

99 2255 291 2329 termentum,
315 2250 397 2314 vetut
414 2251 505 2312 torma
523 2250 676 2332 quaedam,
702 2270 817 2313 massae
834 2249 971 2312 subactae
985 2271 1056 2334 opus
1073 2263 1130 2331 est,
1154 2261 1185 2314 et
1201 2253 1258 2315 ier-

99 2354 244 2418 mcntatio
269 2353 331 2438 ipsa
353 2373 369 2416 e
392 2353 511 2416 subacta
535 2373 631 2416 massa
653 2353 701 2433 tn
733 2373 826 2436 neque
846 2349 1046 2437 primigeniam
1067 2355 1188 2418 turmam
1207 2354 1258 2416 de·

100 2456 233 2536 struxit,
258 2456 311 2540 qui,
326 2455 484 2541 prudenter
500 2455 717 2518 similitudinem
741 2455 817 2518 ittam
840 2456 1143 2542 comparationemque
1164 2467 1259 2522 trans·

102 2559 181 2623 tulit.

192 2657 294 2724 Schoi.
314 2657 354 2724 V.
391 2665 485 2722 Omnia
503 2666 576 2722 enain
595 2662 642 2722 lea
658 2664 687 2722 in
706 2683 738 2722 en
758 2663 834 2722 codas
852 2663 1000 2741 ninpletur:
1033 2663 1373 2743 detegesproae21na.1a

102 2787 179 2828 marm
203 2775 280 2826 unum
301 2768 378 2824 eraut
398 2767 524 2844 taqueum.

193 2865 297 2930 Reiut.
312 2863 352 2930 V.
389 2861 466 2948 Quid
484 2865 624 2930 attinebat
638 2865 799 2952 apostolum
815 2867 910 2952 legam
927 2867 1080 2947 adbibere,
1105 2867 1130 2931 si
1148 2890 1165 2934 a
1180 2877 1261 2933 vete—

103 2970 189 3036 ribus
205 2967 349 3032 mandatis
365 2991 472 3033 novum
489 2979 692 3034 testamentum
708 2969 901 3034 abhorreret?
942 2967 1002 3034 Sed
1020 2980 1051 3032 nt
1065 2981 1165 3056 aperte
1180 2993 1263 3035 anon·

104 3083 218 3138 straret
235 3072 291 3135 dno
315 3071 365 3136 itta
382 3081 557 3136 testamenta
581 3073 616 3138 ab
641 3095 698 3136 nno
715 3073 876 3158 eodemque
899 3084 1018 3137 anctore
1039 3075 1093 3137 deo
1113 3095 1261 3154 manasse,

105 3196 310 3260 summamque
327 3175 476 3240 amborum
492 3195 558 3239 esse
576 3177 779 3256 concordiam,
805 3175 957 3260 utrobique
971 3175 1171 3261 proximorum
1188 3178 1262 3240 uari·

106 3290 166 3342 tate
186 3278 280 3362 legem
297 3278 411 3364 impiari
429 3279 626 3364 significatur,
658 3300 731 3362 quae
751 3281 909 3364 perfectum
927 3279 1117 3364 omnibusque
1135 3279 1263 3343 numeris

106 3381 273 3448 absolutum
293 3381 399 3445 hortum
418 3382 532 3445 efficiat.
579 3379 649 3445 ideo
668 3382 875 3467 perfectionem
895 3382 969 3466 tegis
990 3383 1139 3467 apostolus
1158 3381 1264 3446 carita·

108 3497 167 3549 tem
193 3483 393 3548 essedednit.

197 3585 298 3652 Schoi.
317 3583 372 3652 Vi.
407 3590 561 3670 Mnnffestn
576 3598 644 3649 aurat
658 3598 749 3648 nartem
766 3609 851 3668 opera
868 3593 983 3663 cornea,
1008 3591 1378 3672 quaesuntsorna'-1saa,1a.

108 3697 197 3766 cotan,
222 3693 412 3764 inmunditia,
438 3692 572 3765 incurrit,
597 3694 733 3752 r'dolorum
755 3697 892 3765 seruatus,
918 3694 1064 3772 ueneficiis,
1089 3696 1263 3772 inimicitiae,

109 3799 317 3868 contentiones,
347 3796 563 3868 aemulationes,
594 3799 669 3868 enne,
696 3798 794 3868 rauce,
819 3799 1019 3868 descensiones,
1045 3807 1153 3870 senine,
1178 3799 1266 3858 donti-

109 4069 139 4105 ea
153 4051 206 4102 cod.
221 4053 293 4101 t'otr'c.
308 4053 411 4113 reposuit
425 4052 542 4101 Petuntur.
578 4053 604 4100 tn
619 4053 673 4101 edtt.
741 4049 781 4102 89.
800 4054 877 4101 Facite
894 4054 980 4115 otiquis
997 4057 1121 4104 ccmeantt
1138 4052 1213 4115 ieci,
1236 4042 1267 4107 cd

110 4125 187 4185 princ.
205 4121 280 4182 eninr,
298 4133 398 4182 quoram
412 4119 530 4180 conspirat
545 4123 614 4168 ettam
626 4121 676 4168 rod.
711 4119 737 4172 αἱ
753 4123 776 4172 δ.
792 4123 832 4178 d,
850 4117 894 4172 xci
911 4125 960 4173 cett.

113 4190 230 4251 nundin,
255 4191 335 4239 uitiosa
352 4193 416 4238 catat
438 4185 475 4256 τῷ
494 4187 635 4254 ζυμοῦσθαι
652 4183 677 4240 ἐν
743 4186 783 4239 90.
801 4185 966 4254 ἐργαζόμενον
980 4193 1063 4253 scrtpaa'
1074 4205 1118 4251 pro
1131 4186 1265 4254 ἐργαζομέ-

111 4261 173 4317 τοῐς.
710 4275 765 4316 νου,
783 4259 844 4322 qnod
862 4259 915 4307 titire·
931 4263 1029 4309 tuentur.
1062 4259 1125 4308 tum
1140 4261 1202 4308 cutm
1215 4272 1266 4309 sen·

146 4323 189 4378 at.
212 4325 252 4376 Sto
273 4327 344 4374 ettam
364 4339 445 4389 supro
480 4326 576 4377 Patauio
601 4326 677 4377 deesse
710 4327 781 4376 tentio
796 4327 905 4387 poetatur.

111 4395 207 4446 uidetur
224 4390 249 4445 ἐν
265 4393 312 4461 τῷ.
744 4394 784 4444 tn.
802 4391 993 4458 incantante
1008 4409 1081 4456 supro
1098 4396 1187 4458 tepttnr.

147 4463 190 4514 Sd.
208 4455 226 4526 η’
242 4463 342 4524 adposui
355 4464 383 4512 de
397 4467 533 4514 auctoritate
548 4465 598 4514 cod.
614 4465 678 4514 Vati·
744 4460 785 4512 ut.
803 4465 883 4524 Supra
900 4461 1003 4524 uiatore.

114 4546 182 4584 cono.
744 4529 784 4583 93.
802 4533 882 4594 Supra
898 4527 976 4598 φόνοι.

167 4611 256 4669 Carpus
270 4609 447 4658 Haeaoaect.11.
1023 4623 1060 4682 qq
