3100 4984
298 256 359 320 406
722 269 844 324 ειυοτι
862 270 1031 324 ενινιιευιι

298 405 345 450 σιν
360 390 420 449 τῶν
436 386 642 472 πρεσβυτέρων
657 383 751 469 ύμῶν.
800 395 894 454 Τοῦτο
912 389 944 453 δέ
958 384 1079 464 Ἡσαΐας
1096 385 1279 472 ἐξεφώνησεν
1296 385 1404 467 είπῶν,
1424 384 1456 452 Ὅ

299 484 371 562 λαός
387 479 475 564 ούτος
490 496 552 563 τοῖς
567 492 668 570 χείλεοί
683 515 718 572 με
734 497 818 578 τιμᾷ,
842 488 860 574 ἦ
878 491 909 556 δέ
927 494 1035 575 καρδία
1052 487 1150 556 αύτῶν
1167 489 1271 576 πόρρω
1289 487 1390 573 ότιέηει
1406 487 1453 555 όιέ

300 592 388 672 ἐμοῦ
419 587 515 673 μύτην
530 591 562 655 δὲ
578 593 716 674 σέβονταί
730 619 779 674 με,
808 592 997 669 διδάσκοντες
1017 596 1268 672 Ιῡδιδασκαλίας,
1297 591 1456 676 ἐντάλματα

300 689 479 776 α’νθρῶπμιν.
523 700 639 776 Σαφῶς
660 687 716 761 οῦν
737 698 770 760 έκ
789 695 901 762 τούτων
923 699 965 772 είς
986 699 1052 782 τρία
1075 695 1281 782 διαιρούμενος
1301 693 1319 760 ό
1338 694 1454 778 σύμπας
1527 759 1528 768 ,

299 797 409 870 ἐκεῖνος
426 799 574 868 δείκνυται
588 795 686 880 νόμος.
732 800 889 874 Μωῦοέως
902 824 932 864 τε
950 796 1007 884 γύρ
1024 795 1134 878 αύτοῦ,
1156 799 1208 863 καλ
1224 805 1282 863 τῶν
1300 799 1453 884 πρεσβυτέ·

178 929 228 975 μιν.
239 918 285 962 κισ.
299 923 376 1024 ριρν,
404 895 515 962 καλ’
477 905 569 964 αυτοῦ
591 906 644 964 τοῦ
666 907 743 964 θεοῦ
765 899 888 986 εῦρομεν
909 904 1090 983 νομοθεσίαν
1111 897 1200 966 ἐν’
1162 907 1251 988 αυτῷ.
1295 899 1381 982 Αῦτη
1403 901 1454 982 μὲν

171 1208 282 1278 Κεφε.

299 1026 356 1066 ουν
376 1029 396 1083 η
388 997 558 1084 διαίρεσις
577 1009 632 1067 τοῦ
653 1004 825 1085 σύμπαντος
846 1002 1016 1070 έκείνου’
981 1028 1078 1085 νυμον
1099 995 1198 1069 οἶδε’
1178 1012 1250 1086 ημῖν
1273 1007 1454 1089 διαιρεθεῖσα

299 1100 333 1168 τό
356 1106 388 1168 έν
409 1101 488 1192 αύτῷ
510 1102 620 1185 ύληθές
641 1101 857 1191 όναπέφαγιιεν.

388 1204 484 1271 Πόλιν
498 1207 529 1272 δέ
545 1205 583 1289 δη
596 1233 630 1272 το
623 1205 677 1272 έν
692 1205 836 1292 μέρος,’
818 1235 834 1273 ο
853 1204 947 1274 αύτοῦ
960 1215 1015 1274 τοῦ
1030 1215 1107 1273 θεοῦ
1124 1205 1224 1290 νόμος,
1247 1209 1442 1294 διαιρεῖται’
1416 1233 1455 1284 εις

300 1311 366 1393 τρία
381 1304 462 1388 τινό,
485 1312 528 1384 είς
544 1335 575 1373 τε
591 1308 645 1392 την
658 1309 800 1394 καθαρόν
812 1315 1008 1394 νομοθεσίαν,
1030 1309 1084 1394 τὴν
1100 1307 1292 1393 οἷσύμτιλοκον
1308 1317 1350 1399 τῷ
1363 1317 1454 1398 κακῷ,

299 1409 334 1486 ῦς
349 1411 399 1475 καὶ
415 1414 527 1496 κυρίως
545 1410 651 1494 Νόμος
665 1413 791 1497 λέγεται,
819 1411 925 1479 δνούκ
941 1406 1016 1496 ἦλθε
1034 1409 1228 1478 καταλῦσαιό
1243 1411 1357 1498 σωτὴρ,
1386 1409 1453 1476 όλλό
1529 1439 1530 1464 ι

299 1519 454 1598 πληρῶσαι
470 1511 518 1590 (ού
530 1510 586 1598 γδρ
600 1507 638 1597 ἦν
652 1512 801 1600 ύλλότριος
820 1513 912 1582 αύτοῦ
928 1514 963 1582 δν
977 1513 1153 1602 ἐπλήρωσεν,
1170 1511 1207 1582 ού
1220 1514 1276 1602 γύρ
1291 1512 1350 1598 εἶχε
1365 1513 1397 1580 τό
1413 1515 1453 1578 τέ-

299 1623 400 1694 λειον),
421 1616 472 1680 καλ
489 1618 530 1692 εἰς
542 1614 575 1683 τδ
591 1619 847 1704 συμπεπλεγμένον
861 1625 901 1707 τῷ
914 1623 1032 1702 χείρονι,
1053 1620 1105 1684 καλ
1122 1625 1181 1708 ιτῇ
1195 1616 1306 1706 όδικίρι,
1328 1617 1367 1700 ἣν
1382 1613 1454 1682 δυεῖ-

299 1725 348 1782 λεν
366 1713 384 1782 ό
401 1716 498 1805 σωτήρ
516 1715 661 1784 α’νοίκειον
678 1717 749 1785 όντα
765 1728 801 1809 τῇ
818 1723 926 1788 ἑαυτοῦ
943 1719 1045 1802 φύσει·
1076 1724 1232 1806 διαιρεῖται
1248 1721 1280 1786 δέ
1297 1722 1348 1785 καλ
1366 1721 1407 1796 είς
1421 1744 1452 1783 το

303 1818 425 1886 ιυιτικόν
440 1822 492 1885 καλ
506 1821 695 1904 συμβολικόν,
710 1819 749 1888 τό
767 1819 830 1887 κατ’
846 1822 947 1890 εἰκόνα
966 1830 1050 1889 ’ὶτῶν
1065 1830 1273 1906 πνευματικῶν
1289 1824 1340 1888 καλ
1356 1827 1454 1904 διαφε·

301 1915 414 2008 ρόντων
429 1925 651 2006 νομοθετηθέν,
672 1923 691 1991 δ
710 1926 872 2008 μετέθηκεν
889 1923 907 1990 ό
923 1923 1020 2010 σωτὴρ
1039 1923 1100 1991 ολπό
1119 1928 1268 2008 αἰσθητοῦ
1284 1927 1336 1990 καλ
1352 1949 1452 2006 φαινο·

302 2027 393 2108 μένου
409 2027 459 2091 ἐπὶ
474 2024 507 2091 τό
524 2026 724 2110 πνευματικόν
738 2030 788 2094 καλ
807 2026 945 2112 ῶόρατον.
991 2029 1052 2092 Καί
1069 2029 1130 2093 έστι
1145 2029 1198 2110 μὲν
1215 2025 1301 2094 δτοῦ
1313 2035 1391 2094 θεοῦ
1407 2026 1454 2092 νό-

303 2155 360 2212 μος
376 2124 395 2194 ό
411 2128 546 2215 καθαρός
559 2132 610 2195 καὶ
627 2127 816 2213 όούμπλοιιος
830 2138 871 2217 τῷ
885 2135 993 2215 χείρονι
1010 2127 1084 2212 αῦτη
1101 2127 1121 2212 οἱ
1136 2127 1318 2216 Δεκύλογος,
1343 2133 1375 2196 οἷ
1386 2131 1454 2195 δέκα

300 2229 383 2318 λόγοι
398 2235 504 2299 έκεῖνοι
520 2235 552 2297 οί
568 2235 600 2298 έν
615 2242 679 2308 ταῖς
693 2235 761 2298 δυσὶ
777 2235 864 2311 πλαξὶ
879 2235 1094 2315 δεδιχασμένοι,
1126 2236 1168 2308 είς
1183 2257 1213 2297 τε
1231 2226 1381 2317 ύναίρεσιν
1398 2237 1454 2296 τῶν

304 2333 481 2416 3οίφεκτέων
497 2337 549 2400 καί
564 2337 606 2412 εἰς
621 2333 779 2422 πρόςταξιν
794 2342 854 2400 τῶν
869 2338 1031 2417 ποιητέων,
1055 2340 1086 2400 οἳ
1103 2339 1207 2421 καίπερ
1222 2333 1364 2420 καθαρόν
1380 2337 1455 2417 έχον-

300 2462 347 2514 τες
364 2436 417 2521 τόν
435 2441 630 2520 νομοθεσίαν,
662 2437 704 2522 μη
722 2439 834 2521 έχοντες
850 2439 882 2503 δέ
896 2436 929 2504 τό
946 2440 1072 2518 τέλειον,
1103 2439 1219 2503 έδέοντο
1238 2445 1292 2520 τῆς
1307 2435 1389 2523 παρῶ
1403 2442 1455 2502 τοῦ

302 2549 436 2626 σωτῆρος
451 2537 642 2625 πληρῶσεως·
665 2537 683 2606 ό
696 2542 729 2606 δέ
743 2544 803 2606 έστι
818 2539 1073 2626 συμπεπλεγμένος
1086 2547 1122 2628 τῇ
1136 2537 1253 2627 ύδικίηι,
1276 2531 1364 2617 οὗτος
1378 2537 1456 2626 όιιω1
1532 2585 1533 2608 ι

301 2641 337 2708 τδ
348 2641 402 2724 τὴν
415 2641 531 2725 ύμυναν
548 2645 597 2707 καλ
613 2639 813 2710 ύνταπόδοσιν
825 2650 883 2708 τῶν
895 2640 1159 2727 προαδικησύντων
1172 2647 1320 2724 κείμενος,
1344 2640 1456 2722 όφθαλ-

301 2741 358 2828 μδν
380 2741 444 2808 όντλ
467 2741 644 2828 ὀφθαλμοῦ,
675 2748 725 2810 καὶ
747 2743 856 2812 όδόντα
876 2743 943 2810 α’ντλ
965 2742 1088 2821 όδόντος
1106 2742 1307 2810 έκκόπτεσθαι
1323 2742 1455 2824 κελεύων,

299 2846 352 2914 καλ
372 2845 468 2928 φόνον
490 2843 555 2911 ύντλ
572 2846 671 2927 φόνου
689 2845 869 2930 οἷμύνασθαι.
917 2845 1014 2912 Ούδέν
1031 2847 1086 2933 γύρ
1105 2839 1195 2929 ἦττον
1217 2843 1304 2912 καλό
1323 2845 1455 2928 δεύτερος

303 2948 414 3014 ύδικῶν
428 2945 533 3027 όδικεῐ,
556 2956 592 3038 τῇ
607 2949 683 3028 τάξει
699 2948 791 3030 μόνον
805 2949 994 3028 διαλλόσσων,
1017 2948 1051 3016 τό
1067 2947 1138 3014 αύτό
1155 2948 1347 3035 ἐργαζόμενος
1362 2951 1455 3033 ἔργον.

308 3059 400 3118 Τοῦτο
416 3052 448 3116 δέ
462 3050 659 3138 *πρόςταγμα
673 3057 788 3118 δίκαιον
801 3053 854 3137 μέν
867 3051 960 3128 όὶλλως
971 3055 1023 3118 καὶ
1035 3045 1074 3135 ἦν
1088 3053 1139 3117 καὶ
1153 3053 1225 3130 ἔστι,
1239 3048 1288 3116 διδ
1303 3049 1357 3133 τήν
1370 3048 1456 3116 όσθέ·

302 3180 382 3222 νειαν
405 3159 466 3220 τῶν
488 3157 754 3238 νομοθετηθέντων
774 3158 805 3221 έν
824 3153 1003 3240 παρεκβύσει
1022 3162 1076 3220 τοῦ
1093 3160 1233 3239 καθαροῦ
1252 3151 1349 3235 νόμον
1363 3153 1456 3230 τεθέν,

302 3257 449 3325 όνοίκειον
467 3258 499 3336 δὲ
521 3266 581 3348 ὅτῇ
598 3266 653 3324 τοῦ
670 3256 782 3343 πατρός
798 3265 857 3324 τῶν
870 3256 946 3324 ὅλων
962 3255 1051 3337 φύσει
1065 3281 1095 3321 τε
1110 3258 1161 3321 καλ
1177 3253 1357 3342 ύγαθότητι·
1388 3259 1457 3332 ἴσως

302 3363 334 3427 δέ
348 3369 434 3427 τοῦτο
450 3359 637 3445 κατάλληλον,
660 3360 822 3447 ἐπάναγκες
835 3360 867 3424 δέ
880 3367 998 3442 μᾶλλον.
1042 3356 1074 3423 ‘0
1088 3356 1144 3444 γύρ
1159 3360 1211 3424 καλ
1224 3356 1277 3425 τόν
1292 3360 1344 3424 ἕνα
1361 3356 1456 3438 φόνον

302 3462 339 3529 ού
360 3462 541 3548 βουλόμενος
561 3467 681 3530 έσεσθαι
703 3465 734 3528 έν
755 3471 796 3552 τῷ
818 3463 925 3548 λέγειν,
958 3459 1003 3528 Ού
1019 3460 1192 3543 φονεύσεις,
1223 3457 1391 3548 προςτόξας
1406 3457 1457 3526 τόν

302 3569 396 3649 φονέα
410 3565 668 3649 ύντιφονεύεσθαι,
681 3567 818 3650 δεύτερον
829 3563 924 3647 νόμον
935 3571 1109 3646 νομοθετῶν
1123 3566 1175 3630 καλ
1188 3565 1257 3628 δυσὶ
1269 3560 1378 3645 φόνοις
1389 3567 1457 3647 βρο-

304 3667 414 3751 βεύων,
446 3667 464 3735 ό
479 3668 531 3736 τόν
548 3671 598 3735 ἕνα
616 3667 839 3754 α’παγορεύσας,
868 3669 974 3732 έλαθεν
991 3664 1097 3733 έαυτδν
1115 3663 1164 3732 ύπ’
1183 3663 1314 3751 δνόγκης
1332 3669 1458 3742 κλαπείς.

306 3769 362 3838 Διό
385 3768 423 3854 δὴ
446 3768 464 3836 ό
487 3769 537 3837 ἄπ’
559 3773 672 3838 ἐκείνου
690 3768 927 3856 παραγενόμενος
943 3769 1009 3845 υἱός
1026 3776 1114 3836 τοῦτο
1136 3767 1169 3834 τό
1188 3770 1276 3854 μέρος
1294 3775 1348 3834 τοῦ
1366 3767 1459 3852 νόμον

252 3907 257 3918 ·
304 3870 467 3963 όνῄρηκεν,
496 3871 681 3961 ὁμολογήσας
700 3876 750 3939 καί
773 3871 864 3950 αύτδς
884 3870 960 3938 εἶναι
981 3879 1034 3937 τοῦ
1055 3877 1147 3952 θεοῦ,
1178 3873 1211 3936 έν
1231 3895 1262 3936 τε
1283 3879 1344 3948 τοῖς
1364 3869 1460 3948 ἄλλοις

339 4029 376 4080 15.
396 4030 743 4090 οοδ.1ἐιιιί.διδαοκαλίαις.
897 4033 969 4092 ίαυιο,
986 4030 1193 4093 ερειοιίίολνίιιε
1203 4031 1294 4112 οομίιίε
1308 4031 1366 4080 ίοοο.
1396 4031 1460 4081 λέοντ’

338 4097 491 4148 cn..-V
519 4099 540 4147 1.
558 4101 593 4148 lea
611 4103 764 4184 εριεηδοτυιιλ
782 4101 863 4150 Ρτιαυ.
897 4113 976 4150 omnes
991 4100 1075 4150 λιαδτιιί
1090 4097 1140 4150 τῶν
1155 4090 1210 4149 κατ’
1228 4093 1314 4150 εἰκόνα
1329 4095 1462 4182 διαφερόν-

305 4170 406 4217 Grabins
431 4167 516 4227 οίλίηνι
541 4181 584 4227 μιν
609 4163 655 4230 τήν
678 4163 778 4222 ἀδικίαν
803 4183 864 4231 ηυντ
896 4184 954 4218 τ.ων
998 4169 1147 4228 Quamquam
1171 4167 1268 4216 Ριιονίο
1290 4164 1462 4230 διαφερόντως

305 4237 404 4298 vulgata
428 4239 460 4284 ιιι
478 4237 601 4296 smmum.
633 4229 727 4296 Quis*
712 4253 740 4289 ον
755 4239 800 4286 sibi
814 4239 868 4286 υελθ
897 4238 974 4298 manis
994 4237 1092 4296 placuit.
1128 4235 1229 4284 θιοδλαε
1248 4235 1319 4317 μίσεα
1338 4236 1462 4284 dcimam

306 4305 434 4352 ιπιτιιδοίίο
449 4304 593 4352 οΡιίανιο·
585 4318 610 4352 ιιι
620 4317 696 4366 mara
707 4319 750 4365 μιν
762 4321 795 4370 ην
806 4319 862 4367 μιν
896 4317 944 4354 τιιε
960 4305 1047 4354 censuit
1064 4303 1162 4352 alterum
1179 4303 1240 4350 ι’λίιαλ
1260 4317 1308 4354 κατ
1308 4294 1429 4356 ἐἰκόνι

303 4375 381 4432 φοινία
389 4372 492 4434 ιηωδεαι
502 4372 605 4420 nondum
614 4374 679 4432 μοιιιι
688 4376 787 4434 οιιεηιιι
806 4373 862 4423 cod.
929 4369 953 4422 3.
970 4365 1088 4436 ἀφεκτέα
1068 4386 1101 4421 ων
1121 4372 1206 4431 scripsi
1226 4384 1279 4420 οαιιι
1299 4371 1398 4422 Ρειουέο
1419 4387 1461 4434 pro

306 4439 403 4500 δίκαις.
420 4429 522 4488 λοδιι“
503 4456 535 4504 ην
552 4431 581 4491 οἷν
599 4433 702 4491 οἰνειῖλεν.
895 4434 1047 4505 α’φθέκτων,
1065 4439 1135 4502 φοοδ.
1152 4439 1189 4487 εδ.
1204 4441 1280 4500 prino.
1297 4441 1388 4490 ειοοδ.
1402 4441 1462 4490 nne-

340 4507 364 4555 2.
381 4506 551 4572 πνευματικῶν
569 4507 612 4562 καλ
628 4509 737 4570 rescripsi
752 4522 805 4558 οανι
817 4511 861 4559 Ρι-
894 4509 943 4571 διρ.
955 4509 1077 4571 praebent,
1093 4509 1131 4557 vel
1144 4497 1307 4574 δρδέγκτων,
1322 4509 1386 4572 quod
1400 4521 1460 4560 τιον-

1445 1715 1452 1738 ·
