3078 5012
302 419 438 472 aanaan
455 421 518 472 urs
532 421 551 471 ι.
569 421 651 474 ron.
664 421 707 472 ιιι.
725 421 825 474 nana.
836 421 917 474 ιιιιι.
1126 409 1187 476 589

30 537 134 600 tiatom
157 549 187 601 ct
208 537 377 622 quibusdam
400 539 576 606 dictionibus
597 541 719 625 insuper
739 542 845 606 additis
863 541 1068 627 interpolatam
1087 543 1187 607 luerit.

27 637 119 722 Quod
136 661 194 704 non
211 643 374 706 communis
390 641 523 707 utilitatis
537 644 648 726 gratis,
672 644 723 708 sed
739 647 773 707 ad
790 665 894 708 vomam
912 644 1187 728 periculosissimam

25 742 192 806 novitatem
215 745 425 823 affectandam,
450 746 561 810 luriosa
583 746 631 809 illa
654 745 739 809 belua
762 748 860 811 iacere
882 746 1019 810 instituit.

117 843 199 910 llaec
216 858 312 912 autem
332 848 429 912 omnio
441 867 482 911 ex
498 868 535 911 eo
550 868 635 933 quem
649 849 943 914 commemoravimus
957 847 1082 933 apostoli
1098 869 1187 913 evan·

22 947 157 1032 geliiqoe
177 946 279 1013 Lucae
301 949 393 1029 libro,
426 971 483 1034 quo
505 950 530 1014 is
553 950 660 1028 utitor,
690 969 853 1037 excerpere
875 972 910 1014 ao
932 950 1060 1034 seligere
1077 951 1187 1016 studui·

21 1071 106 1114 mus.
141 1047 182 1114 Ut
196 1053 369 1136 quicumque
385 1053 528 1116 adversus
542 1053 619 1118 illius
635 1074 765 1118 errorem
782 1053 931 1138 disputare
946 1053 1055 1116 luerint
1068 1073 1187 1138 aggres-

21 1153 64 1230 si,
90 1153 172 1237 prius
187 1155 353 1239 intelligant
366 1155 508 1238 quaedam
523 1155 559 1218 ab
575 1176 610 1220 eo
623 1167 799 1220 commutata
814 1156 972 1235 vocabula,
996 1175 1032 1218 sc
1046 1177 1099 1242 per
1111 1157 1188 1220 irso-

22 1256 93 1318 dem
113 1277 149 1320 ac
165 1257 303 1321 malitiam
318 1257 442 1322 inserta.
489 1255 574 1342 Quae
592 1279 664 1322 vero
682 1257 745 1322 suis
762 1258 835 1322 loeis
853 1257 971 1322 minime
987 1259 1186 1344 reperiuntur,

22 1358 160 1422 eiusdem
176 1370 245 1424 suot
258 1359 376 1424 andacia
392 1360 553 1424 subtracta.
599 1359 682 1424 liaeo
699 1360 776 1424 enim
793 1361 878 1425 homo
895 1361 1026 1446 stupidus
1042 1361 1105 1425 sola
1120 1381 1186 1426 esse

22 1460 170 1526 iudicavit
191 1462 398 1526 commentitiis
420 1463 477 1528 illis
500 1463 562 1527 suis
584 1463 770 1550 opinionibus
793 1463 953 1527 conmnria.

114 1563 238 1630 Tertius
256 1586 329 1629 vcro
346 1575 500 1652 practerea
514 1576 668 1651 susceptus
685 1587 703 1630 a
718 1566 804 1630 nobis
819 1576 866 1630 est
881 1566 979 1646 labor,
1004 1578 1036 1630 ot
1049 1566 1079 1630 in
1099 1587 1185 1630 urnam

24 1667 233 1733 conlomemus
254 1669 351 1732 omnis
374 1668 531 1752 dequibus
554 1689 619 1732 eum
638 1669 717 1734 inter
739 1690 794 1734 nos
811 1678 899 1753 atque
918 1668 997 1731 illum
1016 1669 1184 1748 conveniat,

24 1789 58 1832 ea
83 1781 184 1834 tameo
206 1783 275 1834 suot
292 1770 435 1835 eiusmodi
459 1783 491 1834 ut
508 1770 687 1836 salvatorem
706 1783 838 1858 nostrum
858 1781 1005 1856 assumpta
1029 1791 1116 1834 osrne
1135 1791 1186 1833 ve·

24 1873 108 1936 nisse
122 1872 477 1958 manifestesignilioenta
503 1884 563 1937 tum
579 1895 653 1958 qnae
667 1875 778 1938 veteris
792 1874 919 1957 novique
936 1873 1102 1938 tastamenti
1116 1893 1187 1938 con·

25 1975 197 2039 sensionem
213 1979 389 2056 ostendunt,
413 1988 463 2040 aut
480 1976 632 2062 ipsiusmet
647 1977 693 2040 dei
707 1975 756 2040 ulii
770 1977 1003 2058 contessionem,
1028 1996 1085 2060 qua
1102 1976 1185 2040 deum

26 2097 91 2140 esse
111 2077 187 2142 coeli
202 2088 359 2164 terraeque
376 2079 574 2159 conditorem,
599 2090 630 2143 et
644 2080 673 2142 in
689 2079 755 2164 lege
769 2077 974 2164 prophetisque
989 2078 1129 2158 locutum,
1153 2099 1186 2142 so

27 2179 153 2263 denique
174 2191 287 2265 patrem
309 2202 378 2245 esse
400 2203 483 2246 soom
506 2183 641 2246 affirmat.
688 2180 734 2245 Do
753 2181 808 2245 boo
825 2181 914 2266 igitur
929 2191 1103 2265 argumento
1121 2181 1186 2244 bre·

28 2301 90 2344 vem
114 2282 197 2345 illurn
217 2285 456 2348 commentarium
481 2285 562 2349 velut
584 2285 697 2349 sobolis
713 2285 855 2368 quaedam
876 2283 1109 2361 elaboravimus,
1142 2293 1187 2346 to-

30 2397 147 2470 tumque
170 2387 246 2450 istud
264 2408 336 2472 opus
358 2408 375 2451 e
391 2384 555 2451 Marcionis
570 2387 652 2452 libris
673 2387 710 2450 ad
727 2385 849 2451 verbum
865 2395 1037 2472 excerptum
1061 2385 1104 2448 sio
1123 2395 1186 2448 tan·

32 2509 111 2570 qnam
134 2489 253 2553 maioris
270 2489 392 2554 alicuius
410 2489 503 2554 solum
521 2511 556 2554 ao
573 2490 791 2554 tundamentum
811 2487 1024 2573 praemisimus.
1071 2484 1130 2552 Sed
1150 2508 1186 2550 ne

33 2591 134 2674 siquid
150 2591 181 2654 in
195 2612 232 2654 eo
247 2602 292 2655 est
309 2591 345 2656 ad
358 2591 576 2677 intelligendum
592 2593 705 2656 difficile
720 2590 890 2676 quibusdam
906 2589 1090 2674 ignorantiae
1104 2599 1186 2652 tene·

35 2691 86 2756 bris
106 2695 251 2758 lectorum
270 2693 394 2758 obducat
410 2695 542 2773 animos,
573 2695 667 2779 placet
686 2694 825 2778 deinceps
842 2692 957 2776 singula
979 2712 996 2754 a
1016 2713 1063 2755 mo
1080 2713 1185 2777 propo·

37 2795 83 2857 sita
99 2796 222 2882 suisque
240 2797 330 2862 titulis
348 2797 487 2882 inscripta
505 2797 616 2880 capito,
639 2797 780 2881 primum,
803 2796 980 2872 secundum,
1013 2815 1047 2858 ao
1067 2793 1183 2858 tertium

39 2897 202 2982 explicando
219 2909 363 2979 tractare,
388 2919 564 2984 causamque
581 2901 783 2964 demonstrare
803 2908 1021 2983 propterquam
1037 2915 1185 2981 unaquae-

39 3019 84 3079 que
98 3001 212 3065 delecta
230 3023 290 3067 vox
305 3013 350 3066 est
366 3013 397 3065 et
411 3002 447 3066 ab
462 3001 513 3066 illo
529 3012 649 3066 mutate.
696 2999 773 3066 ilino
787 3000 878 3086 igitur
891 2999 1055 3085 disputandi
1071 2998 1183 3064 initium

42 3103 139 3168 taciem.

173 3293 341 3344 SCHOLlON
361 3294 406 3344 EX
428 3293 622 3346 uszGutno
641 3295 710 3356 Quo
728 3291 881 3344 mauctou
900 3291 1038 3342 ustrou.

115 3411 137 3475 l.
171 3417 263 3487 Vnde,
289 3417 402 3476 ostende
417 3425 445 3476 te
457 3417 614 3488 moerdoti,
638 3425 668 3474 et
681 3415 756 3496 offer
766 3433 822 3492 pro
831 3416 1004 3493 purgandae
1018 3421 1083 3484 tuo,
1107 3415 1183 3474 sicut
1194 3425 1247 3470 une.
1256 3426 1277 3478 ι.
1292 3427 1322 3470 ιι.

47 3521 170 3596 Wesepr't
188 3519 318 3596 Moyses,
344 3529 376 3579 ut
396 3521 435 3578 sit
456 3520 640 3578 testiinonium
661 3517 714 3576 boo
736 3517 823 3576 nubib.

115 3719 262 3786 idolotatio
279 3720 304 3784 1.
339 3719 476 3787 Potuitne
494 3721 645 3799 dominus,
670 3720 696 3783 si
716 3729 819 3782 contra
834 3719 929 3802 legem
949 3717 1081 3804 legisque
1097 3718 1181 3783 doum

55 3837 113 3884 suan
127 3823 263 3903 haberet,
287 3835 320 3888 ut
334 3825 463 3904 asseris,
496 3835 692 3910 comparatam
709 3823 888 3901 doctrinam,
920 3822 1030 3886 curatis
1049 3842 1065 3885 a
1080 3841 1113 3884 se
1131 3821 1183 3884 bo·

57 3921 169 4006 sinibus,
192 3927 284 3992 veluti
301 3928 417 4012 leproso
436 3927 520 4006 buin,
547 3925 709 3992 istiusmodi
729 3925 893 3988 mandatum
912 3924 1022 3988 ederet
1066 3927 1141 3986 Vnde
1154 3935 1182 3984 et

59 4033 142 4090 ubam
157 4043 183 4090 te
196 4035 341 4092 carnunti
360 4029 422 4112 (ubi
446 4051 510 4092 cum
528 4029 710 4094 sacerdotem
731 4038 957 4104 commemorat,
988 4027 1062 4110 legis
1082 4045 1182 4090 sacer·

60 4123 139 4192 latiam
159 4154 216 4197 uon
238 4132 393 4215 abrogat),
425 4145 454 4193 et
473 4135 548 4217 offlsr
560 4155 616 4212 pro
632 4136 802 4212 purgatione
821 4142 880 4192 nra.
928 4131 974 4194 Ac
992 4129 1061 4192 lieet
1077 4148 1179 4192 rocem

61 4221 128 4308 llio,
153 4257 267 4310 mus,
301 4235 438 4314 inducas,
471 4253 510 4298 ex
528 4233 668 4298 offerendi
688 4232 779 4296 aerbo
797 4231 985 4298 nibilominus
1007 4241 1124 4296 constat
1144 4232 1180 4294 de

63 4379 94 4428 ‘ll’
102 4387 354 4443 ammonentem
366 4405 460 4450 omnes,
472 4387 512 4456 qui
523 4387 586 4438 eius·
619 4390 659 4437 tit:
675 4385 743 4438 Haec
758 4385 826 4436 enim
838 4385 892 4437 sola
904 4383 1002 4454 putarit
1013 4381 1124 4434 bestiolis
1137 4381 1180 4433 ille

65 4443 103 4498 dem
117 4456 183 4508 errori
200 4456 371 4510 conusdiccre
389 4457 491 4520 rolant,
518 4455 586 4524 quod
620 4453 744 4506 contraria
758 4471 820 4505 esse.
848 4455 875 4504 ln
889 4455 937 4505 hoc
950 4452 1035 4520 itaque
1049 4451 1179 4502 contradi-

66 4521 93 4562 Μ’
620 4541 702 4575 cemos
718 4522 841 4574 confictae
858 4522 967 4572 eiusdem
981 4518 1111 4572 versutiae.
1147 4521 1180 4570 Et

88 4553 118 4636 l'.
129 4591 165 4644 sel
175 4599 315 4657 mucorem
326 4597 356 4646 de
364 4609 414 4646 meo
426 4595 518 4646 oddtdt.
540 4595 585 4644 De·
618 4591 695 4644 tertio
704 4597 765 4654 cett,
780 4593 841 4642 unde
853 4593 949 4654 dispelle
962 4595 995 4640 est
1003 4591 1111 4640 dtulnare
1123 4589 1181 4652 qutd

70 4651 374 4716 ll“stortooarrrttrsettbrtr.
398 4665 587 4714 Cornutusmr·
618 4663 758 4713 nudatum
771 4661 957 4723 rmoneadsmoe
972 4660 1011 4710 uu
1027 4661 1148 4710 consumit.
