3100 4984
175 280 201 341 ‘.
309 297 441 350 rhosan
459 300 521 350 ars.
535 301 555 350 r.
572 301 652 353 rma.
670 301 701 352 u.
720 301 933 355 naenxxxr.
1132 291 1190 358 ³71

53 429 164 502 temque
181 395 331 484 ¹s'erssret.
378 417 484 483 Velsi
508 419 683 505 reliquorum
706 421 847 504 coniuges
873 434 1074 502 enumeraret,
1106 424 1194 486 etiam

51 517 185 584 llominis
201 519 359 604 attigisset,
383 541 477 606 neque
493 521 640 586 divinandi
657 523 735 587 illins
750 521 875 588 nominis
892 525 1094 588 necessitatem
1110 525 1195 590 nobis

51 623 207 686 attulisset.
240 621 296 686 list
311 623 400 708 igitur
413 624 531 688 minime
546 625 670 690 obseura
684 625 762 690 illios
774 626 1024 712 interpretationis
1038 625 1192 692 calumnia.

51 719 125 788 Cum
142 725 219 788 enim
238 723 384 790 lohannes
400 747 489 790 unum
509 728 595 792 deum
610 729 854 814 omnipotentem,
885 749 1030 816 unumque
1046 725 1195 795 Christum

51 823 146 890 lesum
164 828 240 893 illius
256 827 434 913 unigenitum
451 831 615 915 praedicet,
640 851 790 916 perquem
806 833 879 895 laeta
898 852 965 896 esse
980 833 1076 896 onraria
1093 833 1197 898 condr-

50 941 126 1009 mat,
157 942 244 1014 atque
266 931 341 994 hunc
361 952 428 995 esse
448 932 616 1014 dea'filtiem,
642 933 717 997 hunc
740 929 908 1014 an'genom,
934 935 1009 999 horne
1027 939 1196 998 conditorem

50 1037 187 1107 ammom,
222 1032 297 1097 bunc
318 1056 411 1097 omnm
431 1038 534 1110 lucem,
569 1056 640 1117 pone
655 1039 798 1099 t'llmna'aot
814 1057 918 1099 omnem
937 1041 1087 1113 hommem,
1123 1037 1199 1102 buno

51 1137 379 1219 moadt'snbm'eotorem‚
413 1137 488 1203 huno
508 1143 560 1220 qai
575 1145 603 1200 in
620 1145 739 1220 propriis
759 1145 850 1213 oeaa't,
882 1145 934 1222 qui
949 1163 1016 1204 earo
1025 1143 1126 1224 socho
1143 1152 1196 1215 est,

49 1250 77 1298 et
88 1240 229 1302 &dotauit
245 1245 274 1302 in
291 1242 387 1314 nodo's,
412 1261 479 1305 esse
497 1251 637 1320 testetur,
661 1241 709 1304 isti
727 1241 830 1305 callida
848 1263 882 1306 aa
899 1243 1041 1308 malitiosa
1057 1243 1199 1328 intorpre-

51 1341 160 1405 tatione
186 1343 393 1426 detorquentes
414 1343 500 1408 alium
527 1343 717 1429 productione
738 1345 850 1429 lingunt
870 1341 1031 1430 Unigenam
1050 1347 1197 1426 extitisse,

50 1465 133 1528 quem
151 1441 515 1531 etPriuoipiomoocant‚
548 1447 634 1510 alium
651 1443 855 1527 salvatorem,
886 1447 962 1512 aliud
981 1445 1111 1512 Verbum
1126 1446 1199 1515 Uni·

50 1567 143 1630 genae
158 1547 265 1627 lilium,
289 1548 377 1611 alium
392 1544 543 1612 Christum
558 1549 723 1632 corrigendi
739 1569 843 1613 caussa
858 1545 1031 1614 Pleromatis
1049 1561 1197 1615 exortum.

51 1646 160 1734 Sisque
179 1671 370 1734 eorumquae
387 1652 521 1714 dicuntur
536 1650 649 1734 singula
668 1671 684 1713 a
702 1651 826 1716 veritate
843 1663 1009 1737 promentes
1025 1673 1058 1716 ac
1076 1651 1200 1715 nomini·

51 1751 101 1816 bns
117 1753 273 1816 abutentes
290 1754 324 1816 ad
341 1773 423 1817 usum
439 1773 523 1818 snum
540 1751 763 1838 opinionemque
777 1757 969 1818 transierant.
1003 1751 1054 1820 Ex
1066 1776 1123 1841 qua
1136 1755 1201 1819 illo·

50 1875 113 1917 rum
137 1855 284 1919 sententia
307 1855 455 1940 sequitur,
491 1865 534 1919 tot
560 1855 589 1918 in
613 1855 712 1919 verbis
735 1853 874 1920 loannem
895 1853 964 1921 lesa
988 1853 1099 1921 Christi
1119 1876 1200 1922 men-

52 1955 160 2020 tionem
177 1958 313 2021 melitera
329 1957 443 2043 quidem
460 1957 605 2040 attigisse.
651 1955 738 2021 Licet
753 1958 829 2022 enim
844 1955 962 2023 Patrem
981 1959 1147 2037 nominarit,
1171 1969 1203 2023 ct

51 2057 203 2137 Gratiam,
232 2055 436 2144 Unigenitum,
468 2070 496 2123 et
513 2058 693 2138 Veritatem,
723 2081 757 2123 ac
773 2058 920 2140 Verbum,
952 2059 1068 2140 Vitam,
1098 2059 1202 2124 hlomi-

51 2181 135 2240 nem,
160 2172 192 2225 et
206 2159 389 2241 Ecclesiam,
414 2161 486 2226 haee
503 2162 543 2225 illi
563 2173 683 2226 censent
702 2163 737 2225 de
755 2163 845 2245 prima
864 2160 1005 2248 Ogdoada
1025 2182 1092 2226 esse
1110 2161 1199 2241 dicta,

51 2264 78 2326 in
95 2283 155 2350 qua
172 2263 300 2328 mondum
316 2261 412 2343 lesos,
437 2265 564 2328 nondum
581 2259 718 2328 Christus
733 2260 852 2329 loannis
868 2265 1008 2348 magister
1022 2263 1199 2328 continetur.

53 2363 166 2430 Verum
183 2366 271 2450 longe
285 2366 388 2431 abesse
403 2377 436 2430 ut
449 2367 484 2430 de
501 2361 655 2451 Coniugiis
668 2365 725 2430 illis
739 2367 887 2452 apostolus
902 2367 979 2451 loqui
994 2367 1130 2444 voluerit,
1151 2366 1204 2430 de·

51 2491 106 2554 qoe
124 2465 247 2534 Christo
265 2465 331 2532 lesu
348 2469 464 2532 domino
480 2478 582 2532 nostro
597 2467 816 2552 intelligendum
832 2489 910 2548 esse,
935 2469 1009 2553 quod
1025 2480 1055 2533 et
1069 2465 1201 2534 Verbum

50 2573 127 2636 solet
143 2571 291 2657 appellare
304 2569 362 2648 dei,
381 2592 438 2634 non
452 2570 577 2635 obscure
592 2571 654 2655 ipse
669 2570 807 2636 declarat.
837 2567 953 2634 Etenim
970 2592 1034 2633 curm
1050 2570 1084 2635 de
1100 2568 1201 2635 Verbo

49 2674 116 2754 illo,
142 2675 218 2760 quod
233 2683 319 2736 antea
333 2673 362 2736 in
380 2672 520 2758 principio
538 2673 628 2736 luisse
644 2672 779 2750 dixerat,
803 2673 966 2737 summatim
982 2673 1125 2759 disputata
1142 2673 1201 2737 col·

50 2776 173 2861 ligeret,
196 2777 236 2840 ita
255 2775 444 2860 pronuntiare
463 2776 574 2861 pergit:
603 2779 644 2836 Et
660 2777 778 2838 Verbum
794 2797 861 2838 earo
870 2777 984 2858 saetom
999 2788 1056 2851 est,
1080 2788 1108 2839 et
1123 2777 1203 2838 hodi·

51 2885 122 2941 tcm't
137 2884 168 2941 in
184 2880 274 2940 nobb.
321 2876 364 2941 At
380 2879 502 2942 istorum
521 2877 657 2963 opinione
673 2875 803 2942 Verbum
823 2899 917 2962 neque
935 2899 1005 2942 earo
1022 2878 1127 2943 lactum
1144 2888 1201 2958 est,

50 3001 148 3066 neque
163 3001 289 3066 uuquam
305 3001 322 3044 a
336 2977 503 3044 Pleromate
520 2981 671 3059 discessit,
696 2981 747 3044 sed
765 2977 903 3045 Salvator
917 2980 1031 3066 quidam
1048 2980 1121 3046 alins
1136 3002 1203 3066 pro-

50 3085 200 3152 curandae
223 3103 326 3147 caussa
348 3083 452 3147 salutis
474 3083 586 3161 editus,
611 3081 769 3167 Verbaque
792 3083 950 3147 recentior.
1251 3154 1253 3159 ,

136 3184 335 3270 Quamobrem
354 3185 457 3250 discite
475 3186 590 3249 tandem
607 3185 777 3270 aliquando,
807 3186 904 3261 stulti,
935 3185 1036 3250 discite
1053 3183 1149 3248 lesum
1168 3185 1202 3248 il·
1243 3186 1303 3256 ⁰⁸9·

49 3290 108 3354 lum
128 3291 176 3374 qui
195 3299 295 3354 nostra
311 3309 415 3351 caussa
433 3309 535 3374 passus
550 3298 607 3366 est,
632 3289 679 3370 qui
696 3287 834 3352 habitavit
851 3291 879 3351 in
898 3287 993 3365 nobis,
1018 3288 1139 3351 eundem
1157 3286 1203 3350 dei
1219 3255 1321 3308 mi·

50 3413 119 3456 esse
138 3389 282 3456 Verbum.
322 3387 400 3454 Nam
417 3391 441 3453 si
456 3390 530 3454 alius
546 3411 586 3454 ox
601 3390 737 3454 Aeonum
752 3411 873 3453 annuero
887 3389 989 3454 salutis
1004 3400 1123 3452 nostrae
1137 3409 1203 3472 gra-

50 3495 89 3558 tia
104 3513 228 3558 carnem
243 3491 397 3572 induisset,
422 3513 545 3576 aequom
561 3503 625 3558 erat
639 3493 674 3556 de
689 3492 747 3556 alio
763 3512 878 3577 quoque
893 3491 1069 3555 mentionem
1084 3489 1120 3553 ab
1135 3511 1204 3577 apo-

50 3597 129 3660 stolo
151 3594 228 3660 lieri.
273 3591 327 3659 Sin
349 3593 424 3657 idem
443 3591 540 3658 Patris
560 3593 707 3672 Verbum,
740 3595 814 3679 quod
838 3615 854 3658 e
874 3594 956 3657 coelo
977 3593 1125 3678 delapsum
1145 3603 1202 3672 est,

50 3698 157 3762 eodem
174 3695 353 3783 postliminio
366 3696 470 3775 rediit,
494 3695 580 3760 nulus
594 3695 711 3780 inquam
728 3695 775 3760 ille
792 3696 837 3759 dei
853 3696 955 3759 uniens
972 3694 1046 3758 lilius
1061 3715 1100 3758 ex
1115 3694 1204 3758 bene·

50 3801 121 3863 volo
137 3797 238 3864 Putris
255 3797 361 3863 allecto
377 3798 522 3863 hominum
540 3817 643 3862 caussa
660 3817 749 3861 carne
766 3797 906 3877 vestitus,
931 3819 988 3860 non
1006 3799 1042 3860 de
1058 3796 1116 3860 alio
1133 3811 1205 3882 qun·-

50 3903 148 3986 piam,
171 3923 231 3965 uon
248 3901 285 3964 de
301 3901 352 3965 illa
369 3901 469 3964 nescio
485 3921 541 3984 qna
556 3897 716 3983 Ogdoada,
740 3901 790 3963 sed
808 3901 843 3963 de
860 3897 926 3963 lesu
941 3895 1061 3963 Christo
1076 3897 1205 3964 Domino

49 4016 158 4068 nostro
174 4024 342 4068 sermonem
361 4002 496 4066 instituit.
540 4000 647 4086 Neque
662 4003 738 4066 enim
756 3999 886 4066 Verbum
904 4001 952 4065 isti
968 4001 1122 4088 praecipue
1137 4021 1206 4065 een·

48 4119 118 4172 seut
135 4127 257 4172 carnem
274 4125 341 4169 esse
360 4107 478 4170 laetum.
524 4101 584 4169 Sed
603 4100 786 4170 Salvatorcm
806 4106 903 4168 lerunt
920 4103 1045 4169 animale
1063 4104 1206 4188 quoddam

47 4211 187 4276 induisse
201 4229 325 4295 corpus,
349 4208 425 4293 quod
440 4207 639 4272 incarnatione
655 4207 717 4293 ipsa
731 4205 926 4291 inexplicabili
943 4206 1085 4293 sapientia
1097 4203 1206 4269 eonsti-

84 4345 127 4400 14.
150 4339 222 4399 ὅστε
238 4337 298 4399 alat
315 4345 366 4396 cod.
382 4347 436 4397 Van.
649 4353 694 4394 est.
720 4343 784 4394 Unde
798 4345 880 4395 Bittius
893 4345 1064 4395 recumbendum
1077 4355 1124 4393 esse
1135 4346 1206 4404 poto·

82 4415 124 4467 15.
145 4413 178 4467 dae
193 4417 404 4478 praepositionem,
420 4427 481 4476 quoe
497 4415 616 4464 desideu-
649 4415 682 4462 ait
699 4407 712 4462 d
731 4409 760 4464 da
777 4409 875 4465 πάντων
891 4411 1002 4479 γεγονώς
1021 4417 1072 4462 cett.

47 4491 85 4534 tur
99 4487 127 4535 tn
141 4485 250 4546 reliquato,
262 4482 339 4532 adden
350 4495 380 4532 ea
392 4483 444 4534 eod.
464 4485 550 4532 Veneta
569 4483 616 4532 tet.
685 4478 743 4530 car.
751 4479 853 4530 xxxt
864 4507 899 4520 ·-
913 4481 935 4532 l.
947 4478 1078 4545 πεποίηται
1091 4479 1142 4530 cod.
1154 4479 1207 4530 Vsa.

46 4552 249 4617 lamentates
261 4547 523 4616 sedquiexomuibus
535 4547 616 4600 laotos
974 4615 992 4656 Ι.
