3096 4988
292 273 353 338 280
448 331 452 340 ,
714 282 836 336 amen
854 283 1022 336 εοιοειιαιι

299 398 346 466 Οά
361 397 454 484 μόνον
469 399 526 486 γάρ
543 399 646 485 ίλέγςει
661 395 771 475 αάτοάς
785 397 861 464 τατά
877 397 974 464 πάντα
988 396 1102 484 τρόπον
1117 399 1210 484 λέγων
1225 397 1287 478 ότι,
1308 395 1357 464 Ἐν
1372 397 1450 489 α’ρηῇ

296 495 336 586 ήν
350 499 368 568 ό
382 501 477 588 λόγος,
498 504 549 568 ιιαλ
562 497 581 568 δ
594 500 681 586 λόγος
694 494 734 584 ήν
751 499 827 586 πρός
840 498 893 568 τόν
908 500 992 580 θεόν,
1014 503 1067 568 ιιαλ
1080 499 1155 576 θεός
1171 493 1209 584 ἦν
1225 497 1243 567 ό
1256 498 1354 586 λόγος,
1376 498 1450 566 άλλά

177 636 227 683 μς,
242 623 286 666 ua
299 606 350 670 παλ
365 604 412 670 ὅτι
425 601 479 680 τάς
493 610 552 670 τῶν
565 600 656 688 άγίων
672 609 836 688 τιροφητῶν
849 607 1020 688 μαρτυρίας,
1044 605 1077 670 ίν
1092 595 1162 690 fieus
1179 601 1347 685 πνεόματος
1361 600 1450 688 όγίου

299 703 470 791 όρμῶμενος
482 707 533 768 παλ
546 702 582 769 τά
593 701 653 770 άπό
667 712 721 771 τοῦ
733 712 865 788 σωτῆρος
876 705 1013 789 εἰρημένα
1025 712 1122 780 καλῶς
1134 701 1369 790 άνριβολαγήσας
1379 705 1451 790 περὶ

298 807 422 890 ἓτόστης
436 804 611 882 άποθέσεως
624 813 677 888 τῆς
692 809 734 882 είς
747 805 879 890 ,Χριστόν
894 810 1111 890 πληρωθείσης,
1134 804 1176 882 ῶς
1190 803 1286 885 alnov,
1306 805 1360 882 τός
1374 833 1449 891 μαρ-

297 914 399 994 τυρίας
414 910 544 988 ἐξέθετο,
566 905 618 988 άφ’
635 901 678 974 ῶν
692 913 855 992 προφητῶν
869 899 952 974 οάτοι
968 907 1092 984 ίαυταάς
1108 906 1355 992 άπηλλοτρίωσαν.
1387 911 1451 972 Καλ

298 1009 392 1087 τάθός
404 1013 511 1088 έδεεξεν
523 1006 565 1084 ῶς
576 1017 639 1086 τοῖς
651 1007 726 1094 πρός
734 1007 877 1092 Ἰωάννην
887 1008 940 1076 τόν
953 1008 1121 1092 Βαπτιστήν
1131 1007 1191 1076 άπό
1205 1017 1264 1074 τῶν
1278 1015 1452 1092 Φαρισαίων

298 1121 479 1196 πεμφθεῖσιν
493 1109 583 1186 αάτός
596 1108 740 1193 Ἰωάννης
754 1109 958 1195 α’ποιιρίνεταε,
987 1114 1092 1197 λέγων,
1121 1109 1197 1196 Ἐγῶ
1213 1109 1300 1194 φωνή
1317 1115 1451 1195 βοῶντος

300 1217 332 1280 έν
346 1221 382 1303 τῇ
398 1212 514 1301 ἐρήμῳ,
537 1210 683 1278 εόθόνατε
699 1211 753 1294 τήν
769 1210 840 1279 όδόν
853 1217 975 1298 τυρίον,
997 1211 1102 1289 καθῶς
1116 1209 1195 1278 εἶπεν
1208 1211 1329 1289 Ἡσαΐας
1343 1211 1361 1278 ό
1376 1239 1451 1298 προ-

298 1315 405 1400 φήτης,
450 1317 513 1379 Καί
529 1313 616 1380 πάλιν
629 1312 719 1390 αότός
732 1311 750 1380 ό
763 1311 907 1396 Ἰωάννης
919 1316 1005 1399 λέγει,
1027 1313 1087 1380 άπό
1103 1321 1162 1380 τῶν
1175 1320 1339 1401 προφητῶν
1351 1313 1452 1398 λαβῶν

298 1415 352 1500 τήν
371 1421 551 1502 μαρτυρίαν,
581 1418 659 1498 φημί
676 1416 709 1482 δὲ
728 1413 789 1481 άπό
805 1423 860 1480 τοῦ
875 1418 990 1499 Δαβλδ,
1018 1415 1068 1482 ότε
1084 1413 1103 1482 ό
1119 1414 1224 1499 κάρτος
1239 1413 1293 1493 τάς
1307 1418 1451 1502 τραπέζας

300 1526 358 1586 τῶν
373 1524 568 1604 κολλυβιστῶν
581 1520 775 1601 κατέστρεψε,
795 1519 846 1582 καί
866 1514 945 1596 είπε,
968 1515 1027 1601 Μή
1042 1525 1148 1601 ποιήτε
1162 1515 1214 1583 τόν
1228 1515 1310 1584 olm
1323 1525 1378 1584 τοῦ
1394 1545 1450 1586 τια-

301 1619 371 1707 τρός
387 1647 446 1702 μου
459 1617 543 1686 οίιιον
558 1621 719 1704 ἐμπορίου,
740 1616 948 1702 Ἐμνήσθησαν
962 1618 1009 1686 ότι
1022 1610 1061 1701 ἦν
1076 1622 1290 1705 γεγραμμένον,
1317 1617 1351 1685 Ὁ
1366 1626 1452 1702 ζῆλος

300 1729 354 1790 τοῦ
377 1726 461 1788 οίιιου
483 1743 537 1786 σου
557 1722 705 1806 τατέφαγέ
726 1744 769 1803 με.
814 1722 875 1784 Καί
891 1719 981 1785 πάλιν
998 1719 1089 1798 αάτός
1105 1719 1249 1805 Ἰωάννης
1265 1718 1362 1801 εἶπεν,
1381 1721 1451 1786 Ὅτε

300 1823 421 1899 Ἡσαΐας
442 1820 518 1888 είδεν
540 1821 583 1888 ῶν
604 1825 634 1888 ἐν
656 1820 799 1904 πνεάματι
820 1819 903 1911 άγίρε.

150 1936 217 2002 Κεφ.
235 1929 283 1988 κλί.
388 1923 485 1990 Πάλιν
500 1926 533 1990 δὲ
549 1922 568 1990 ό
581 1922 671 2002 αάτός
685 1923 770 2010 άγιος
781 1921 926 2008 Ἰωάννης
937 1923 1089 2010 κηρόττων
1103 1927 1135 1992 έν
1149 1932 1186 2015 τῇ
1199 1923 1282 2014 Ἀσίς
1295 1929 1453 2011 ἱστορεῖται

302 2027 472 2113 παράδοξον
493 2029 579 2112 ίργον
594 2021 623 2091 τι
639 2023 811 2109 πεποιηεῶς
825 2029 867 2102 είς
884 2023 1080 2112 άπογραμμόν
1095 2035 1148 2111 τῆς
1165 2026 1315 2110 άληθείας.
1360 2034 1451 2092 Πολι-

303 2137 382 2196 τείαν
395 2129 450 2214 γάρ
467 2131 540 2212 ἔχων
553 2126 817 2210 θαυμασιωτάτην,
837 2129 890 2194 καί
903 2131 1134 2213 συμπρέπουσαν
1147 2128 1241 2195 αάτοῦ
1253 2136 1294 2218 τῷ
1309 2127 1453 2212 άζιάμαει

303 2239 356 2315 τῆς
377 2229 574 2312 ιάποστολῆς,
595 2233 645 2295 τιαλ
663 2227 731 2313 μηδ’
747 2229 823 2306 ὅλως
839 2229 1009 2313 λουόμενος,
1029 2228 1208 2316 ἠναγκάσθη
1222 2228 1283 2296 άπό
1298 2237 1351 2296 τοῦ
1366 2227 1453 2316 άγίου

303 2331 470 2417 πνεόματος
491 2340 648 2416 προελθεῖν
667 2333 723 2408 ίως
742 2340 796 2398 τοῦ
817 2335 989 2416 βαλανείου,
1019 2330 1110 2399 είιτῶν
1126 2331 1187 2412 ότι,
1214 2331 1332 2416 Λάβετέ
1349 2357 1401 2416 μοι
1415 2358 1453 2398 τα

304 2434 380 2521 πρός
396 2440 559 2518 βαλανεῖον.
603 2437 663 2503 Καὶ
680 2441 741 2500 τῶν
757 2435 964 2519 συνεπομένων
979 2433 1194 2518 θαυμαζόντων
1210 2426 1305 2517 ἦλθεν
1320 2437 1363 2510 είς
1378 2432 1452 2500 αῦτό

245 2524 248 2538 ’
303 2537 337 2604 τό
352 2536 485 2623 λουτρόν.
529 2538 589 2602 Καί
604 2534 760 2621 γενόμενος
774 2533 849 2620 πρός
864 2534 918 2602 τόν
933 2535 1063 2603 εἰωθότα
1079 2533 1278 2620 άποδίχεσθαι
1293 2543 1353 2602 τῶν
1368 2543 1453 2602 λουο-

302 2641 401 2720 μένων
415 2638 451 2702 τά
469 2636 569 2720 ίμάτια
587 2635 673 2722 ήρετο
689 2643 735 2714 τίς
751 2641 837 2706 ένδον
851 2640 929 2716 ἐστίν
946 2640 979 2703 έν
996 2644 1038 2726 τῷ
1052 2642 1212 2727 βαλανείῳ,
1239 2634 1260 2704 ό
1274 2638 1307 2703 δέ
1320 2636 1456 2724 όλεάριος

305 2742 355 2805 ίπλ
375 2748 416 2826 τῷ
438 2737 593 2820 φυλάττειν
609 2739 709 2822 ἱμάτια
724 2745 948 2825 προςταρτερῶν
968 2741 1011 2816 (ἐν
1027 2747 1091 2815 τοῖς
1107 2737 1163 2825 γάρ
1180 2744 1352 2826 γυμνασίοις
1366 2743 1455 2826 ἔργον

304 2839 392 2906 τοῦτό
405 2863 480 2906 τισιν
492 2838 616 2923 άπάρχει
628 2849 777 2927 πορισμοῦ
789 2845 873 2908 ένετα
884 2849 937 2924 τῆς
950 2842 1101 2926 ἐφημέρου
1113 2847 1238 2927 τροφῆς)
1254 2845 1313 2925 ἔφη
1325 2849 1366 2930 τῷ
1379 2839 1454 2930 άγίφ

304 2940 426 3032 Ἰωάννη
449 2941 494 3010 ὅτι
512 2939 621 3025 Ἐβίων
642 2946 729 3010 ἔνδον
752 2947 836 3010 ἐστίν.
877 2941 1015 3028 Ἰωάννης
1035 2944 1068 3009 δέ
1089 2941 1183 3020 εόθάς
1205 2947 1304 3022 συνείς
1325 2941 1380 3028 τήν
1398 2951 1456 3008 τοῦ

305 3041 393 3130 άγίον
411 3043 574 3126 πνεάματος
591 3041 730 3130 όδηγίαν,
760 3043 798 3111 δι’
818 3045 855 3129 ἣν
876 3048 971 3111 αίτίαν
992 3047 1200 3132 προυτρέφατο
1219 3045 1311 3112 αάτόν
1327 3049 1381 3121 ἕως
1396 3051 1454 3110 τοῦ

306 3150 462 3228 βαλανείου
477 3144 573 3230 ήκειν,
597 3143 639 3223 τίς
654 3149 746 3230 ἔφην,
769 3145 886 3231 μνήμης
901 3148 988 3214 zm«
1000 3155 1054 3214 τοῦ
1067 3155 1236 3214 καταλιπεῖν
1251 3146 1323 3232 ήμῐν
1337 3146 1388 3231 τήν
1401 3155 1458 3232 τῆς

306 3245 449 3330 όληθείας
470 3245 632 3332 άπόθεσιν,
661 3248 708 3316 ότι
729 3254 805 3326 τίνες
821 3251 894 3315 είσλν
911 3253 943 3314 οί
956 3252 1057 3315 δοῦλοι
1077 3256 1210 3334 Χριστοῦ
1225 3252 1277 3316 καί
1295 3247 1456 3316 άπόστολοι

305 3353 359 3418 ταί
374 3354 437 3418 υίοί
455 3359 508 3434 τῆς
524 3350 616 3436 αάτής
630 3349 786 3436 άληθείας,
808 3356 872 3418 τίνα
888 3354 922 3417 δέ
936 3354 996 3418 ἐστι
1010 3348 1047 3416 τά
1063 3349 1154 3434 στεόη
1169 3359 1222 3418 τοῦ
1240 3358 1384 3434 πονηροῦ,
1403 3353 1458 3418 ταί

307 3453 399 3520 πάλαι
416 3453 494 3542 ᾅδου
511 3453 553 3536 μή
568 3453 776 3536 τατισηόουσαι
797 3461 852 3537 τής
867 3456 976 3538 πέτρας
994 3455 1047 3519 παλ
1063 3459 1117 3535 τής
1133 3451 1184 3518 ἐπ’.
1194 3451 1287 3539 αότής
1300 3455 1460 3537 οίνοδομη-

308 3561 413 3639 θείσης
431 3553 517 3640 άγίας
531 3562 609 3620 θεοῦ
626 3557 795 3637 ἐκκλησίας,
816 3593 860 3606 -
887 3553 982 3632 εάθάς
996 3555 1124 3641 ταράξας
1139 3554 1245 3622 ἔαυτόν
1262 3557 1315 3620 τιαλ
1327 3555 1462 3637 οίμτίξας

202 3723 207 3752 1
309 3653 405 3740 ήρίμα
424 3660 467 3734 είς
487 3657 521 3724 τό
542 3657 655 3734 πάντας
671 3653 813 3735 όκοῦσαι,
844 3659 885 3732 είς
904 3655 1064 3742 μαρτύριον
1082 3656 1293 3742 παραστάσεως
1311 3655 1462 3742 άςράντου

190 3785 241 3831 m
255 3774 299 3818 ιεε.
314 3760 515 3837 διδασκαλίας,
538 3759 690 3826 Σπεάσατε
707 3756 846 3839 άδελφοί,
868 3761 941 3840 ἔφη,
963 3761 1127 3842 ἐξέλθωμεν
1143 3761 1297 3838 έντεῦθτν,
1325 3757 1367 3842 μή
1382 3760 1463 3849 πέσῃ

309 3856 343 3922 τό
357 3861 520 3938 βαλανεῖον,
541 3863 592 3926 ιταλ
606 3858 789 3944 άπολῶμεθα
803 3859 876 3942 μετά
887 3858 1029 3943 Ἐβίωνος
1042 3869 1095 3927 τοῦ
1106 3864 1193 3928 ἔνδον
1206 3863 1239 3926 έν
1252 3868 1293 3950 τῷ
1304 3864 1463 3948 βαλανείῳ,

311 3955 360 4025 διά
374 3956 428 4039 τήν
441 3958 533 4026 αῦτοῦ
546 3959 690 4044 άσέβειαν.
725 3965 786 4028 Καί
798 3964 902 4046 μηδείς
914 3964 1090 4045 θαυμαζέτω
1103 3964 1153 4030 aaz
1164 3969 1206 4051 τῷ
1218 3959 1345 4030 άτιοῦσαι
1355 3958 1463 4044 Ἐβίω-

310 4087 347 4127 να
359 4057 481 4150 Ἰωάννη
496 4066 741 4148 σοντετιηηνέναι
772 4061 975 4149 Πολυχρόνιος
988 4063 1044 4150 γάρ
1059 4068 1235 4147 καταμείνας
1247 4071 1289 4152 τρῦ
1303 4068 1360 4152 βίφ
1374 4060 1463 4144 δμα-

310 4162 416 4250 ιιάριος
429 4161 568 4247 Ἰωάννης
585 4165 738 4252 διήρκεσεν
753 4163 819 4252 άηρι
834 4173 888 4250 τῆς
903 4175 957 4234 τοῦ
978 4173 1127 4252 Τραϊανοῦ
1144 4171 1300 4250 βασιλείας.
1344 4161 1466 4243 Πάντες

311 4267 345 4332 δλ
362 4271 394 4334 ολ
404 4263 561 4333 άπόστολοι
579 4264 624 4334 ὅτι
640 4265 867 4355 άπαλλοτριοῦσι
882 4266 937 4352 τήν
951 4276 1006 4335 τοῦ
1020 4265 1161 4352 Ἐβίωνος
1175 4272 1287 4348 πίστιν,
1308 4267 1361 4334 ταλ
1377 4263 1465 4332 α’λλο-

308 4422 403 4553 Μξιε.
419 4423 518 4476 xxw.
536 4451 566 4462 -
589 4426 610 4476 1.
628 4417 769 4490 α’ποσταλῆς
785 4428 853 4478 τοῦθ.
868 4427 939 4478 Velie.
956 4427 1052 4490 λλλττλίς.
1066 4432 1088 4478 τε
1102 4427 1155 4478 αλθ.
1170 4429 1251 4480 Ρτίαν.
1287 4419 1413 4490 ἀληθείας
1428 4427 1466 4478 εδ.

364 4507 383 4541 c.
