3106 4990
216 261 223 274 ’
280 266 342 328 ονε
705 275 826 330 smum
844 275 1013 330 εειοιιιαιι

279 395 419 473 κακιζέτω
442 392 497 477 τήν
520 401 575 460 τοῦ
596 400 672 460 θεοῦ
693 397 802 473 κτίσιν,
833 391 875 470 οῖς
894 391 976 460 ἄλλοι
996 391 1181 476 πλαττόμενοι
1202 391 1290 462 πάλιν
1310 395 1454 480 λέγουσι.

283 504 494 579 Προετοιιοῦτο
517 497 549 563 δέ
567 504 655 563 τοῦτο
676 505 739 572 τοῖς
760 499 792 562 ἐν
813 504 848 584 τή
866 495 965 585 ἐρήμῳ
988 496 1037 562 διά
1059 495 1114 580 τήν
1129 499 1226 564 αίτίαν
1245 495 1284 578 ἣν
1298 497 1411 564 ἐλθεῖν
1432 497 1453 565 ό

158 637 209 682 μς.
222 625 266 670 εει.
282 599 386 684 πόριος
405 602 479 685 λέγει
500 601 532 664 ἐν
553 606 593 687 τῷ
610 597 780 688 εόαγγελίῳ,
811 598 871 678 ότι,
899 597 952 674 Ὡς
969 597 1073 681 ῦψωσε
1092 607 1228 682 Μωῦοής
1244 597 1295 666 τόν
1312 597 1393 680 όφεν
1415 604 1454 668 ἐν

281 710 316 792 τή
338 700 454 790 έρήμῳ,
483 700 580 778 οὑτως
600 700 767 785 ὑψωθῆναι
790 706 837 768 δεῖ
852 700 904 768 τόν
922 700 989 770 υἱόν
1005 709 1060 767 τοῦ
1079 699 1261 786 άνθροόπου·
1288 700 1306 768 δ
1323 705 1379 768 καλ
1396 707 1452 788 γέ-

280 831 354 890 γονε.
399 809 495 886 Δίκην
516 803 572 890 γάρ
593 803 692 885 όφεως
708 803 900 887 άτιμάσωντες
920 802 972 870 τόν
988 812 1107 890 σωτῆρα
1127 802 1189 872 άπό
1207 807 1362 888 ἐπιβουλῆς
1386 815 1452 890 τῆς

280 914 333 973 τοῦ
355 905 454 988 όφεως
474 905 651 990 ἠδικοῦντο,
680 910 759 991 φημὶ
781 909 813 974 δέ
833 915 887 974 τοῦ
909 905 1060 989 διαβόλου.
1105 910 1167 974 Καὶ
1184 905 1320 991 καθάπερ
1342 911 1378 974 έν
1399 917 1448 998 τῷ

279 1007 423 1093 ῦψάματι
442 1018 497 1076 τοῦ
518 1009 616 1091 όφεως
636 1013 713 1087 ίασις
736 1013 863 1096 ἐγίγνετο
886 1018 950 1085 τοῖς
972 1011 1178 1096 δεδηγμένοις,
1208 1008 1302 1087 οὑτως
1325 1013 1379 1076 ἐκεῖ
1404 1020 1446 1100 τῇ

278 1122 332 1180 τοῦ
348 1120 479 1196 Χριστοῦ
501 1111 664 1198 σταυρόοει
683 1111 774 1195 λῦτρα
794 1114 895 1198 γέγονε
916 1121 981 1188 ταῖς
1001 1110 1088 1195 ήμοῖν
1105 1121 1221 1195 ψυχαῖς
1241 1111 1300 1178 άπό
1321 1120 1382 1178 τοῖν
1407 1118 1447 1182 ἐν

278 1213 350 1298 ήμῖν
366 1217 531 1302 γενομένων
548 1214 704 1301 δηγμάτων
719 1221 774 1298 τῆς
792 1213 944 1300 άμαρτίας
992 1218 1122 1303 Φέρονσι
1138 1217 1170 1282 δέ
1188 1217 1239 1281 καῖ
1255 1213 1325 1280 αὑτό
1343 1224 1444 1284 τοῦτο

279 1318 310 1384 τό
329 1317 419 1402 βητδν
434 1317 510 1404 πρός
527 1323 691 1402 μαρτυρίαν
704 1322 735 1384 οἱ
748 1315 833 1384 αὑτοὶ
848 1319 980 1404 λέγοντες
996 1318 1058 1398 ότι,
1092 1316 1153 1402 Οὑχ
1169 1315 1245 1406 δρᾷς
1261 1315 1301 1394 οἷς
1316 1314 1406 1384 είιεεν
1424 1319 1445 1386 ό

279 1421 392 1506 σωτήρ,
416 1421 474 1486 ’Ὸν
493 1419 604 1506 τρόπον
626 1419 730 1501 ῦψωσε
751 1428 891 1502 Μωῦσῆς
911 1419 963 1486 τόν
984 1418 1057 1501 όφιν
1078 1424 1111 1487 ἐν
1130 1429 1166 1510 τῇ
1188 1420 1302 1510 ἐρήμῳ,
1336 1419 1446 1500 οὑτως

278 1522 445 1608 ὑψωθῆναι
467 1526 516 1588 δεῖ
533 1522 585 1590 τόν
607 1521 673 1590 υίδν
693 1531 748 1588 τοῦ
770 1521 952 1608 α’νθροόιτους
986 1526 1048 1588 Καὶ
1070 1523 1119 1590 διά
1136 1529 1222 1590 τοῦτο
1241 1526 1290 1590 καλ
1308 1525 1340 1588 ἐν
1355 1520 1443 1614 δλλῳ

278 1625 372 1716 τόπῳ,
400 1629 511 1706 1φασλ,
536 1629 610 1712 λέγει
626 1625 683 1704 δτι,
707 1631 831 1692 Γίνεσθε
847 1625 990 1710 φρόνιμοι
1007 1623 1048 1702 οῖς
1068 1623 1111 1692 δεῖ
1129 1624 1210 1707 όφις,
1232 1629 1284 1692 καλ
1299 1623 1444 1710 άιιέραιοι
1541 1613 1542 1628 ὑ

279 1725 320 1805 άς
344 1734 541 1816 8περιστεραί.
586 1732 648 1794 Καὶ
668 1729 704 1794 τά
722 1733 764 1805 είς
781 1727 914 1812 σύμβολα
929 1733 1119 1804 διδασκαλίας
1135 1732 1168 1794 έκ
1183 1737 1261 1794 θεοῦ
1278 1736 1374 1806 καλεῖς
1392 1757 1445 1796 τε·

279 1834 407 1918 ταγμένα
427 1824 510 1898 οὑτοι
531 1836 573 1910 τίς
592 1831 647 1916 τήν
671 1833 783 1898 ἓαυτοῖν
805 1833 938 1898 έπίνοιαν
957 1830 1012 1914 τήν
1028 1829 1220 1915 ήπατημένην
1241 1833 1392 1917 φέρουσιν.

142 2153 209 2222 Κεφ.
226 2149 261 2223 η’.
363 2139 395 2205 Ὁ
412 2140 467 2226 γάρ
484 2140 589 2227 ιιόριος
603 2138 690 2224 ήμοῖν
705 2139 818 2223 Ἰησοῦς
836 2138 964 2226 Χριστός
981 2142 1032 2205 καλ
1049 2140 1123 2215 θεὸς
1136 2138 1254 2224 Λόγος,
1285 2135 1352 2205 όέα
1368 2145 1441 2204 Πα-

277 2241 348 2328 τρός
370 2241 428 2328 πρό
451 2242 572 2310 πάντων
592 2250 652 2308 τοῖν
671 2241 787 2308 αέάνων
804 2240 941 2326 άνάργοις
956 2245 1006 2308 καλ
1024 2241 1157 2328 άγρόνως
1174 2243 1344 2327 γεννηθεὶς,
1375 2240 1439 2310 σεῖε

276 2344 362 2427 όφις,
392 2345 433 2430 μή
450 2348 582 2431 γένοιτο,
611 2343 681 2410 άλλά
696 2344 772 2410 κατά
786 2352 839 2412 τοῦ
856 2343 954 2425 όφεως
970 2343 1060 2422 αὑτός
1075 2338 1175 2427 ἦλθεν.
1218 2343 1287 2409 Ἐάν
1302 2345 1334 2410 δέ
1351 2348 1437 2434 εἶπη,

278 2454 402 2514 Γίνεσθε
415 2448 558 2532 φρόνιμοι
573 2446 614 2524 τός
628 2445 646 2514 δ
661 2446 748 2528 όφις,
770 2450 821 2513 καί
836 2445 969 2532 άιιέραιοι
987 2447 1029 2523 οῖς
1043 2451 1077 2514 αῖ
1089 2449 1271 2531 περιστεραὶ,
1293 2450 1342 2512 δεῖ
1353 2443 1439 2529 ἡμᾶς

276 2554 389 2636 ἐρωτᾶν
404 2553 455 2618 καλ
470 2549 622 2636 γινοῖσκειν
638 2549 688 2616 διά
705 2556 733 2616 τί
751 2549 787 2615 τά
805 2549 860 2616 δῦο
877 2558 969 2616 ταῦτα
984 2550 1130 2635 πρόςωπον
1144 2547 1217 2632 ήμῖν
1234 2552 1277 2625 είς
1292 2552 1435 2614 διδασκα-

275 2658 341 2720 λίαν
356 2653 564 2739 παρειςήγαγε,
592 2659 644 2736 της
659 2679 690 2719 τε
705 2661 877 2737 περιστερᾶς
893 2655 945 2718 καλ
961 2659 1015 2718 τοῦ
1033 2650 1139 2734 έφεως.
1187 2649 1282 2718 Οόδέν
1298 2651 1332 2717 δέ
1347 2653 1379 2718 έν
1392 2660 1439 2740 τῳῖ

277 2753 344 2836 ὄφει
362 2754 524 2841 φρόνιμον,
552 2756 628 2838 πλήν
642 2756 698 2821 δὺο
716 2758 844 2836 τούτων,
874 2755 922 2824 ότι
937 2758 969 2820 ἐν
986 2761 1027 2844 τῷ
1042 2753 1205 2820 διάκεσθαι
1219 2752 1373 2840 γινάστων
1388 2752 1438 2819 ὅτι

278 2861 310 2924 ἐν
325 2865 361 2948 τῇ
378 2866 491 2948 κεφαλή
507 2857 599 2925 αὑτοῦ
614 2856 637 2941 ή
653 2865 733 2924 πᾶσα
750 2857 808 2941 ζωή
824 2856 918 2924 αὑτοῦ
933 2856 1084 2942 τνγγάνει,
1106 2859 1156 2922 καὶ
1173 2855 1278 2932 δεδιοῖς
1291 2855 1346 2938 τήν
1360 2853 1436 2922 άνιι-

275 2963 363 3046 τέραν
377 2959 454 3044 πρός
469 2959 560 3026 αὑτόν
577 2962 731 3047 εἰρημένην
747 2959 806 3026 άπό
825 2967 880 3026 τοῦ
896 2967 971 3026 θεοῦ
989 2959 1039 3026 διά
1055 2958 1107 3026 τόν
1123 2957 1290 3044 άνθρωπον
1307 2983 1434 3043 προςιο-

275 3061 331 3148 γήν
352 3062 413 3143 ὅτι,
445 3061 589 3140 Φυλάξεις
610 3061 702 3129 αὑτοῦ
718 3061 865 3146 κεφαλήν,
898 3061 988 3139 αὑτός
1008 3064 1042 3128 δέ
1063 3083 1119 3128 σου
1136 3063 1279 3146 πτέρναν,
1310 3059 1381 3127 ὅλον
1399 3048 1433 3126 τό

276 3173 360 3249 σῶμα
376 3163 521 3248 ἐνειλήσας
537 3169 587 3232 ἐιτλ
599 3164 654 3248 τήν
667 3165 799 3248 κεφαλήν
815 3163 907 3230 αὑτοῦ
922 3163 1045 3249 κρὺπτει
1060 3163 1113 3246 μέν
1125 3161 1159 3228 τό
1174 3167 1298 3247 κρανίον
1312 3164 1433 3238 ἑαυτοῦ,

278 3273 464 3355 παραδίδωσι
484 3269 516 3333 δέ
536 3267 568 3334 τό
589 3267 657 3333 όῖλλο
680 3275 764 3351 σῶμα
786 3269 818 3333 ἐν
834 3263 984 3356 ὑπερβολή
1005 3271 1196 3351 πανουργίας.
1243 3262 1331 3330 Οῦτω
1353 3266 1434 3330 θέλει

277 3368 358 3452 ήμῦς
379 3368 575 3456 όμονογενής
595 3368 684 3448 θεός,
713 3367 782 3436 όέιι
801 3367 922 3454 Πατρός
937 3367 1110 3455 προελθόν,
1141 3371 1174 3434 έν
1190 3375 1284 3455 καιρῷ
1301 3369 1434 3452 διωγμοῦ

276 3476 327 3538 καὶ
349 3477 381 3540 ἐν
397 3481 492 3561 καιρῷ
507 3480 672 3557 πειρασμοῦ
693 3472 730 3536 τά
748 3471 846 3538 πάντα
864 3469 948 3555 ήμῦν
963 3469 1163 3557 παραδιδόναι
1180 3475 1309 3558 μαχαίρᾳ
1330 3495 1362 3536 τε
1381 3471 1432 3536 :ul
1541 3511 1542 3552 η

276 3578 365 3660 πυρὶ,
393 3575 550 3655 φυλάττειν
566 3577 598 3642 δέ
613 3577 725 3640 ἑαυτῶν
740 3575 795 3658 τήν
809 3571 957 3657 κεφαλήν,
986 3575 1117 3640 τουτέστι
1135 3570 1266 3660 Χριστόν
1279 3571 1323 3655 μή
1340 3569 1430 3655 άρνεῖ·

276 3687 361 3742 σθαι·
384 3677 556 3764 ἐπειδήπερ,
581 3676 705 3759 Κεφαλή
722 3677 832 3753 παντός
848 3675 1014 3763 άνθροόπου
1032 3673 1176 3760 Χριστός,
1204 3673 1317 3756 κεφαλή
1335 3676 1367 3742 δέ
1381 3702 1430 3760 γυ-

277 3777 379 3855 ναικός
393 3777 412 3845 ό
427 3779 513 3864 α’νήρ,
534 3779 648 3862 κεφαλή
661 3780 694 3844 δέ
709 3786 840 3864 Χριστοῦ
856 3776 874 3846 ό
887 3779 971 3858 θεός,
993 3778 1069 3845 κατά
1081 3778 1133 3845 τόν
1148 3775 1324 3844 ὑπόστυλον.
1350 3775 1429 3842 ‘'En-

276 3908 329 3968 ρον
350 3880 439 3947 πάλιν
459 3885 517 3964 ἔχει
536 3880 762 3967 φρονιμοῖτατον
783 3879 800 3948 ό
823 3881 910 3962 ὄφις,
941 3880 983 3958 δίς
1003 3903 1094 3962 φασιν
1116 3884 1148 3946 οῖ
1168 3877 1344 3964 φυσιολόγοι
1364 3881 1429 3964 περλ

275 3983 383 4052 τοῦτον
403 3990 457 4050 τοῦ
477 3983 564 4062 ζάου.
599 3984 694 4050 Ὅταν
713 3983 769 4070 γάρ
789 3982 921 4066 διψήσας
941 3981 1002 4050 άπδ
1018 3989 1072 4048 τοῦ
1088 3989 1205 4064 φωλεοῦ
1221 3984 1368 4067 προέλθοι
1383 3983 1429 4048 ἐκί

155 4081 263 4161 τιμαεο.
277 4111 305 4152 τι
322 4085 403 4172 ῦδωρ
419 4088 469 4151 ίνα
487 4091 558 4176 πλη,
588 4085 625 4152 οῦ
641 4084 923 4172 συμπαραλαμβάνοι
939 4085 991 4152 τόν
1008 4085 1055 4152 ίόν
1073 4082 1140 4168 μεθ’
1159 4086 1283 4164 ἑαυτοῦ,
1312 4081 1428 4150 άλλάέκ

276 4195 316 4276 τρῖ
329 4195 434 4277 φωλεῷ
450 4187 670 4271 καταλιμπάνει,
692 4191 744 4254 καλ
760 4187 856 4264 οῦτως
869 4186 967 4255 ἐλθεῖν
981 4187 1122 4272 λαμβάνει
1134 4186 1168 4252 τό
1185 4185 1268 4270 πόμα
1283 4192 1344 4252 τοῖν
1358 4183 1425 4251 ὑδά-

276 4315 341 4356 των.
386 4293 447 4356 Καλ
461 4289 545 4358 αὑτοὶ
559 4282 715 4357 οὖντοῦτο
731 4289 945 4374 μιμησόμεθα,
967 4294 1033 4370 ἵνα,
1056 4290 1129 4356 ὅταν
1143 4289 1299 4375 ἐρησόμεθα
1313 4289 1362 4356 έπλ
1376 4285 1425 4370 τήν

277 4390 363 4480 άγίαν
384 4401 438 4459 τοῦ
454 4399 528 4458 θεοῦ
544 4395 712 4474 ἐκκλησίαν,
741 4391 762 4476 ή
778 4395 819 4470 είς
834 4390 937 4477 ἑδχήν,
968 4392 990 4477 ἢ
1005 4395 1047 4470 είς
1061 4391 1097 4459 τά
1114 4399 1168 4458 τοῦ
1184 4399 1262 4458 θεοῦ
1275 4389 1423 4476 μυστήρια,

311 4531 370 4582 (διε.
387 4533 440 4584 VH.
458 4557 489 4572 -
508 4530 628 4599 1.·λέγει,
646 4530 711 4600 φασί
726 4534 794 4584 habet
810 4535 861 4585 οοτλ
877 4535 950 4584 λὀίίο.
