<?xml version="1.0" encoding="UTF-8"?>
<!DOCTYPE html PUBLIC "-//W3C//DTD XHTML 1.0 Transitional//EN"
    "http://www.w3.org/TR/xhtml1/DTD/xhtml1-transitional.dtd">
<html xmlns="http://www.w3.org/1999/xhtml" xml:lang="en" lang="en">
 <head>
  <title>
</title>
<meta http-equiv="Content-Type" content="text/html;charset=utf-8" />
  <meta name='ocr-system' content='tesseract 3.04.00' />
  <meta name='ocr-capabilities' content='ocr_page ocr_carea ocr_par ocr_line ocrx_word'/>
</head>
<body>
  <div class='ocr_page' id='page_1' title='image "./corporishaerese01oehlgoog_0538.png"; bbox 0 0 3106 4990; ppageno 0'>
   <div class='ocr_carea' id='block_1_1' title="bbox 365 315 1270 380">
    <p class='ocr_par' dir='ltr' id='par_1_1' title="bbox 365 315 1270 380">
     <span class='ocr_line' id='line_1_1' title="bbox 365 315 1270 380; baseline 0 -2"><span class='ocrx_word' id='word_1_1' title='bbox 365 327 501 379; x_wconf 78' lang='lat' dir='ltr'><strong>rsuram</strong></span> <span class='ocrx_word' id='word_1_2' title='bbox 519 327 581 378; x_wconf 85' lang='lat' dir='ltr'><strong>ma.</strong></span> <span class='ocrx_word' id='word_1_3' title='bbox 594 329 612 378; x_wconf 88' lang='lat' dir='ltr'><strong>r.</strong></span> <span class='ocrx_word' id='word_1_4' title='bbox 630 327 711 380; x_wconf 84' lang='lat' dir='ltr'><strong>rom.</strong></span> <span class='ocrx_word' id='word_1_5' title='bbox 725 329 768 378; x_wconf 88' lang='lat' dir='ltr'><strong>ur.</strong></span> <span class='ocrx_word' id='word_1_6' title='bbox 787 327 885 379; x_wconf 80' lang='lat' dir='ltr'><strong>naun.</strong></span> <span class='ocrx_word' id='word_1_7' title='bbox 897 327 1023 380; x_wconf 82' lang='lat' dir='ltr'><strong>xxxix.</strong></span> <span class='ocrx_word' id='word_1_8' title='bbox 1209 315 1270 378; x_wconf 76' lang='lat'><strong>525</strong></span> 
     </span>
    </p>
   </div>
   <div class='ocr_carea' id='block_1_2' title="bbox 102 443 1403 4226">
    <p class='ocr_par' dir='ltr' id='par_1_2' title="bbox 107 443 1403 1972">
     <span class='ocr_line' id='line_1_2' title="bbox 113 443 1270 534; baseline 0.004 -27"><span class='ocrx_word' id='word_1_9' title='bbox 113 445 302 530; x_wconf 74' lang='lat' dir='ltr'><strong>procuravit,</strong></span> <span class='ocrx_word' id='word_1_10' title='bbox 337 447 422 532; x_wconf 90' lang='lat' dir='ltr'><strong>cique</strong></span> <span class='ocrx_word' id='word_1_11' title='bbox 449 449 509 512; x_wconf 84' lang='lat' dir='ltr'><strong>vim</strong></span> <span class='ocrx_word' id='word_1_12' title='bbox 537 469 620 513; x_wconf 87' lang='lat' dir='ltr'><strong>suam</strong></span> <span class='ocrx_word' id='word_1_13' title='bbox 646 447 760 512; x_wconf 79' lang='lat' dir='ltr'><strong>indidit.</strong></span> <span class='ocrx_word' id='word_1_14' title='bbox 815 443 941 511; x_wconf 77' lang='lat' dir='ltr'><strong>Proinde</strong></span> <span class='ocrx_word' id='word_1_15' title='bbox 968 448 1015 512; x_wconf 87' lang='lat' dir='ltr'><strong>ria</strong></span> <span class='ocrx_word' id='word_1_16' title='bbox 1038 447 1115 512; x_wconf 91' lang='lat' dir='ltr'><strong>illins</strong></span> <span class='ocrx_word' id='word_1_17' title='bbox 1137 447 1270 534; x_wconf 86' lang='lat' dir='ltr'><strong>superio·</strong></span> 
     </span>
     <span class='ocr_line' id='line_1_3' title="bbox 111 548 1270 636; baseline 0.003 -26"><span class='ocrx_word' id='word_1_18' title='bbox 111 548 156 612; x_wconf 88' lang='lat' dir='ltr'><strong>ris</strong></span> <span class='ocrx_word' id='word_1_19' title='bbox 183 549 295 612; x_wconf 86' lang='lat' dir='ltr'><strong>semina</strong></span> <span class='ocrx_word' id='word_1_20' title='bbox 320 550 459 634; x_wconf 89' lang='lat' dir='ltr'><strong>quaedam</strong></span> <span class='ocrx_word' id='word_1_21' title='bbox 483 553 625 636; x_wconf 88' lang='lat' dir='ltr'><strong>aspersit,</strong></span> <span class='ocrx_word' id='word_1_22' title='bbox 659 571 692 616; x_wconf 89' lang='lat' dir='ltr'><strong>ac</strong></span> <span class='ocrx_word' id='word_1_23' title='bbox 715 549 871 615; x_wconf 88' lang='lat' dir='ltr'><strong>scintillam</strong></span> <span class='ocrx_word' id='word_1_24' title='bbox 894 549 1029 630; x_wconf 88' lang='lat' dir='ltr'><strong>immisit,</strong></span> <span class='ocrx_word' id='word_1_25' title='bbox 1061 571 1135 636; x_wconf 83' lang='lat' dir='ltr'><strong>qnae</strong></span> <span class='ocrx_word' id='word_1_26' title='bbox 1156 552 1191 614; x_wconf 91' lang='lat' dir='ltr'><strong>ad</strong></span> <span class='ocrx_word' id='word_1_27' title='bbox 1212 549 1270 636; x_wconf 90' lang='lat' dir='ltr'><strong>pri·</strong></span> 
     </span>
     <span class='ocr_line' id='line_1_4' title="bbox 113 651 1270 740; baseline 0.002 -26"><span class='ocrx_word' id='word_1_28' title='bbox 113 671 191 714; x_wconf 91' lang='lat' dir='ltr'><strong>mam</strong></span> <span class='ocrx_word' id='word_1_29' title='bbox 212 651 289 716; x_wconf 89' lang='lat' dir='ltr'><strong>illam</strong></span> <span class='ocrx_word' id='word_1_30' title='bbox 309 653 431 718; x_wconf 87' lang='lat' dir='ltr'><strong>seminia</strong></span> <span class='ocrx_word' id='word_1_31' title='bbox 451 655 687 740; x_wconf 69' lang='lat' dir='ltr'><strong>propagationem</strong></span> <span class='ocrx_word' id='word_1_32' title='bbox 707 653 1004 738; x_wconf 89' lang='lat' dir='ltr'><strong>constitutionemque</strong></span> <span class='ocrx_word' id='word_1_33' title='bbox 1026 653 1108 738; x_wconf 87' lang='lat' dir='ltr'><strong>lapsa</strong></span> <span class='ocrx_word' id='word_1_34' title='bbox 1130 654 1165 717; x_wconf 88' lang='lat' dir='ltr'><strong>de</strong></span> <span class='ocrx_word' id='word_1_35' title='bbox 1187 653 1270 718; x_wconf 90' lang='lat' dir='ltr'><strong>coelo</strong></span> 
     </span>
     <span class='ocr_line' id='line_1_5' title="bbox 112 751 1271 841; baseline 0.003 -25"><span class='ocrx_word' id='word_1_36' title='bbox 112 755 222 818; x_wconf 83' lang='lat' dir='ltr'><strong>lucrat.</strong></span> <span class='ocrx_word' id='word_1_37' title='bbox 275 751 371 837; x_wconf 79' lang='lat' dir='ltr'><strong>Quam</strong></span> <span class='ocrx_word' id='word_1_38' title='bbox 396 757 511 841; x_wconf 89' lang='lat' dir='ltr'><strong>quidem</strong></span> <span class='ocrx_word' id='word_1_39' title='bbox 536 757 663 820; x_wconf 89' lang='lat' dir='ltr'><strong>iustitiae</strong></span> <span class='ocrx_word' id='word_1_40' title='bbox 688 755 924 820; x_wconf 88' lang='lat' dir='ltr'><strong>constitutionem</strong></span> <span class='ocrx_word' id='word_1_41' title='bbox 949 775 983 820; x_wconf 89' lang='lat' dir='ltr'><strong>ac</strong></span> <span class='ocrx_word' id='word_1_42' title='bbox 1007 755 1128 819; x_wconf 88' lang='lat' dir='ltr'><strong>seminis</strong></span> <span class='ocrx_word' id='word_1_43' title='bbox 1152 755 1271 820; x_wconf 88' lang='lat' dir='ltr'><strong>electio-</strong></span> 
     </span>
     <span class='ocr_line' id='line_1_6' title="bbox 110 857 1292 944; baseline 0.001 -23"><span class='ocrx_word' id='word_1_44' title='bbox 110 875 179 921; x_wconf 90' lang='lat' dir='ltr'><strong>nem</strong></span> <span class='ocrx_word' id='word_1_45' title='bbox 200 857 291 922; x_wconf 86' lang='lat' dir='ltr'><strong>luisse</strong></span> <span class='ocrx_word' id='word_1_46' title='bbox 310 857 438 937; x_wconf 89' lang='lat' dir='ltr'><strong>iactant,</strong></span> <span class='ocrx_word' id='word_1_47' title='bbox 469 881 526 944; x_wconf 94' lang='lat' dir='ltr'><strong>quo</strong></span> <span class='ocrx_word' id='word_1_48' title='bbox 544 860 693 944; x_wconf 86' lang='lat' dir='ltr'><strong>utriusque</strong></span> <span class='ocrx_word' id='word_1_49' title='bbox 710 859 853 922; x_wconf 80' lang='lat' dir='ltr'><strong>beneficio</strong></span> <span class='ocrx_word' id='word_1_50' title='bbox 869 859 1039 942; x_wconf 78' lang='lat' dir='ltr'><strong>angelornm</strong></span> <span class='ocrx_word' id='word_1_51' title='bbox 1058 857 1138 922; x_wconf 84' lang='lat' dir='ltr'><strong>vires</strong></span> <span class='ocrx_word' id='word_1_52' title='bbox 1154 869 1270 922; x_wconf 86' lang='lat' dir='ltr'><strong>everte·</strong></span> <span class='ocrx_word' id='word_1_53' title='bbox 1288 927 1292 936; x_wconf 61' lang='grc'>,</span> 
     </span>
     <span class='ocr_line' id='line_1_7' title="bbox 108 960 1269 1048; baseline 0.003 -26"><span class='ocrx_word' id='word_1_54' title='bbox 108 969 232 1040; x_wconf 91' lang='lat' dir='ltr'><strong>rentnr,</strong></span> <span class='ocrx_word' id='word_1_55' title='bbox 256 960 351 1045; x_wconf 91' lang='lat' dir='ltr'><strong>quiet</strong></span> <span class='ocrx_word' id='word_1_56' title='bbox 368 963 502 1026; x_wconf 87' lang='lat' dir='ltr'><strong>mundum</strong></span> <span class='ocrx_word' id='word_1_57' title='bbox 520 962 753 1041; x_wconf 79' lang='lat' dir='ltr'><strong>fabricaverant,</strong></span> <span class='ocrx_word' id='word_1_58' title='bbox 778 971 808 1024; x_wconf 92' lang='lat' dir='ltr'><strong>et</strong></span> <span class='ocrx_word' id='word_1_59' title='bbox 824 962 897 1025; x_wconf 92' lang='lat' dir='ltr'><strong>duos</strong></span> <span class='ocrx_word' id='word_1_60' title='bbox 913 961 1046 1024; x_wconf 87' lang='lat' dir='ltr'><strong>hornincs</strong></span> <span class='ocrx_word' id='word_1_61' title='bbox 1063 960 1147 1024; x_wconf 90' lang='lat' dir='ltr'><strong>initio</strong></span> <span class='ocrx_word' id='word_1_62' title='bbox 1164 961 1269 1048; x_wconf 90' lang='lat' dir='ltr'><strong>produ—</strong></span> 
     </span>
     <span class='ocr_line' id='line_1_8' title="bbox 108 1060 1268 1150; baseline 0 -24"><span class='ocrx_word' id='word_1_63' title='bbox 108 1071 230 1126; x_wconf 87' lang='lat' dir='ltr'><strong>xerant.</strong></span> <span class='ocrx_word' id='word_1_64' title='bbox 277 1060 359 1146; x_wconf 79' lang='lat' dir='ltr'><strong>Quas</strong></span> <span class='ocrx_word' id='word_1_65' title='bbox 381 1063 418 1128; x_wconf 94' lang='lat' dir='ltr'><strong>ob</strong></span> <span class='ocrx_word' id='word_1_66' title='bbox 436 1085 557 1129; x_wconf 90' lang='lat' dir='ltr'><strong>caussas</strong></span> <span class='ocrx_word' id='word_1_67' title='bbox 574 1063 658 1130; x_wconf 85' lang='lat' dir='ltr'><strong>Sctlri</strong></span> <span class='ocrx_word' id='word_1_68' title='bbox 677 1085 771 1148; x_wconf 80' lang='lat' dir='ltr'><strong>genus</strong></span> <span class='ocrx_word' id='word_1_69' title='bbox 788 1063 945 1150; x_wconf 89' lang='lat' dir='ltr'><strong>separatim</strong></span> <span class='ocrx_word' id='word_1_70' title='bbox 964 1063 1000 1128; x_wconf 92' lang='lat' dir='ltr'><strong>ab</strong></span> <span class='ocrx_word' id='word_1_71' title='bbox 1019 1063 1068 1128; x_wconf 92' lang='lat' dir='ltr'><strong>illa</strong></span> <span class='ocrx_word' id='word_1_72' title='bbox 1086 1063 1200 1147; x_wconf 80' lang='lat' dir='ltr'><strong>origine</strong></span> <span class='ocrx_word' id='word_1_73' title='bbox 1219 1063 1268 1127; x_wconf 88' lang='lat' dir='ltr'><strong>de-</strong></span> 
     </span>
     <span class='ocr_line' id='line_1_9' title="bbox 109 1163 1269 1254; baseline 0.003 -27"><span class='ocrx_word' id='word_1_74' title='bbox 109 1164 228 1228; x_wconf 91' lang='lat' dir='ltr'><strong>ductum</strong></span> <span class='ocrx_word' id='word_1_75' title='bbox 245 1177 307 1247; x_wconf 85' lang='lat' dir='ltr'><strong>cst,</strong></span> <span class='ocrx_word' id='word_1_76' title='bbox 332 1177 432 1254; x_wconf 90' lang='lat' dir='ltr'><strong>utpote</strong></span> <span class='ocrx_word' id='word_1_77' title='bbox 449 1168 572 1230; x_wconf 90' lang='lat' dir='ltr'><strong>electum</strong></span> <span class='ocrx_word' id='word_1_78' title='bbox 590 1178 620 1230; x_wconf 91' lang='lat' dir='ltr'><strong>et</strong></span> <span class='ocrx_word' id='word_1_79' title='bbox 636 1167 671 1230; x_wconf 93' lang='lat' dir='ltr'><strong>ab</strong></span> <span class='ocrx_word' id='word_1_80' title='bbox 688 1168 798 1250; x_wconf 90' lang='lat' dir='ltr'><strong>reliqua</strong></span> <span class='ocrx_word' id='word_1_81' title='bbox 814 1167 906 1253; x_wconf 90' lang='lat' dir='ltr'><strong>stirpe</strong></span> <span class='ocrx_word' id='word_1_82' title='bbox 920 1168 1095 1231; x_wconf 90' lang='lat' dir='ltr'><strong>seiunctum.</strong></span> <span class='ocrx_word' id='word_1_83' title='bbox 1141 1163 1269 1250; x_wconf 81' lang='lat' dir='ltr'><strong>Progre-</strong></span> 
     </span>
     <span class='ocr_line' id='line_1_10' title="bbox 109 1267 1264 1356; baseline 0.002 -26"><span class='ocrx_word' id='word_1_84' title='bbox 109 1267 257 1334; x_wconf 89' lang='lat' dir='ltr'><strong>dientibus</strong></span> <span class='ocrx_word' id='word_1_85' title='bbox 278 1270 416 1356; x_wconf 78' lang='lat' dir='ltr'><strong>deinceps</strong></span> <span class='ocrx_word' id='word_1_86' title='bbox 439 1269 634 1356; x_wconf 76' lang='lat' dir='ltr'><strong>temporibus,</strong></span> <span class='ocrx_word' id='word_1_87' title='bbox 667 1280 697 1333; x_wconf 91' lang='lat' dir='ltr'><strong>et</strong></span> <span class='ocrx_word' id='word_1_88' title='bbox 715 1279 838 1354; x_wconf 91' lang='lat' dir='ltr'><strong>utraque</strong></span> <span class='ocrx_word' id='word_1_89' title='bbox 855 1267 957 1333; x_wconf 89' lang='lat' dir='ltr'><strong>sobole</strong></span> <span class='ocrx_word' id='word_1_90' title='bbox 976 1269 1005 1333; x_wconf 90' lang='lat' dir='ltr'><strong>in</strong></span> <span class='ocrx_word' id='word_1_91' title='bbox 1024 1293 1112 1334; x_wconf 89' lang='lat' dir='ltr'><strong>unum</strong></span> <span class='ocrx_word' id='word_1_92' title='bbox 1129 1269 1264 1346; x_wconf 82' lang='lat' dir='ltr'><strong>conflata,</strong></span> 
     </span>
     <span class='ocr_line' id='line_1_11' title="bbox 108 1369 1265 1458; baseline 0.003 -25"><span class='ocrx_word' id='word_1_93' title='bbox 108 1369 166 1434; x_wconf 90' lang='lat' dir='ltr'><strong>hoc</strong></span> <span class='ocrx_word' id='word_1_94' title='bbox 181 1383 227 1436; x_wconf 89' lang='lat' dir='ltr'><strong>est</strong></span> <span class='ocrx_word' id='word_1_95' title='bbox 242 1369 337 1437; x_wconf 87' lang='lat' dir='ltr'><strong>Caino</strong></span> <span class='ocrx_word' id='word_1_96' title='bbox 352 1384 383 1438; x_wconf 92' lang='lat' dir='ltr'><strong>et</strong></span> <span class='ocrx_word' id='word_1_97' title='bbox 398 1373 494 1437; x_wconf 82' lang='lat' dir='ltr'><strong>Abelo</strong></span> <span class='ocrx_word' id='word_1_98' title='bbox 509 1372 751 1436; x_wconf 87' lang='lat' dir='ltr'><strong>convenientibus</strong></span> <span class='ocrx_word' id='word_1_99' title='bbox 764 1372 950 1458; x_wconf 86' lang='lat' dir='ltr'><strong>invicemque</strong></span> <span class='ocrx_word' id='word_1_100' title='bbox 964 1373 1121 1458; x_wconf 72' lang='lat' dir='ltr'><strong>permistis,</strong></span> <span class='ocrx_word' id='word_1_101' title='bbox 1138 1372 1265 1437; x_wconf 89' lang='lat' dir='ltr'><strong>omnium</strong></span> 
     </span>
     <span class='ocr_line' id='line_1_12' title="bbox 107 1471 1265 1561; baseline 0 -23"><span class='ocrx_word' id='word_1_102' title='bbox 107 1471 211 1538; x_wconf 86' lang='lat' dir='ltr'><strong>Mater</strong></span> <span class='ocrx_word' id='word_1_103' title='bbox 230 1495 264 1538; x_wconf 92' lang='lat' dir='ltr'><strong>ea</strong></span> <span class='ocrx_word' id='word_1_104' title='bbox 283 1497 316 1540; x_wconf 91' lang='lat' dir='ltr'><strong>re</strong></span> <span class='ocrx_word' id='word_1_105' title='bbox 337 1475 540 1541; x_wconf 76' lang='lat' dir='ltr'><strong>animadversa</strong></span> <span class='ocrx_word' id='word_1_106' title='bbox 560 1475 678 1559; x_wconf 82' lang='lat' dir='ltr'><strong>generis</strong></span> <span class='ocrx_word' id='word_1_107' title='bbox 699 1475 816 1538; x_wconf 87' lang='lat' dir='ltr'><strong>bomani</strong></span> <span class='ocrx_word' id='word_1_108' title='bbox 835 1475 946 1540; x_wconf 89' lang='lat' dir='ltr'><strong>semina</strong></span> <span class='ocrx_word' id='word_1_109' title='bbox 965 1476 1080 1561; x_wconf 79' lang='lat' dir='ltr'><strong>integra</strong></span> <span class='ocrx_word' id='word_1_110' title='bbox 1099 1497 1133 1540; x_wconf 91' lang='lat' dir='ltr'><strong>ac</strong></span> <span class='ocrx_word' id='word_1_111' title='bbox 1151 1476 1265 1540; x_wconf 89' lang='lat' dir='ltr'><strong>sincera</strong></span> 
     </span>
     <span class='ocr_line' id='line_1_13' title="bbox 109 1575 1266 1662; baseline 0.002 -22"><span class='ocrx_word' id='word_1_112' title='bbox 109 1590 338 1662; x_wconf 87' lang='lat' dir='ltr'><strong>repracsentare</strong></span> <span class='ocrx_word' id='word_1_113' title='bbox 354 1579 523 1658; x_wconf 87' lang='lat' dir='ltr'><strong>constituit,</strong></span> <span class='ocrx_word' id='word_1_114' title='bbox 548 1600 630 1657; x_wconf 90' lang='lat' dir='ltr'><strong>cum,</strong></span> <span class='ocrx_word' id='word_1_115' title='bbox 655 1579 695 1640; x_wconf 92' lang='lat' dir='ltr'><strong>nti</strong></span> <span class='ocrx_word' id='word_1_116' title='bbox 715 1577 853 1656; x_wconf 85' lang='lat' dir='ltr'><strong>diximus,</strong></span> <span class='ocrx_word' id='word_1_117' title='bbox 878 1577 955 1642; x_wconf 80' lang='lat' dir='ltr'><strong>anet</strong></span> <span class='ocrx_word' id='word_1_118' title='bbox 972 1589 1053 1642; x_wconf 86' lang='lat' dir='ltr'><strong>esset</strong></span> <span class='ocrx_word' id='word_1_119' title='bbox 1068 1578 1195 1642; x_wconf 89' lang='lat' dir='ltr'><strong>occisus.</strong></span> <span class='ocrx_word' id='word_1_120' title='bbox 1232 1575 1266 1642; x_wconf 88' lang='lat' dir='ltr'><strong>ln</strong></span> 
     </span>
     <span class='ocr_line' id='line_1_14' title="bbox 109 1675 1266 1768; baseline 0.001 -24"><span class='ocrx_word' id='word_1_121' title='bbox 109 1675 235 1744; x_wconf 89' lang='lat' dir='ltr'><strong>Setlmm</strong></span> <span class='ocrx_word' id='word_1_122' title='bbox 254 1681 322 1745; x_wconf 93' lang='lat' dir='ltr'><strong>illud</strong></span> <span class='ocrx_word' id='word_1_123' title='bbox 342 1681 466 1766; x_wconf 80' lang='lat' dir='ltr'><strong>delegit,</strong></span> <span class='ocrx_word' id='word_1_124' title='bbox 499 1691 530 1744; x_wconf 87' lang='lat' dir='ltr'><strong>et</strong></span> <span class='ocrx_word' id='word_1_125' title='bbox 548 1681 584 1744; x_wconf 93' lang='lat' dir='ltr'><strong>ab</strong></span> <span class='ocrx_word' id='word_1_126' title='bbox 604 1679 684 1744; x_wconf 88' lang='lat' dir='ltr'><strong>omni</strong></span> <span class='ocrx_word' id='word_1_127' title='bbox 702 1680 767 1743; x_wconf 92' lang='lat' dir='ltr'><strong>labe</strong></span> <span class='ocrx_word' id='word_1_128' title='bbox 786 1701 887 1766; x_wconf 91' lang='lat' dir='ltr'><strong>purum</strong></span> <span class='ocrx_word' id='word_1_129' title='bbox 906 1681 1044 1745; x_wconf 74' lang='lat' dir='ltr'><strong>ostendit.</strong></span> <span class='ocrx_word' id='word_1_130' title='bbox 1090 1679 1125 1744; x_wconf 89' lang='lat' dir='ltr'><strong>ln</strong></span> <span class='ocrx_word' id='word_1_131' title='bbox 1144 1702 1266 1768; x_wconf 87' lang='lat' dir='ltr'><strong>cumque</strong></span> 
     </span>
     <span class='ocr_line' id='line_1_15' title="bbox 109 1781 1154 1868; baseline 0 -22"><span class='ocrx_word' id='word_1_132' title='bbox 109 1781 205 1847; x_wconf 88' lang='lat' dir='ltr'><strong>solum</strong></span> <span class='ocrx_word' id='word_1_133' title='bbox 230 1784 368 1848; x_wconf 87' lang='lat' dir='ltr'><strong>coelestis</strong></span> <span class='ocrx_word' id='word_1_134' title='bbox 390 1784 467 1848; x_wconf 91' lang='lat' dir='ltr'><strong>illins</strong></span> <span class='ocrx_word' id='word_1_135' title='bbox 490 1785 536 1847; x_wconf 87' lang='lat' dir='ltr'><strong>vis</strong></span> <span class='ocrx_word' id='word_1_136' title='bbox 558 1804 630 1848; x_wconf 90' lang='lat' dir='ltr'><strong>suae</strong></span> <span class='ocrx_word' id='word_1_137' title='bbox 652 1805 687 1846; x_wconf 90' lang='lat' dir='ltr'><strong>ao</strong></span> <span class='ocrx_word' id='word_1_138' title='bbox 709 1781 888 1848; x_wconf 77' lang='lat' dir='ltr'><strong>sinceritatis</strong></span> <span class='ocrx_word' id='word_1_139' title='bbox 910 1803 1003 1868; x_wconf 86' lang='lat' dir='ltr'><strong>genus</strong></span> <span class='ocrx_word' id='word_1_140' title='bbox 1025 1782 1154 1848; x_wconf 88' lang='lat' dir='ltr'><strong>immisit.</strong></span> 
     </span>
     <span class='ocr_line' id='line_1_16' title="bbox 193 1884 1403 1972; baseline -0.001 -23"><span class='ocrx_word' id='word_1_141' title='bbox 193 1884 324 1950; x_wconf 83' lang='lat' dir='ltr'><strong>Rursum</strong></span> <span class='ocrx_word' id='word_1_142' title='bbox 338 1907 410 1951; x_wconf 85' lang='lat' dir='ltr'><strong>vero</strong></span> <span class='ocrx_word' id='word_1_143' title='bbox 427 1909 492 1950; x_wconf 92' lang='lat' dir='ltr'><strong>curo</strong></span> <span class='ocrx_word' id='word_1_144' title='bbox 509 1886 703 1972; x_wconf 87' lang='lat' dir='ltr'><strong>promiscuam</strong></span> <span class='ocrx_word' id='word_1_145' title='bbox 720 1886 967 1971; x_wconf 82' lang='lat' dir='ltr'><strong>perturbationem</strong></span> <span class='ocrx_word' id='word_1_146' title='bbox 985 1896 1015 1950; x_wconf 91' lang='lat' dir='ltr'><strong>et</strong></span> <span class='ocrx_word' id='word_1_147' title='bbox 1029 1887 1199 1970; x_wconf 82' lang='lat' dir='ltr'><strong>angelornm</strong></span> <span class='ocrx_word' id='word_1_148' title='bbox 1216 1886 1265 1949; x_wconf 92' lang='lat' dir='ltr'><strong>bo·</strong></span> <span class='ocrx_word' id='word_1_149' title='bbox 1286 1889 1346 1957; x_wconf 73' lang='lat' dir='ltr'><strong>cap.</strong></span> <span class='ocrx_word' id='word_1_150' title='bbox 1361 1893 1403 1943; x_wconf 83' lang='grc'><strong>111.</strong></span> 
     </span>
    </p>

    <p class='ocr_par' dir='ltr' id='par_1_3' title="bbox 102 1986 1296 4226">
     <span class='ocr_line' id='line_1_17' title="bbox 106 1986 1266 2076; baseline 0.003 -28"><span class='ocrx_word' id='word_1_151' title='bbox 106 1986 277 2072; x_wconf 91' lang='lat' dir='ltr'><strong>miuumque</strong></span> <span class='ocrx_word' id='word_1_152' title='bbox 292 1989 466 2054; x_wconf 90' lang='lat' dir='ltr'><strong>temerarios</strong></span> <span class='ocrx_word' id='word_1_153' title='bbox 480 1990 604 2076; x_wconf 88' lang='lat' dir='ltr'><strong>impetus</strong></span> <span class='ocrx_word' id='word_1_154' title='bbox 619 2000 773 2068; x_wconf 88' lang='lat' dir='ltr'><strong>cerneret,</strong></span> <span class='ocrx_word' id='word_1_155' title='bbox 798 1990 873 2074; x_wconf 90' lang='lat' dir='ltr'><strong>quod</strong></span> <span class='ocrx_word' id='word_1_156' title='bbox 890 1987 1041 2052; x_wconf 81' lang='lat' dir='ltr'><strong>commista</strong></span> <span class='ocrx_word' id='word_1_157' title='bbox 1056 1989 1142 2055; x_wconf 88' lang='lat' dir='ltr'><strong>simul</strong></span> <span class='ocrx_word' id='word_1_158' title='bbox 1157 2009 1266 2074; x_wconf 82' lang='lat' dir='ltr'><strong>genera</strong></span> 
     </span>
     <span class='ocr_line' id='line_1_18' title="bbox 105 2089 1264 2176; baseline 0.002 -24"><span class='ocrx_word' id='word_1_159' title='bbox 105 2089 159 2152; x_wconf 92' lang='lat' dir='ltr'><strong>illa</strong></span> <span class='ocrx_word' id='word_1_160' title='bbox 180 2091 237 2153; x_wconf 92' lang='lat' dir='ltr'><strong>dun</strong></span> <span class='ocrx_word' id='word_1_161' title='bbox 261 2091 402 2171; x_wconf 82' lang='lat' dir='ltr'><strong>luissent,</strong></span> <span class='ocrx_word' id='word_1_162' title='bbox 435 2114 490 2176; x_wconf 92' lang='lat' dir='ltr'><strong>qua</strong></span> <span class='ocrx_word' id='word_1_163' title='bbox 513 2113 553 2156; x_wconf 89' lang='lat' dir='ltr'><strong>ex</strong></span> <span class='ocrx_word' id='word_1_164' title='bbox 576 2091 749 2156; x_wconf 81' lang='lat' dir='ltr'><strong>contusione</strong></span> <span class='ocrx_word' id='word_1_165' title='bbox 772 2113 848 2156; x_wconf 84' lang='lat' dir='ltr'><strong>nova</strong></span> <span class='ocrx_word' id='word_1_166' title='bbox 870 2092 1010 2176; x_wconf 88' lang='lat' dir='ltr'><strong>quaedam</strong></span> <span class='ocrx_word' id='word_1_167' title='bbox 1033 2102 1135 2154; x_wconf 86' lang='lat' dir='ltr'><strong>essent</strong></span> <span class='ocrx_word' id='word_1_168' title='bbox 1156 2112 1264 2176; x_wconf 81' lang='lat' dir='ltr'><strong>genera</strong></span> 
     </span>
     <span class='ocr_line' id='line_1_19' title="bbox 105 2187 1264 2279; baseline 0.003 -25"><span class='ocrx_word' id='word_1_169' title='bbox 105 2193 283 2274; x_wconf 87' lang='lat' dir='ltr'><strong>constituta,</strong></span> <span class='ocrx_word' id='word_1_170' title='bbox 315 2187 416 2258; x_wconf 85' lang='lat' dir='ltr'><strong>eadem</strong></span> <span class='ocrx_word' id='word_1_171' title='bbox 434 2195 484 2258; x_wconf 92' lang='lat' dir='ltr'><strong>illa</strong></span> <span class='ocrx_word' id='word_1_172' title='bbox 500 2192 614 2258; x_wconf 87' lang='lat' dir='ltr'><strong>Pareus</strong></span> <span class='ocrx_word' id='word_1_173' title='bbox 634 2193 741 2258; x_wconf 84' lang='lat' dir='ltr'><strong>lumina</strong></span> <span class='ocrx_word' id='word_1_174' title='bbox 759 2195 950 2279; x_wconf 83' lang='lat' dir='ltr'><strong>progrediens</strong></span> <span class='ocrx_word' id='word_1_175' title='bbox 969 2215 1108 2277; x_wconf 89' lang='lat' dir='ltr'><strong>aquarum</strong></span> <span class='ocrx_word' id='word_1_176' title='bbox 1129 2195 1264 2259; x_wconf 81' lang='lat' dir='ltr'><strong>eluvione</strong></span> 
     </span>
     <span class='ocr_line' id='line_1_20' title="bbox 105 2295 1265 2382; baseline 0.003 -26"><span class='ocrx_word' id='word_1_177' title='bbox 105 2295 285 2359; x_wconf 90' lang='lat' dir='ltr'><strong>contrariam</strong></span> <span class='ocrx_word' id='word_1_178' title='bbox 315 2317 430 2362; x_wconf 77' lang='lat' dir='ltr'><strong>ominem</strong></span> <span class='ocrx_word' id='word_1_179' title='bbox 455 2297 611 2361; x_wconf 79' lang='lat' dir='ltr'><strong>[actionem</strong></span> <span class='ocrx_word' id='word_1_180' title='bbox 639 2296 768 2360; x_wconf 76' lang='lat' dir='ltr'><strong>funditus</strong></span> <span class='ocrx_word' id='word_1_181' title='bbox 796 2295 943 2374; x_wconf 79' lang='lat' dir='ltr'><strong>extinxit,</strong></span> <span class='ocrx_word' id='word_1_182' title='bbox 979 2305 1010 2358; x_wconf 90' lang='lat' dir='ltr'><strong>nt</strong></span> <span class='ocrx_word' id='word_1_183' title='bbox 1035 2296 1203 2382; x_wconf 92' lang='lat' dir='ltr'><strong>incorrupta</strong></span> <span class='ocrx_word' id='word_1_184' title='bbox 1230 2319 1265 2360; x_wconf 91' lang='lat' dir='ltr'><strong>ac</strong></span> 
     </span>
     <span class='ocr_line' id='line_1_21' title="bbox 105 2394 1265 2484; baseline 0.004 -25"><span class='ocrx_word' id='word_1_185' title='bbox 105 2396 186 2461; x_wconf 87' lang='lat' dir='ltr'><strong>iusta</strong></span> <span class='ocrx_word' id='word_1_186' title='bbox 208 2394 291 2462; x_wconf 87' lang='lat' dir='ltr'><strong>Setbi</strong></span> <span class='ocrx_word' id='word_1_187' title='bbox 314 2398 402 2484; x_wconf 86' lang='lat' dir='ltr'><strong>stirps</strong></span> <span class='ocrx_word' id='word_1_188' title='bbox 424 2399 459 2462; x_wconf 89' lang='lat' dir='ltr'><strong>ad</strong></span> <span class='ocrx_word' id='word_1_189' title='bbox 483 2399 613 2462; x_wconf 89' lang='lat' dir='ltr'><strong>coeleste</strong></span> <span class='ocrx_word' id='word_1_190' title='bbox 634 2419 728 2482; x_wconf 83' lang='lat' dir='ltr'><strong>genus</strong></span> <span class='ocrx_word' id='word_1_191' title='bbox 750 2395 963 2482; x_wconf 79' lang='lat' dir='ltr'><strong>scintillamque</strong></span> <span class='ocrx_word' id='word_1_192' title='bbox 986 2397 1113 2462; x_wconf 88' lang='lat' dir='ltr'><strong>iustitiae</strong></span> <span class='ocrx_word' id='word_1_193' title='bbox 1137 2400 1265 2464; x_wconf 86' lang='lat' dir='ltr'><strong>contian-</strong></span> 
     </span>
     <span class='ocr_line' id='line_1_22' title="bbox 106 2497 1265 2585; baseline 0.003 -23"><span class='ocrx_word' id='word_1_194' title='bbox 106 2499 174 2564; x_wconf 87' lang='lat' dir='ltr'><strong>dam</strong></span> <span class='ocrx_word' id='word_1_195' title='bbox 190 2500 220 2562; x_wconf 93' lang='lat' dir='ltr'><strong>in</strong></span> <span class='ocrx_word' id='word_1_196' title='bbox 238 2499 325 2563; x_wconf 91' lang='lat' dir='ltr'><strong>terris</strong></span> <span class='ocrx_word' id='word_1_197' title='bbox 342 2501 404 2564; x_wconf 87' lang='lat' dir='ltr'><strong>sola</strong></span> <span class='ocrx_word' id='word_1_198' title='bbox 421 2502 609 2565; x_wconf 85' lang='lat' dir='ltr'><strong>retineretur.</strong></span> <span class='ocrx_word' id='word_1_199' title='bbox 656 2497 767 2562; x_wconf 89' lang='lat' dir='ltr'><strong>Verum</strong></span> <span class='ocrx_word' id='word_1_200' title='bbox 788 2499 860 2563; x_wconf 89' lang='lat' dir='ltr'><strong>clam</strong></span> <span class='ocrx_word' id='word_1_201' title='bbox 876 2499 940 2584; x_wconf 90' lang='lat' dir='ltr'><strong>ipsa</strong></span> <span class='ocrx_word' id='word_1_202' title='bbox 954 2521 1059 2565; x_wconf 85' lang='lat' dir='ltr'><strong>rursus</strong></span> <span class='ocrx_word' id='word_1_203' title='bbox 1072 2502 1167 2585; x_wconf 86' lang='lat' dir='ltr'><strong>angeli</strong></span> <span class='ocrx_word' id='word_1_204' title='bbox 1187 2498 1265 2566; x_wconf 89' lang='lat' dir='ltr'><strong>Cba-</strong></span> 
     </span>
     <span class='ocr_line' id='line_1_23' title="bbox 106 2601 1264 2688; baseline 0.003 -24"><span class='ocrx_word' id='word_1_205' title='bbox 106 2623 186 2664; x_wconf 89' lang='lat' dir='ltr'><strong>mum</strong></span> <span class='ocrx_word' id='word_1_206' title='bbox 208 2622 225 2665; x_wconf 92' lang='lat' dir='ltr'><strong>c</strong></span> <span class='ocrx_word' id='word_1_207' title='bbox 244 2622 355 2686; x_wconf 80' lang='lat' dir='ltr'><strong>genere</strong></span> <span class='ocrx_word' id='word_1_208' title='bbox 375 2623 429 2666; x_wconf 87' lang='lat' dir='ltr'><strong>sno</strong></span> <span class='ocrx_word' id='word_1_209' title='bbox 447 2613 618 2688; x_wconf 85' lang='lat' dir='ltr'><strong>prognatum</strong></span> <span class='ocrx_word' id='word_1_210' title='bbox 636 2602 666 2666; x_wconf 91' lang='lat' dir='ltr'><strong>in</strong></span> <span class='ocrx_word' id='word_1_211' title='bbox 685 2621 784 2666; x_wconf 89' lang='lat' dir='ltr'><strong>arcam</strong></span> <span class='ocrx_word' id='word_1_212' title='bbox 802 2603 1002 2666; x_wconf 88' lang='lat' dir='ltr'><strong>introducunt.</strong></span> <span class='ocrx_word' id='word_1_213' title='bbox 1047 2601 1125 2668; x_wconf 88' lang='lat' dir='ltr'><strong>Nam</strong></span> <span class='ocrx_word' id='word_1_214' title='bbox 1143 2625 1183 2668; x_wconf 91' lang='lat' dir='ltr'><strong>cx</strong></span> <span class='ocrx_word' id='word_1_215' title='bbox 1198 2615 1264 2668; x_wconf 92' lang='lat' dir='ltr'><strong>octo</strong></span> 
     </span>
     <span class='ocr_line' id='line_1_24' title="bbox 107 2703 1265 2790; baseline 0.004 -25"><span class='ocrx_word' id='word_1_216' title='bbox 107 2703 252 2789; x_wconf 84' lang='lat' dir='ltr'><strong>capitibus</strong></span> <span class='ocrx_word' id='word_1_217' title='bbox 277 2706 351 2786; x_wconf 90' lang='lat' dir='ltr'><strong>illis,</strong></span> <span class='ocrx_word' id='word_1_218' title='bbox 384 2725 457 2789; x_wconf 90' lang='lat' dir='ltr'><strong>qnae</strong></span> <span class='ocrx_word' id='word_1_219' title='bbox 479 2705 509 2768; x_wconf 90' lang='lat' dir='ltr'><strong>in</strong></span> <span class='ocrx_word' id='word_1_220' title='bbox 534 2703 643 2770; x_wconf 77' lang='lat' dir='ltr'><strong>Nodmi</strong></span> <span class='ocrx_word' id='word_1_221' title='bbox 672 2725 740 2770; x_wconf 90' lang='lat' dir='ltr'><strong>arca</strong></span> <span class='ocrx_word' id='word_1_222' title='bbox 765 2715 883 2768; x_wconf 87' lang='lat' dir='ltr'><strong>serrata</strong></span> <span class='ocrx_word' id='word_1_223' title='bbox 907 2705 1061 2790; x_wconf 80' lang='lat' dir='ltr'><strong>leguntur,</strong></span> <span class='ocrx_word' id='word_1_224' title='bbox 1095 2706 1265 2771; x_wconf 84' lang='lat' dir='ltr'><strong>sincerioris</strong></span> 
     </span>
     <span class='ocr_line' id='line_1_25' title="bbox 104 2806 1263 2893; baseline 0.003 -25"><span class='ocrx_word' id='word_1_225' title='bbox 104 2807 227 2890; x_wconf 82' lang='lat' dir='ltr'><strong>generis</strong></span> <span class='ocrx_word' id='word_1_226' title='bbox 249 2819 370 2893; x_wconf 88' lang='lat' dir='ltr'><strong>septena</strong></span> <span class='ocrx_word' id='word_1_227' title='bbox 391 2807 483 2872; x_wconf 83' lang='lat' dir='ltr'><strong>tuisse</strong></span> <span class='ocrx_word' id='word_1_228' title='bbox 505 2807 691 2893; x_wconf 90' lang='lat' dir='ltr'><strong>praedicant,</strong></span> <span class='ocrx_word' id='word_1_229' title='bbox 725 2818 860 2872; x_wconf 80' lang='lat' dir='ltr'><strong>octauum</strong></span> <span class='ocrx_word' id='word_1_230' title='bbox 883 2828 956 2873; x_wconf 81' lang='lat' dir='ltr'><strong>vero</strong></span> <span class='ocrx_word' id='word_1_231' title='bbox 980 2810 1097 2872; x_wconf 91' lang='lat' dir='ltr'><strong>nomine</strong></span> <span class='ocrx_word' id='word_1_232' title='bbox 1121 2806 1263 2874; x_wconf 87' lang='lat' dir='ltr'><strong>Cbamum</strong></span> 
     </span>
     <span class='ocr_line' id='line_1_26' title="bbox 104 2907 1264 2994; baseline 0.005 -24"><span class='ocrx_word' id='word_1_233' title='bbox 104 2908 142 2972; x_wconf 91' lang='lat' dir='ltr'><strong>ab</strong></span> <span class='ocrx_word' id='word_1_234' title='bbox 162 2910 258 2974; x_wconf 87' lang='lat' dir='ltr'><strong>aliena</strong></span> <span class='ocrx_word' id='word_1_235' title='bbox 278 2912 308 2976; x_wconf 88' lang='lat' dir='ltr'><strong>vi</strong></span> <span class='ocrx_word' id='word_1_236' title='bbox 328 2910 497 2994; x_wconf 86' lang='lat' dir='ltr'><strong>productum</strong></span> <span class='ocrx_word' id='word_1_237' title='bbox 517 2910 637 2975; x_wconf 85' lang='lat' dir='ltr'><strong>latuisse</strong></span> <span class='ocrx_word' id='word_1_238' title='bbox 656 2910 815 2975; x_wconf 86' lang='lat' dir='ltr'><strong>coelestem</strong></span> <span class='ocrx_word' id='word_1_239' title='bbox 831 2907 979 2992; x_wconf 85' lang='lat' dir='ltr'><strong>Matrem,</strong></span> <span class='ocrx_word' id='word_1_240' title='bbox 1015 2922 1045 2975; x_wconf 91' lang='lat' dir='ltr'><strong>et</strong></span> <span class='ocrx_word' id='word_1_241' title='bbox 1061 2911 1091 2976; x_wconf 88' lang='lat' dir='ltr'><strong>in</strong></span> <span class='ocrx_word' id='word_1_242' title='bbox 1109 2933 1206 2976; x_wconf 90' lang='lat' dir='ltr'><strong>arcam</strong></span> <span class='ocrx_word' id='word_1_243' title='bbox 1224 2912 1264 2976; x_wconf 88' lang='lat' dir='ltr'><strong>ir-</strong></span> 
     </span>
     <span class='ocr_line' id='line_1_27' title="bbox 102 3011 1260 3099; baseline 0.002 -24"><span class='ocrx_word' id='word_1_244' title='bbox 102 3011 252 3096; x_wconf 81' lang='lat' dir='ltr'><strong>repsisse,</strong></span> <span class='ocrx_word' id='word_1_245' title='bbox 285 3024 314 3075; x_wconf 93' lang='lat' dir='ltr'><strong>et</strong></span> <span class='ocrx_word' id='word_1_246' title='bbox 333 3013 361 3076; x_wconf 88' lang='lat' dir='ltr'><strong>id</strong></span> <span class='ocrx_word' id='word_1_247' title='bbox 378 3012 472 3098; x_wconf 90' lang='lat' dir='ltr'><strong>ipsum</strong></span> <span class='ocrx_word' id='word_1_248' title='bbox 494 3013 663 3098; x_wconf 82' lang='lat' dir='ltr'><strong>angelorum</strong></span> <span class='ocrx_word' id='word_1_249' title='bbox 684 3014 786 3077; x_wconf 80' lang='lat' dir='ltr'><strong>frande</strong></span> <span class='ocrx_word' id='word_1_250' title='bbox 806 3035 840 3077; x_wconf 92' lang='lat' dir='ltr'><strong>ac</strong></span> <span class='ocrx_word' id='word_1_251' title='bbox 860 3013 984 3078; x_wconf 88' lang='lat' dir='ltr'><strong>consilio</strong></span> <span class='ocrx_word' id='word_1_252' title='bbox 1002 3034 1070 3078; x_wconf 86' lang='lat' dir='ltr'><strong>esse</strong></span> <span class='ocrx_word' id='word_1_253' title='bbox 1089 3015 1260 3099; x_wconf 87' lang='lat' dir='ltr'><strong>perlectum.</strong></span> 
     </span>
     <span class='ocr_line' id='line_1_28' title="bbox 106 3109 1261 3201; baseline 0.002 -23"><span class='ocrx_word' id='word_1_254' title='bbox 106 3109 183 3178; x_wconf 88' lang='lat' dir='ltr'><strong>Cum</strong></span> <span class='ocrx_word' id='word_1_255' title='bbox 199 3115 294 3192; x_wconf 87' lang='lat' dir='ltr'><strong>enim,</strong></span> <span class='ocrx_word' id='word_1_256' title='bbox 324 3125 357 3178; x_wconf 92' lang='lat' dir='ltr'><strong>nt</strong></span> <span class='ocrx_word' id='word_1_257' title='bbox 372 3113 470 3193; x_wconf 90' lang='lat' dir='ltr'><strong>aiunt,</strong></span> <span class='ocrx_word' id='word_1_258' title='bbox 501 3117 671 3180; x_wconf 88' lang='lat' dir='ltr'><strong>didicissent</strong></span> <span class='ocrx_word' id='word_1_259' title='bbox 688 3117 729 3180; x_wconf 89' lang='lat' dir='ltr'><strong>illi</strong></span> <span class='ocrx_word' id='word_1_260' title='bbox 746 3138 839 3200; x_wconf 85' lang='lat' dir='ltr'><strong>genus</strong></span> <span class='ocrx_word' id='word_1_261' title='bbox 855 3137 943 3180; x_wconf 90' lang='lat' dir='ltr'><strong>omne</strong></span> <span class='ocrx_word' id='word_1_262' title='bbox 958 3136 1042 3180; x_wconf 87' lang='lat' dir='ltr'><strong>snum</strong></span> <span class='ocrx_word' id='word_1_263' title='bbox 1059 3115 1159 3180; x_wconf 88' lang='lat' dir='ltr'><strong>diluvii</strong></span> <span class='ocrx_word' id='word_1_264' title='bbox 1178 3115 1261 3201; x_wconf 89' lang='lat' dir='ltr'><strong>aquis</strong></span> 
     </span>
     <span class='ocr_line' id='line_1_29' title="bbox 105 3217 1262 3305; baseline 0.001 -25"><span class='ocrx_word' id='word_1_265' title='bbox 105 3217 378 3295; x_wconf 86' lang='lat' dir='ltr'><strong>exterminandum,</strong></span> <span class='ocrx_word' id='word_1_266' title='bbox 404 3217 477 3281; x_wconf 92' lang='lat' dir='ltr'><strong>mira</strong></span> <span class='ocrx_word' id='word_1_267' title='bbox 496 3219 671 3298; x_wconf 86' lang='lat' dir='ltr'><strong>calliditate,</strong></span> <span class='ocrx_word' id='word_1_268' title='bbox 696 3241 752 3305; x_wconf 93' lang='lat' dir='ltr'><strong>quo</strong></span> <span class='ocrx_word' id='word_1_269' title='bbox 771 3219 838 3281; x_wconf 89' lang='lat' dir='ltr'><strong>moli</strong></span> <span class='ocrx_word' id='word_1_270' title='bbox 856 3219 994 3303; x_wconf 85' lang='lat' dir='ltr'><strong>generis,</strong></span> <span class='ocrx_word' id='word_1_271' title='bbox 1026 3217 1109 3282; x_wconf 89' lang='lat' dir='ltr'><strong>cuins</strong></span> <span class='ocrx_word' id='word_1_272' title='bbox 1126 3229 1262 3282; x_wconf 89' lang='lat' dir='ltr'><strong>auctores</strong></span> 
     </span>
     <span class='ocr_line' id='line_1_30' title="bbox 105 3319 1260 3404; baseline 0.001 -23"><span class='ocrx_word' id='word_1_273' title='bbox 105 3328 209 3398; x_wconf 90' lang='lat' dir='ltr'><strong>crant,</strong></span> <span class='ocrx_word' id='word_1_274' title='bbox 240 3320 377 3403; x_wconf 78' lang='lat' dir='ltr'><strong>reliquias</strong></span> <span class='ocrx_word' id='word_1_275' title='bbox 397 3321 549 3398; x_wconf 88' lang='lat' dir='ltr'><strong>lovereut,</strong></span> <span class='ocrx_word' id='word_1_276' title='bbox 582 3319 723 3385; x_wconf 91' lang='lat' dir='ltr'><strong>Cbamum</strong></span> <span class='ocrx_word' id='word_1_277' title='bbox 743 3321 772 3384; x_wconf 91' lang='lat' dir='ltr'><strong>in</strong></span> <span class='ocrx_word' id='word_1_278' title='bbox 791 3341 889 3384; x_wconf 89' lang='lat' dir='ltr'><strong>arcam</strong></span> <span class='ocrx_word' id='word_1_279' title='bbox 906 3319 1064 3384; x_wconf 88' lang='lat' dir='ltr'><strong>inculcant.</strong></span> <span class='ocrx_word' id='word_1_280' title='bbox 1110 3319 1260 3404; x_wconf 82' lang='lat' dir='ltr'><strong>Aquoiu</strong></span> 
     </span>
     <span class='ocr_line' id='line_1_31' title="bbox 106 3421 1261 3508; baseline 0.001 -24"><span class='ocrx_word' id='word_1_281' title='bbox 106 3421 263 3485; x_wconf 87' lang='lat' dir='ltr'><strong>bumannm</strong></span> <span class='ocrx_word' id='word_1_282' title='bbox 286 3443 379 3508; x_wconf 86' lang='lat' dir='ltr'><strong>genus</strong></span> <span class='ocrx_word' id='word_1_283' title='bbox 400 3444 486 3488; x_wconf 89' lang='lat' dir='ltr'><strong>error</strong></span> <span class='ocrx_word' id='word_1_284' title='bbox 506 3433 537 3486; x_wconf 90' lang='lat' dir='ltr'><strong>ot</strong></span> <span class='ocrx_word' id='word_1_285' title='bbox 556 3423 665 3486; x_wconf 86' lang='lat' dir='ltr'><strong>oblivio</strong></span> <span class='ocrx_word' id='word_1_286' title='bbox 683 3434 768 3507; x_wconf 87' lang='lat' dir='ltr'><strong>atquc</strong></span> <span class='ocrx_word' id='word_1_287' title='bbox 786 3423 996 3487; x_wconf 85' lang='lat' dir='ltr'><strong>inconsiderati</strong></span> <span class='ocrx_word' id='word_1_288' title='bbox 1014 3422 1187 3506; x_wconf 81' lang='lat' dir='ltr'><strong>flagitiorum</strong></span> <span class='ocrx_word' id='word_1_289' title='bbox 1208 3421 1261 3485; x_wconf 88' lang='lat' dir='ltr'><strong>im-</strong></span> 
     </span>
     <span class='ocr_line' id='line_1_32' title="bbox 106 3523 1261 3610; baseline 0 -22"><span class='ocrx_word' id='word_1_290' title='bbox 106 3536 191 3609; x_wconf 89' lang='lat' dir='ltr'><strong>petus</strong></span> <span class='ocrx_word' id='word_1_291' title='bbox 206 3533 238 3588; x_wconf 88' lang='lat' dir='ltr'><strong>et</strong></span> <span class='ocrx_word' id='word_1_292' title='bbox 252 3525 395 3590; x_wconf 89' lang='lat' dir='ltr'><strong>scelerum</strong></span> <span class='ocrx_word' id='word_1_293' title='bbox 413 3525 541 3590; x_wconf 87' lang='lat' dir='ltr'><strong>varietas</strong></span> <span class='ocrx_word' id='word_1_294' title='bbox 562 3525 712 3610; x_wconf 84' lang='lat' dir='ltr'><strong>multiplex</strong></span> <span class='ocrx_word' id='word_1_295' title='bbox 730 3525 758 3587; x_wconf 94' lang='lat' dir='ltr'><strong>in</strong></span> <span class='ocrx_word' id='word_1_296' title='bbox 777 3525 877 3588; x_wconf 88' lang='lat' dir='ltr'><strong>orbem</strong></span> <span class='ocrx_word' id='word_1_297' title='bbox 895 3537 1036 3590; x_wconf 89' lang='lat' dir='ltr'><strong>terrarum</strong></span> <span class='ocrx_word' id='word_1_298' title='bbox 1055 3525 1159 3607; x_wconf 88' lang='lat' dir='ltr'><strong>erupit.</strong></span> <span class='ocrx_word' id='word_1_299' title='bbox 1204 3523 1261 3588; x_wconf 80' lang='lat' dir='ltr'><strong>At-</strong></span> 
     </span>
     <span class='ocr_line' id='line_1_33' title="bbox 105 3625 1296 3714; baseline 0.001 -25"><span class='ocrx_word' id='word_1_300' title='bbox 105 3647 161 3710; x_wconf 92' lang='lat' dir='ltr'><strong>que</strong></span> <span class='ocrx_word' id='word_1_301' title='bbox 177 3627 217 3689; x_wconf 93' lang='lat' dir='ltr'><strong>ita</strong></span> <span class='ocrx_word' id='word_1_302' title='bbox 234 3628 356 3692; x_wconf 89' lang='lat' dir='ltr'><strong>mundns</strong></span> <span class='ocrx_word' id='word_1_303' title='bbox 373 3629 408 3692; x_wconf 90' lang='lat' dir='ltr'><strong>ad</strong></span> <span class='ocrx_word' id='word_1_304' title='bbox 425 3627 576 3714; x_wconf 86' lang='lat' dir='ltr'><strong>pristinam</strong></span> <span class='ocrx_word' id='word_1_305' title='bbox 595 3627 841 3714; x_wconf 89' lang='lat' dir='ltr'><strong>perturbationem</strong></span> <span class='ocrx_word' id='word_1_306' title='bbox 860 3628 955 3691; x_wconf 88' lang='lat' dir='ltr'><strong>denuo</strong></span> <span class='ocrx_word' id='word_1_307' title='bbox 973 3625 1123 3690; x_wconf 85' lang='lat' dir='ltr'><strong>revolutus</strong></span> <span class='ocrx_word' id='word_1_308' title='bbox 1141 3627 1259 3712; x_wconf 86' lang='lat' dir='ltr'><strong>perinde</strong></span> <span class='ocrx_word' id='word_1_309' title='bbox 1290 3645 1296 3652; x_wconf 88' lang='lat'><em>·</em></span> 
     </span>
     <span class='ocr_line' id='line_1_34' title="bbox 106 3725 1260 3815; baseline -0.001 -23"><span class='ocrx_word' id='word_1_310' title='bbox 106 3741 192 3813; x_wconf 91' lang='lat' dir='ltr'><strong>atquc</strong></span> <span class='ocrx_word' id='word_1_311' title='bbox 214 3740 282 3792; x_wconf 92' lang='lat' dir='ltr'><strong>antc</strong></span> <span class='ocrx_word' id='word_1_312' title='bbox 304 3731 442 3795; x_wconf 87' lang='lat' dir='ltr'><strong>diluvium</strong></span> <span class='ocrx_word' id='word_1_313' title='bbox 466 3730 606 3794; x_wconf 89' lang='lat' dir='ltr'><strong>malorum</strong></span> <span class='ocrx_word' id='word_1_314' title='bbox 629 3729 711 3815; x_wconf 88' lang='lat' dir='ltr'><strong>copia</strong></span> <span class='ocrx_word' id='word_1_315' title='bbox 736 3731 921 3794; x_wconf 89' lang='lat' dir='ltr'><strong>redundavit.</strong></span> <span class='ocrx_word' id='word_1_316' title='bbox 968 3725 1106 3793; x_wconf 88' lang='lat' dir='ltr'><strong>Ceterum</strong></span> <span class='ocrx_word' id='word_1_317' title='bbox 1129 3751 1146 3792; x_wconf 89' lang='lat' dir='ltr'><strong>a</strong></span> <span class='ocrx_word' id='word_1_318' title='bbox 1167 3725 1260 3794; x_wconf 89' lang='lat' dir='ltr'><strong>Setho</strong></span> 
     </span>
     <span class='ocr_line' id='line_1_35' title="bbox 106 3830 1259 3918; baseline 0.003 -25"><span class='ocrx_word' id='word_1_319' title='bbox 106 3831 274 3896; x_wconf 89' lang='lat' dir='ltr'><strong>continuata</strong></span> <span class='ocrx_word' id='word_1_320' title='bbox 292 3834 411 3918; x_wconf 83' lang='lat' dir='ltr'><strong>generis</strong></span> <span class='ocrx_word' id='word_1_321' title='bbox 428 3833 617 3898; x_wconf 88' lang='lat' dir='ltr'><strong>successione</strong></span> <span class='ocrx_word' id='word_1_322' title='bbox 637 3830 720 3896; x_wconf 89' lang='lat' dir='ltr'><strong>lesus</strong></span> <span class='ocrx_word' id='word_1_323' title='bbox 740 3830 877 3897; x_wconf 81' lang='lat' dir='ltr'><strong>Christus</strong></span> <span class='ocrx_word' id='word_1_324' title='bbox 896 3831 1018 3917; x_wconf 91' lang='lat' dir='ltr'><strong>prodiit,</strong></span> <span class='ocrx_word' id='word_1_325' title='bbox 1042 3853 1099 3895; x_wconf 91' lang='lat' dir='ltr'><strong>nou</strong></span> <span class='ocrx_word' id='word_1_326' title='bbox 1118 3831 1180 3918; x_wconf 90' lang='lat' dir='ltr'><strong>ipsc</strong></span> <span class='ocrx_word' id='word_1_327' title='bbox 1197 3832 1259 3916; x_wconf 91' lang='lat' dir='ltr'><strong>qui·</strong></span> 
     </span>
     <span class='ocr_line' id='line_1_36' title="bbox 105 3934 1259 4022; baseline 0 -26"><span class='ocrx_word' id='word_1_328' title='bbox 105 3935 169 3997; x_wconf 91' lang='lat' dir='ltr'><strong>dem</strong></span> <span class='ocrx_word' id='word_1_329' title='bbox 192 3935 311 4019; x_wconf 82' lang='lat' dir='ltr'><strong>generis</strong></span> <span class='ocrx_word' id='word_1_330' title='bbox 334 3937 426 4020; x_wconf 87' lang='lat' dir='ltr'><strong>stirpe</strong></span> <span class='ocrx_word' id='word_1_331' title='bbox 448 3946 639 4022; x_wconf 87' lang='lat' dir='ltr'><strong>procreatus,</strong></span> <span class='ocrx_word' id='word_1_332' title='bbox 672 3934 775 3999; x_wconf 89' lang='lat' dir='ltr'><strong>sedin</strong></span> <span class='ocrx_word' id='word_1_333' title='bbox 798 3935 872 3998; x_wconf 90' lang='lat' dir='ltr'><strong>hunc</strong></span> <span class='ocrx_word' id='word_1_334' title='bbox 895 3934 1032 3998; x_wconf 81' lang='lat' dir='ltr'><strong>erundum</strong></span> <span class='ocrx_word' id='word_1_335' title='bbox 1052 3934 1259 3998; x_wconf 89' lang='lat' dir='ltr'><strong>admirabiliter</strong></span> 
     </span>
     <span class='ocr_line' id='line_1_37' title="bbox 104 4034 1259 4123; baseline 0.002 -25"><span class='ocrx_word' id='word_1_336' title='bbox 104 4035 299 4100; x_wconf 86' lang='lat' dir='ltr'><strong>introductas.</strong></span> <span class='ocrx_word' id='word_1_337' title='bbox 341 4035 421 4101; x_wconf 90' lang='lat' dir='ltr'><strong>ldcm</strong></span> <span class='ocrx_word' id='word_1_338' title='bbox 438 4039 514 4101; x_wconf 90' lang='lat' dir='ltr'><strong>enim</strong></span> <span class='ocrx_word' id='word_1_339' title='bbox 531 4038 579 4123; x_wconf 91' lang='lat' dir='ltr'><strong>qui</strong></span> <span class='ocrx_word' id='word_1_340' title='bbox 594 4037 651 4102; x_wconf 89' lang='lat' dir='ltr'><strong>illis</strong></span> <span class='ocrx_word' id='word_1_341' title='bbox 667 4037 845 4123; x_wconf 90' lang='lat' dir='ltr'><strong>temporibus</strong></span> <span class='ocrx_word' id='word_1_342' title='bbox 862 4034 972 4101; x_wconf 83' lang='lat' dir='ltr'><strong>Setltus</strong></span> <span class='ocrx_word' id='word_1_343' title='bbox 989 4036 1053 4116; x_wconf 77' lang='lat' dir='ltr'><strong>tnta,</strong></span> <span class='ocrx_word' id='word_1_344' title='bbox 1071 4037 1156 4101; x_wconf 92' lang='lat' dir='ltr'><strong>modo</strong></span> <span class='ocrx_word' id='word_1_345' title='bbox 1173 4034 1259 4101; x_wconf 86' lang='lat' dir='ltr'><strong>Chri·</strong></span> 
     </span>
     <span class='ocr_line' id='line_1_38' title="bbox 106 4138 1256 4226; baseline 0 -25"><span class='ocrx_word' id='word_1_346' title='bbox 106 4149 168 4202; x_wconf 89' lang='lat' dir='ltr'><strong>stus</strong></span> <span class='ocrx_word' id='word_1_347' title='bbox 182 4139 343 4226; x_wconf 89' lang='lat' dir='ltr'><strong>appellatus</strong></span> <span class='ocrx_word' id='word_1_348' title='bbox 357 4162 374 4203; x_wconf 92' lang='lat' dir='ltr'><strong>a</strong></span> <span class='ocrx_word' id='word_1_349' title='bbox 389 4141 509 4206; x_wconf 89' lang='lat' dir='ltr'><strong>coelesti</strong></span> <span class='ocrx_word' id='word_1_350' title='bbox 524 4138 623 4206; x_wconf 89' lang='lat' dir='ltr'><strong>Matre</strong></span> <span class='ocrx_word' id='word_1_351' title='bbox 637 4140 673 4205; x_wconf 91' lang='lat' dir='ltr'><strong>dc</strong></span> <span class='ocrx_word' id='word_1_352' title='bbox 687 4141 770 4204; x_wconf 85' lang='lat' dir='ltr'><strong>noclo</strong></span> <span class='ocrx_word' id='word_1_353' title='bbox 783 4138 889 4204; x_wconf 88' lang='lat' dir='ltr'><strong>missua</strong></span> <span class='ocrx_word' id='word_1_354' title='bbox 902 4140 938 4202; x_wconf 94' lang='lat' dir='ltr'><strong>ad</strong></span> <span class='ocrx_word' id='word_1_355' title='bbox 950 4139 1082 4204; x_wconf 89' lang='lat' dir='ltr'><strong>homines</strong></span> <span class='ocrx_word' id='word_1_356' title='bbox 1095 4139 1256 4203; x_wconf 87' lang='lat' dir='ltr'><strong>descendit.</strong></span> 
     </span>
    </p>
   </div>
   <div class='ocr_carea' id='block_1_3' title="bbox 190 4341 1392 4430">
    <p class='ocr_par' dir='ltr' id='par_1_4' title="bbox 190 4341 1392 4430">
     <span class='ocr_line' id='line_1_39' title="bbox 190 4341 1392 4430; baseline 0.002 -23"><span class='ocrx_word' id='word_1_357' title='bbox 190 4341 255 4408; x_wconf 85' lang='lat' dir='ltr'><strong>Hoc</strong></span> <span class='ocrx_word' id='word_1_358' title='bbox 273 4346 359 4409; x_wconf 92' lang='lat' dir='ltr'><strong>modo</strong></span> <span class='ocrx_word' id='word_1_359' title='bbox 380 4346 419 4410; x_wconf 88' lang='lat' dir='ltr'><strong>illi</strong></span> <span class='ocrx_word' id='word_1_360' title='bbox 439 4347 576 4410; x_wconf 87' lang='lat' dir='ltr'><strong>universa</strong></span> <span class='ocrx_word' id='word_1_361' title='bbox 596 4355 738 4411; x_wconf 84' lang='lat' dir='ltr'><strong>statuunt.</strong></span> <span class='ocrx_word' id='word_1_362' title='bbox 786 4343 897 4410; x_wconf 87' lang='lat' dir='ltr'><strong>Verum</strong></span> <span class='ocrx_word' id='word_1_363' title='bbox 917 4365 1001 4429; x_wconf 92' lang='lat' dir='ltr'><strong>qnam</strong></span> <span class='ocrx_word' id='word_1_364' title='bbox 1021 4344 1142 4423; x_wconf 90' lang='lat' dir='ltr'><strong>stolida,</strong></span> <span class='ocrx_word' id='word_1_365' title='bbox 1173 4365 1256 4430; x_wconf 89' lang='lat' dir='ltr'><strong>quam</strong></span> <span class='ocrx_word' id='word_1_366' title='bbox 1276 4357 1335 4427; x_wconf 79' lang='lat' dir='ltr'><strong>cap.</strong></span> <span class='ocrx_word' id='word_1_367' title='bbox 1350 4359 1392 4412; x_wconf 84' lang='lat' dir='ltr'><strong>tv.</strong></span> 
     </span>
    </p>
   </div>
   <div class='ocr_carea' id='block_1_4' title="bbox 107 4495 1257 4636">
    <p class='ocr_par' dir='ltr' id='par_1_5' title="bbox 107 4495 1257 4636">
     <span class='ocr_line' id='line_1_40' title="bbox 107 4495 1257 4578; baseline 0 -30"><span class='ocrx_word' id='word_1_368' title='bbox 107 4497 217 4578; x_wconf 71' lang='lat' dir='ltr'><strong>superqis</strong></span> <span class='ocrx_word' id='word_1_369' title='bbox 230 4497 330 4551; x_wconf 73' lang='lat' dir='ltr'><strong>rubram</strong></span> <span class='ocrx_word' id='word_1_370' title='bbox 343 4500 370 4550; x_wconf 89' lang='lat' dir='ltr'><strong>iu</strong></span> <span class='ocrx_word' id='word_1_371' title='bbox 384 4499 665 4567; x_wconf 82' lang='lat' dir='ltr'><strong>primamdeiectioncm</strong></span> <span class='ocrx_word' id='word_1_372' title='bbox 733 4499 792 4550; x_wconf 82' lang='lat' dir='ltr'><strong>Cur.</strong></span> <span class='ocrx_word' id='word_1_373' title='bbox 810 4501 853 4550; x_wconf 89' lang='grc'><strong>111.</strong></span> <span class='ocrx_word' id='word_1_374' title='bbox 879 4527 913 4538; x_wconf 93' lang='grc'>-</span> <span class='ocrx_word' id='word_1_375' title='bbox 940 4500 962 4549; x_wconf 90' lang='grc'><strong>1.</strong></span> <span class='ocrx_word' id='word_1_376' title='bbox 979 4495 1093 4565; x_wconf 71' lang='grc' dir='ltr'>γέννησιν</span> <span class='ocrx_word' id='word_1_377' title='bbox 1116 4501 1167 4552; x_wconf 86' lang='lat' dir='ltr'><strong>cod.</strong></span> <span class='ocrx_word' id='word_1_378' title='bbox 1186 4501 1257 4552; x_wconf 81' lang='lat' dir='ltr'><strong>Vottc.</strong></span> 
     </span>
     <span class='ocr_line' id='line_1_41' title="bbox 107 4567 1064 4636; baseline 0.004 -23"><span class='ocrx_word' id='word_1_379' title='bbox 107 4581 204 4617; x_wconf 76' lang='lat' dir='ltr'><strong>remon</strong></span> <span class='ocrx_word' id='word_1_380' title='bbox 222 4584 252 4618; x_wconf 88' lang='lat' dir='ltr'><strong>ec</strong></span> <span class='ocrx_word' id='word_1_381' title='bbox 269 4567 463 4620; x_wconf 81' lang='lat' dir='ltr'><strong>constitutionis.</strong></span> <span class='ocrx_word' id='word_1_382' title='bbox 699 4567 760 4636; x_wconf 75' lang='grc' dir='ltr'><strong>γένη</strong></span> <span class='ocrx_word' id='word_1_383' title='bbox 776 4571 875 4632; x_wconf 69' lang='lat' dir='ltr'><strong>edoctu</strong></span> <span class='ocrx_word' id='word_1_384' title='bbox 891 4570 1007 4630; x_wconf 72' lang='lat' dir='ltr'><strong>carptum</strong></span> <span class='ocrx_word' id='word_1_385' title='bbox 1024 4573 1064 4618; x_wconf 82' lang='lat' dir='ltr'><strong>cst.</strong></span> 
     </span>
    </p>
   </div>
   <div class='ocr_carea' id='block_1_5' title="bbox 0 0 1558 4990">
    <p class='ocr_par' dir='ltr' id='par_1_6' title="bbox 0 0 1558 4990">
     <span class='ocr_line' id='line_1_42' title="bbox 0 0 1558 4990; baseline 0 2"><span class='ocrx_word' id='word_1_386' title='bbox 0 0 1558 4990; x_wconf 95' lang='lat' dir='ltr'><strong> </strong></span> 
     </span>
    </p>
   </div>
  </div>
 </body>
</html>
