3106 4990
294 226 356 288 524
712 232 833 286 εισοτι
856 231 1026 284 τνιεκιειιι

174 385 224 429 μς.
237 372 282 416 εεσ.
296 379 401 437 ναμιν,
428 354 477 418 καί
497 355 729 435 ’καταλαβοῦσα
745 353 777 416 ἐν
794 347 870 439 αὐτῆ
886 349 1002 434 σπέρμα
1017 355 1070 431 τῆς
1086 345 1205 416 ἄνωθεν
1217 347 1382 431 Αυνιίμεως
1399 353 1458 418 καὶ

295 454 347 521 τόν
363 461 514 540 σπινθῆρα
528 452 580 520 τόν
595 452 712 520 διωθευ
727 453 904 534 πεμφθέντα
919 453 961 528 είς
975 448 1095 536 πρῶτην
1108 449 1276 534 καταβολὴν
1290 459 1343 518 τοῦ
1358 455 1454 538 σπέρ-

295 585 387 642 ματος
408 559 457 622 καὶ
475 554 652 633 συστάσεως·
683 557 734 622 καλ
752 551 828 620 εἶναι
843 552 952 636 ταύτην
967 552 1107 619 σύστασιν
1120 561 1174 636 τῆς
1189 551 1379 636 δικαιοσύνης
1399 559 1455 622 καλ

295 657 417 746 ἐκλογήν
441 660 604 744 σπέρματος
625 661 676 724 καὶ
697 659 814 744 γένους·
845 656 928 733 ὅπως
949 655 999 722 διό
1019 663 1073 740 τῆς
1089 654 1198 740 ταύτης
1214 656 1380 733 συστάσεως
1398 661 1454 724 καὶ

294 761 401 829 τούτου
416 769 470 828 τοῦ
488 763 655 845 σπέρματος
669 765 893 846 καθαιρεθῶσιυ
910 762 943 824 αί
953 758 1094 842 δυνάμεις
1109 765 1169 824 τῶν
1182 755 1309 845 οίγγέλων
1324 765 1382 825 τῶν
1399 761 1455 828 τόν

294 865 404 950 κόσμον
419 863 643 947 πεποιηκότων,
671 867 723 929 καὶ
740 861 810 938 τοδς
826 860 881 927 δύο
899 859 949 927 ἄπ’
964 859 1055 947 οίργῆς
1068 860 1258 946 όνθρῶπους.
1302 860 1361 928 Διό
1377 863 1453 929 ταῶ-

294 995 347 1052 την
362 961 418 1034 οὖν
432 965 486 1049 τήν
502 969 599 1032 αἰτίαν
613 967 665 1030 καλ
680 963 714 1030 τό
731 965 815 1050 γένος
831 970 884 1029 τοῦ
900 962 974 1047 Σήθ
990 962 1158 1050 οίφορισθέν
1173 967 1312 1030 ἐντεῦθεν
1326 963 1452 1052 κατάγε-

293 1099 356 1151 ται,
386 1073 507 1155 ἐκλογῆς
524 1067 560 1135 δν
577 1070 627 1133 καὶ
644 1068 867 1152 διακεκριμένον
883 1072 936 1132 τοῦ
953 1065 1040 1133 όλλου
1057 1069 1169 1152 γένους.
1215 1067 1453 1152 Προβαινόντων

294 1175 327 1239 δέ
341 1178 400 1238 τῶν
416 1178 543 1256 καιρῶν,
572 1172 662 1252 φασδ,
690 1173 741 1236 καλ
758 1166 833 1254 δμοῦ
853 1167 947 1235 ὄντων
963 1175 1023 1234 τῶν
1039 1168 1094 1234 δύο
1112 1177 1220 1256 γενῶν,
1250 1176 1304 1235 τοῦ
1321 1193 1350 1234 τε
1367 1169 1455 1237 Κῶϊν

294 1279 345 1343 καλ
364 1281 418 1341 τοῦ
430 1272 520 1356 ’Ἅβελ
542 1277 583 1350 είς
599 1271 632 1339 τό
651 1269 722 1338 ατίτό
743 1270 947 1338 συνελθόντων
965 1271 1015 1337 διδ
1031 1276 1138 1337 κακίαν
1152 1271 1273 1354 πολλῆν,
1303 1275 1353 1338 καλ
1369 1270 1453 1356 όμοῠ

294 1381 473 1464 μιχθέντων,
503 1373 699 1460 ἀποβλέψασα
720 1372 741 1457 ή
763 1373 882 1440 πάντων
904 1372 1016 1458 Μήτηρ
1037 1373 1176 1460 καθαρόν
1196 1371 1229 1440 τό
1252 1377 1366 1461 σπέρμα
1386 1383 1452 1442 τῶν
1533 1367 1534 1372 ¹

295 1479 467 1567 οίνθρῶπων
483 1476 644 1562 ἠβουλήθη
662 1475 900 1562 ἀπεργάσασθαι,
931 1473 972 1553 ῶς
987 1487 1148 1563 προεῖπον,
1178 1476 1227 1542 διδ
1244 1475 1278 1543 τδ
1295 1475 1348 1544 τόν
1358 1475 1451 1560 ’Ἅβελ

295 1583 489 1660 οἷπεκτιένθαι,
507 1582 557 1646 καὶ
572 1588 677 1647 τοῦτον
692 1578 744 1646 τόν
758 1577 831 1662 Σῆθ
845 1581 999 1660 ἐξελέξατο,
1016 1581 1067 1646 καλ
1081 1578 1219 1664 καθαρόν
1234 1583 1334 1659 ἔδειξε,
1352 1583 1403 1646 καὶ
1420 1586 1452 1648 ἐν

71 1760 78 1777 ,
296 1685 390 1776 τοότρο
412 1683 445 1750 τό
461 1685 544 1769 γένος
559 1682 642 1772 μόνω
661 1689 713 1765 τῆς
727 1679 819 1764 αδτῆς
834 1681 989 1764 δυνάμεως
1005 1685 1056 1749 καλ
1072 1681 1280 1768 καθαρότητος
1296 1686 1450 1752 κατέθετο.
1534 1751 1535 1776 ρ

163 1802 221 1868 Κεφ
247 1799 279 1868 γ’.
382 1785 498 1852 Ἰδοῦσα
511 1787 543 1850 δέ
557 1785 645 1851 πόλιν
658 1782 767 1867 πολλήν
781 1787 928 1866 ἐπιμιξίαν
943 1787 992 1850 καὶ
1005 1784 1130 1852 ἄτακτον
1144 1783 1236 1871 δρμῆν
1249 1792 1309 1851 τῶν
1321 1785 1452 1873 α’γγέλων
1534 1781 1535 1798 ’

294 1892 418 1957 καὶτῶν
433 1886 620 1973 οίνθρῶπων,
643 1890 685 1964 είς
700 1890 779 1970 μίξιν
795 1894 853 1952 τῶν
869 1885 924 1953 δόο
940 1894 1032 1974 γενῶν
1048 1887 1210 1968 ἐλθόντων,
1232 1889 1283 1954 καὶ
1297 1887 1452 1966 συστάσεις

294 2000 386 2081 γενῶν
400 2017 480 2068 τινας
493 1990 547 2074 τῆν
562 1988 661 2056 αὐτῶν
674 1988 795 2068 ἀταξίαν
809 1989 1021 2073 έμποιήσασαν,
1041 1999 1222 2076 πορευθεῖσα
1237 1989 1327 2056 πόλιν
1340 1989 1361 2075 ή
1372 1988 1450 2075 αότῆ

296 2093 409 2180 Μήτηρ
423 2119 453 2159 τε
467 2095 519 2159 καλ
537 2091 644 2176 Θήλειοι
661 2090 866 2175 κατακλυσμόν
881 2091 999 2179 ήνεγκε,
1021 2095 1073 2159 καλ
1088 2091 1218 2160 οίπῶλεσε
1232 2102 1332 2160 πᾶσαν
1347 2094 1450 2160 στῶσιν

294 2196 459 2284 ἆνθρῶπου
481 2194 593 2272 παντός
614 2197 718 2282 γένους
740 2198 886 2262 έναντίου·
914 2199 964 2261 ἵνα
985 2199 1081 2278 δῆθεν
1101 2196 1134 2262 τό
1153 2195 1291 2282 καθαρδν
1307 2199 1392 2282 γένος
1411 2197 1447 2264 τό
1535 2219 1536 2268 ζ

294 2298 353 2367 δπδ
369 2307 423 2365 τοῦ
440 2296 528 2382 Σήθ,
557 2299 607 2362 καί
623 2301 754 2376 δίκαιον,
785 2296 877 2380 μόνον
892 2302 974 2388 μείνη
991 2299 1151 2388 ἐνκόσμρτ,
1181 2301 1223 2376 είς
1237 2297 1377 2364 σύστασιν
1392 2307 1448 2366 τοῦ

294 2401 412 2469 δίνωθεν
428 2403 532 2488 γένους
548 2425 579 2466 τε
597 2401 646 2466 καλ
663 2407 831 2486 σπινθῆρος
848 2408 901 2483 τῆς
916 2400 1114 2483 δικαιοσύνης.
1150 2399 1285 2468 ’Ἐλαθον
1304 2402 1337 2467 δέ
1352 2400 1446 2486 οδτῆν

293 2503 381 2570 πόλιν
403 2508 434 2568 οἱ
449 2502 563 2589 ι’ίγγελοι
585 2505 635 2568 καλ
658 2505 809 2578 εέςέδυσαν
827 2500 879 2568 τόν
899 2502 970 2586 Χᾶμ
991 2506 1032 2580 είς
1053 2503 1106 2587 τήν
1127 2502 1270 2587 κιβωτόν,
1301 2503 1372 2570 ὄντα
1391 2513 1445 2572 τοῦ

294 2605 392 2672 αότῶν
405 2607 579 2690 σπέρματος.
615 2602 706 2671 Ὀκτῶ
723 2604 779 2692 γδρ
793 2613 899 2688 ψυχῶν
914 2611 1066 2672 σωθεισῶν
1082 2609 1115 2673 ἐν
1127 2615 1164 2696 τῆ
1176 2605 1241 2672 τότε
1255 2601 1379 2692 λδρνοκι
1393 2615 1447 2673 τοῦ
1536 2601 1537 2678 J

221 2728 223 2734 ’
296 2715 366 2774 Νῶε
388 2705 461 2773 έπτοὶ
483 2709 535 2790 μέν
555 2704 629 2772 εἶναι
648 2715 701 2774 τοῦ
718 2713 858 2794 καθαροῦ
874 2711 979 2794 γένους
995 2714 1083 2791 φασί·
1113 2707 1165 2775 τόν
1185 2710 1217 2774 δέ
1234 2711 1287 2776 ἕνα
1304 2707 1381 2776 εἶναι
1396 2709 1446 2776 τόν

296 2810 366 2894 Χδμ
386 2817 438 2892 τῆς
460 2807 547 2892 δι’λλης
568 2809 722 2892 δυνάμεως
744 2806 930 2894 ὑπάρχοντα,
960 2810 995 2877 δν
1014 2814 1144 2886 είςδῆναι
1161 2810 1292 2878 λαθόντα
1311 2811 1366 2896 τῆν
1386 2811 1444 2878 δυο

294 2915 429 2998 Μητέρα.
472 2909 546 2976 ’Τπδ
563 2917 623 2976 τῶν
639 2909 766 2997 οἶγγέλων
782 2913 814 2978 δέ
830 2910 862 2979 τδ
880 2919 997 2979 τοιοῦτο
1015 2914 1216 2980 συσκευασθέν
1231 2913 1327 2991 οὕτως
1341 2913 1442 2982 εἴποτε-

292 3023 448 3099 λεσθῆναι·
477 3011 596 3096 Ἐπειδῆ
613 3012 686 3099 γόρ,
717 3017 824 3096 φασὶν,
853 3017 984 3100 ἔγνωσαν
999 3019 1031 3081 οἴ
1047 3013 1160 3102 ἄγγελοι
1178 3015 1223 3082 δτι
1240 3019 1318 3099 μέλει
1335 3025 1395 3084 πᾶν
1410 3014 1442 3082 τό

292 3122 407 3203 σπέρμα
429 3113 527 3182 αὐτῶν
547 3113 764 3197 όπαλείφεσθαι
786 3119 818 3183 ἐν
837 3123 878 3206 τῷ
891 3125 1101 3206 κατακλυσμῷ,
1131 3123 1298 3208 πανουργίᾳ
1319 3124 1376 3188 τινί
1392 3119 1443 3185 τδν

293 3223 508 3308 προειρημένον
533 3216 605 3300 Χόμ
628 3221 669 3294 είς
690 3218 862 3304 διατήρησιν
882 3226 936 3286 τοῦ
956 3216 1006 3284 ὑπ’
1029 3219 1127 3286 αὐτῶν
1146 3223 1321 3299 πεισθέντος
1343 3225 1442 3309 γένους

293 3330 345 3408 τῆς
362 3327 468 3399 κακίας
483 3322 700 3406 παρειςέβαλον.
746 3324 807 3387 Καὶ
829 3323 861 3388 ἐκ
878 3321 987 3389 τούτου
1001 3321 1082 3406 λήθη
1104 3326 1155 3390 καλ
1175 3323 1270 3406 πλόνη
1291 3328 1359 3412 περί
1375 3323 1441 3402 τοός

294 3423 492 3510 οἷνθρῶπους,
520 3425 571 3489 καὶ
593 3421 711 3490 ἄτακτοι
733 3426 826 3510 φοραὶ
842 3421 1073 3510 δμαρτημοὶτων,
1104 3429 1154 3492 καλ
1169 3431 1327 3509 πολυμιξία
1341 3433 1440 3502 κακίας

294 3531 325 3594 έν
345 3535 385 3617 τῷ
402 3527 503 3616 κόσμῳ
523 3527 687 3612 γεγένηται·
718 3529 769 3591 καλ
786 3525 882 3602 οὕτως
900 3523 918 3593 δ
933 3526 1045 3609 κόσμος
1062 3531 1104 3605 είς
1117 3529 1150 3594 τδ
1170 3527 1291 3616 ῶργαῖον
1307 3535 1362 3614 τῆς
1376 3528 1439 3596 α’τα-

174 3685 224 3730 m
237 3671 282 3716 m
296 3634 359 3708 ξίας
380 3622 472 3706 αὖθις
492 3625 662 3711 οἷνέκαμψε,
692 3631 744 3695 καὶ
764 3629 929 3713 ἐνεπλήσθη
950 3637 1066 3711 κακῶν,
1097 3630 1138 3708 ῶς
1159 3634 1189 3710 ἐξ
1205 3630 1296 3718 ἄργῆς
1316 3631 1374 3719 πρδ
1389 3636 1438 3698 τοῦ

297 3739 510 3814 κατακλυσμοῦ.
551 3729 625 3797 ’Ano'
650 3733 683 3798 δέ
704 3738 758 3796 τοῦ
775 3731 848 3814 Σῆθ
865 3731 940 3798 κατὰ
954 3735 1070 3819 σπέρμα
1089 3736 1141 3800 καλ
1156 3733 1231 3800 κατα
1244 3735 1383 3820 διαδοηῆν
1395 3733 1438 3820 γέ-

297 3859 369 3910 νους
385 3830 403 3898 δ
422 3833 549 3918 Χριστός
567 3827 659 3916 ἦλθεν
676 3832 766 3910 αὐτός
779 3831 903 3917 Ἰησοῦς,
925 3832 991 3918 οόγλ
1005 3835 1081 3900 κατδ
1100 3839 1261 3922 ιγέννησιν,
1283 3836 1354 3906 όλλδ
1367 3847 1435 3904 θον·

298 3942 413 4020 μαστῶς
435 3938 466 4002 ἐν
487 3943 527 4025 τῷ
548 3933 649 4026 κόσμρτ
671 3935 825 4019 πεφηνοδς,
853 3935 888 4014 δς
909 3939 985 4004 ἐστιν
1007 3935 1096 4016 αότδς
1115 3936 1134 4006 δ
1156 3939 1228 4024 Σήθ
1248 3938 1267 4006 ό
1286 3943 1365 4020 τότε,
1390 3941 1437 4006 καλ

299 4037 426 4126 Χριστός
447 4044 502 4103 νῦν
521 4037 714 4122 ἐπιφοιτήσας
730 4046 771 4128 τῶ
790 4039 866 4125 γένει
881 4047 941 4106 τῶν
957 4037 1143 4126 δνθρῶπων,
1171 4040 1233 4109 ἆπδ
1250 4050 1305 4127 τῆς
1320 4041 1438 4130 Μητρός

296 4141 415 4210 ἄνωθεν
436 4138 657 4222 οἶπεσταλμένος.

169 4279 235 4349 [ιφ.
249 4277 281 4334 8.
386 4251 484 4310 Ταῦτα
507 4240 603 4309 πάντα
631 4241 710 4310 οὕτω
733 4249 909 4332 γεγενῆσθαί
930 4266 1024 4326 φασιν
1046 4249 1161 4314 ἐκεῖνοι.
1208 4248 1312 4335 Μωρδ
1339 4249 1370 4315 δέ
1389 4247 1434 4313 καί

330 4397 354 4447 2-
368 4401 544 4466 καταβαλοῦσα
556 4402 666 4452 petavius
674 4404 775 4452 coniecit.
798 4405 854 4454 σον-
887 4411 976 4462 ειιεειυ,
996 4418 1069 4470 quum
1081 4403 1229 4472 suscepisset
1242 4405 1268 4456 ἰο
1282 4407 1382 4474 seipsum
1396 4419 1434 4452 ετ-

297 4467 379 4515 notius
392 4471 472 4516 υιτλίλε
488 4477 514 4517 οε
526 4467 552 4518 in
565 4467 614 4517 hoc
627 4467 710 4534 posuit
721 4485 789 4520 κακιιι
802 4468 854 4519 vir·
888 4487 943 4520 ωεο
959 4487 1081 4538 supernus,-
1094 4471 1205 4535 τίειυείι,
1223 4483 1249 4525 τι
1264 4474 1391 4526 mintium
1404 4485 1433 4522 τι
