3106 4990
321 297 456 350 ennean
473 298 535 350 uta.
548 300 569 352 ι.
587 297 667 351 nou.
684 299 727 349 ιιι.
744 297 841 350 naen.
855 298 978 350 xxxin.
1114 286 1119 297 ·
1166 289 1227 350 475

73 416 302 500 redemptionem
324 438 342 482 ι
361 415 430 482 iesu
453 417 628 482 obtinendae
650 419 743 502 gratia
763 416 952 502 perfeetionis
969 418 1127 482 inurentem.
1173 420 1226 483 Aa·

74 540 131 603 que
146 520 201 583 troo
218 541 303 598 esse,
327 522 403 604 qnod
420 521 464 584 his
480 521 579 584 verbis
597 531 731 584 testatum
751 519 919 604 reliquerit:
943 525 1085 601 Bapa'sma
1104 525 1161 583 air'o
1177 525 1226 614 iu·
1242 533 1296 578 nuo.
1306 533 1338 588 ιι,
1347 533 1380 576 so.

74 625 124 686 dee
140 625 292 703 baptizari,
316 635 346 684 et
357 628 397 686 ad
408 627 487 685 illum
502 626 739 706 amnenosestino.
783 619 845 685 Imn
862 623 948 686 stiam
966 621 1132 688 Zebeednei
1149 625 1226 702 utils,

73 747 140 788 eum
163 745 264 788 eorum
286 735 381 790 meter
402 747 418 790 a
438 747 471 788 se
491 725 684 811 postulasset,
716 736 747 788 ut
764 745 816 788 ens
835 745 935 788 seeum
953 726 988 788 ad
1006 726 1139 788 dextram
1156 727 1226 788 siui-
1240 736 1324 833 postpp

72 841 222 914 stramque
240 849 321 892 suain
338 829 367 891 in
385 850 477 912 regno
495 829 648 892 eorrsidere
663 828 794 906 iuberet,
819 828 940 890 eandem
958 827 1035 891 iiiam
1053 829 1225 912 redemptio·
1270 820 1278 844 '
1317 815 1324 830 ”

72 953 141 994 nem
164 933 351 1017 proposuisse
375 930 521 995 dominum
547 940 664 1015 putant,
699 931 743 993 his
767 930 882 994 verbis:
918 935 1036 994 Potestis
1059 932 1380 1010 teptitnotenarenoas.

73 1037 233 1116 baptism,
259 1057 313 1116 pun
328 1055 381 1115 ego
396 1035 680 1114 baptizandarum?
725 1031 845 1096 Paulum
861 1031 982 1118 insuper
998 1031 1227 1118 redemptionem

72 1137 102 1199 in
124 1132 246 1200 Christo
268 1134 335 1200 lesu
359 1157 499 1222 persaepe
518 1157 764 1200 commemorasse
786 1135 971 1220 praedicante
1002 1157 1087 1220 ιιιιιιιι
1107 1135 1228 1198 enodem

71 1239 168 1323 ipsam
191 1259 258 1302 esse
280 1239 384 1302 volunt
405 1240 440 1302 de
463 1259 519 1323 qua
542 1226 629 1304 varia
646 1259 804 1322 serumque
827 1238 945 1302 minime
963 1237 1149 1302 cohaerentia
1172 1239 1229 1302 dis-

72 1351 186 1425 putant.

159 1441 238 1508 Nam
256 1443 304 1507 olii
320 1441 495 1508 Thalemnm
511 1443 612 1508 neseio
629 1465 715 1529 quem
730 1455 919 1522 construunt,
944 1465 1053 1528 eosque
1072 1465 1145 1528 quos
1160 1465 1228 1508 suas
1243 1456 1383 1530 capxxt.

72 1547 109 1608 ad
127 1547 310 1610 ceremonias
325 1546 479 1611 admittunt
494 1547 582 1611 sertis
596 1547 698 1611 ritibus
715 1569 748 1611 ne
765 1547 941 1612 carminibus
957 1547 1082 1625 initiant,
1104 1569 1138 1610 ao
1154 1547 1229 1633 quod

71 1651 130 1734 ipsi
150 1659 274 1734 gerunt,
299 1649 446 1735 spiritales
467 1651 581 1734 nuptias
600 1650 762 1735 appellant,
787 1651 821 1712 ad
842 1650 1010 1714 coelestium
1029 1650 1229 1734 eortiugiurum

71 1752 266 1816 imitationem
285 1772 456 1836 expressas.
503 1751 564 1815 atti
579 1753 614 1816 ed
629 1773 732 1836 aquam
750 1753 905 1838 perductus
923 1753 1038 1834 tingunt
1054 1754 1107 1816 hau
1125 1753 1230 1817 verho-

71 1877 138 1919 rum
162 1854 305 1917 iormniae
337 1858 371 1916 in
393 1860 502 1916 ιιιιιιιίιιιΙ
522 1860 616 1936 ignoti
630 1859 725 1916 Patris
747 1861 883 1929 amatam,
917 1861 946 1916 in
965 1860 1089 1918 Veritute
1109 1862 1228 1918 omnt'am

70 1963 188 2030 Matre,
214 1961 242 2019 in
260 1979 292 2018 ea
307 1962 360 2038 qui
374 1963 403 2019 in
418 1962 509 2020 lesam
523 1961 654 2038 delapsus
669 1970 727 2032 est,
752 1962 780 2020 in
796 1963 899 2020 annone
915 1970 943 2019 et
957 1963 1145 2039 redemptione
1157 1981 1231 2021 eorn-

70 2065 258 2140 munionepae
278 2063 428 2122 Virtutem.
477 2057 554 2124 Sunt
573 2060 666 2144 etqui
686 2059 848 2124 Hebraieas
866 2082 955 2124 voees
973 2063 1139 2145 proferant,
1174 2083 1231 2144 quo

72 2161 219 2226 maiorem
237 2162 357 2224 initiatis
376 2163 527 2226 horrorem
544 2161 687 2239 iniit-iant,
713 2163 767 2226 huc
785 2163 888 2226 modo:
914 2168 1044 2237 Basema,
1071 2167 1228 2237 Ciamosse,

73 2273 241 2339 Baaenora,
271 2269 423 2339 Miltiaden,
454 2269 584 2340 ditanda,
611 2270 714 2339 Casta,
739 2267 901 2346 Badapior,
927 2269 1101 2327 liniaeitiei.
1149 2263 1231 2349 Quo·

73 2389 142 2432 rum
164 2369 237 2431 haee
261 2379 308 2430 nst
331 2369 492 2431 sententiae
525 2373 619 2449 Supra
641 2389 746 2430 amnem
767 2372 902 2429 Virtutem
920 2373 1020 2428 Patris·
1030 2373 1136 2430 Lumen
1158 2373 1234 2450 quod

73 2483 195 2533 vocatur
210 2473 344 2551 inplere,-
376 2493 427 2532 nee
444 2494 499 2532 nan
521 2483 549 2532 et
567 2475 703 2552 Spiritum
722 2472 838 2543 donam,
871 2481 899 2531 et
916 2474 1021 2542 Vitam,
1053 2474 1231 2550 quantumin

72 2595 196 2655 corpore
216 2579 353 2652 regnasti.
402 2571 527 2656 Quidam
550 2573 590 2636 ita
610 2572 837 2658 redemptionem
858 2571 1035 2658 ouniipiunt.
1083 2573 1231 2636 Arcanum

74 2687 106 2740 et
122 2675 269 2740 oecultum
287 2675 323 2738 ab
341 2677 418 2740 omni
436 2675 587 2740 divinitate
603 2675 809 2758 dominatuque
823 2697 857 2738 ae
872 2676 996 2739 veritate
1014 2696 1131 2754 nomen,
1156 2678 1231 2762 quod

73 2775 165 2842 lesus
182 2774 360 2842 Nazarenus
377 2778 485 2856 induit,
515 2778 545 2840 in
565 2778 634 2840 ritis
651 2776 767 2842 luminis
785 2772 912 2855 Christi,
944 2775 1074 2857 Christi,
1101 2779 1230 2863 inquam,

73 2881 207 2944 virentis
225 2900 276 2964 per
294 2877 435 2964 Spiritum
453 2891 605 2958 sanetum,
629 2881 657 2943 in
676 2880 904 2965 redemptionem
922 2881 1101 2964 angelicam,
1126 2903 1232 2945 nomen

74 2981 294 3048 restitutionise
318 2987 454 3056 Messias,
483 2986 628 3064 Upiureg‚
654 2987 911 3064 Namernpsneman‚
943 2987 1113 3060 Chaldaeae,
1138 2988 1233 3046 Meso-

74 3090 208 3159 medam,
237 3088 423 3165 Aepiranae,
449 3090 556 3160 Pruna,
580 3091 646 3148 Iesu
666 3089 805 3148 Nazarra.
851 3083 936 3169 Quae
959 3087 1012 3149 hoo
1035 3088 1121 3149 modo
1143 3088 1233 3149 inter-

75 3188 189 3274 pretari
208 3208 379 3272 possumus:
403 3191 468 3249 Non
485 3192 577 3250 diutile
595 3193 748 3269 Spiritum,
775 3193 831 3250 Car
847 3194 1037 3271 Virtutemque
1053 3193 1129 3251 eaelo
1145 3191 1233 3249 audii·
1251 3225 1254 3232 ·

74 3295 205 3364 arionem,
225 3294 449 3352 mt'sert'eordemr
469 3303 557 3354 muete
569 3295 621 3352 sim
637 3297 747 3353 nemine
761 3305 808 3352 tna
823 3295 957 3354 Saluator
972 3297 1114 3354 Veritatis.
1150 3289 1233 3352 Haeo

75 3395 145 3456 dum
165 3394 203 3454 ab
220 3393 397 3456 anstistitibus
416 3393 527 3478 prolata
545 3403 629 3472 suut,
655 3403 714 3456 tum
732 3394 780 3476 qui
797 3393 892 3457 saeris
908 3393 1039 3456 initiatur
1055 3393 1094 3456 ita
1112 3413 1234 3477 respou-

75 3497 145 3558 dete
173 3497 362 3575 confirmatas
377 3518 438 3558 sum
453 3518 488 3558 ae
501 3501 677 3577 redemptus:
702 3508 729 3556 et
743 3501 836 3558 antina
847 3517 906 3558 mea
922 3498 958 3558 ab
972 3500 1025 3558 doe
1038 3498 1132 3557 seealo
1146 3501 1233 3558 omni·

75 3601 188 3680 bneque
209 3619 279 3678 qaae
300 3600 336 3660 ab
356 3621 388 3660 ea
409 3611 477 3660 sunt
496 3603 645 3662 redimitur
665 3604 694 3662 in
717 3603 826 3660 nomene
844 3603 908 3673 iao,
941 3603 992 3680 qai
1010 3603 1098 3679 ipsius
1119 3604 1235 3661 redemit

74 3707 201 3766 animam
224 3706 253 3762 in
280 3705 491 3782 redemptionem
521 3706 550 3762 in
579 3705 691 3764 Cira'ato
720 3705 835 3763 verente.
887 3701 934 3766 Ad
964 3700 1035 3763 haee
1063 3713 1233 3786 praesentes

75 3824 184 3868 omnes
198 3802 373 3866 subiieiunts
397 3809 459 3866 Pae
473 3806 599 3866 amardus
614 3809 642 3866 in
660 3807 760 3886 quidus
774 3826 872 3867 nemen
889 3808 966 3866 t'atad
978 3809 1136 3885 requievit.
1173 3799 1234 3869 De·

75 3908 147 3972 inde
163 3905 352 3990 opobalsamo
367 3893 511 3970 initiatum
527 3918 701 3991 perungunt.
736 3904 821 3990 Quod
838 3907 977 3990 unguenti
992 3927 1085 3991 genus
1103 3910 1233 3992 fragran-

108 4125 135 4181 6.
155 4125 280 4194 ἕκφραιαί
303 4123 390 4190 dantia
413 4130 464 4178 sed.
482 4131 558 4180 Puris.
594 4123 641 4181 dte-
709 4129 732 4182 7.
751 4128 843 4179 Christi
861 4145 912 4179 nou
930 4129 1016 4180 divido
1033 4129 1163 4197 spiritum,
1192 4145 1234 4179 cor

75 4195 175 4266 φραιιαί
192 4192 290 4258 deuotio
307 4199 358 4246 rod.
374 4197 470 4260 flnedip.
504 4191 643 4262 ἅκψαριιαι-
675 4203 725 4250 eea.
743 4201 826 4261 tepitur
842 4201 909 4261 apud
928 4203 973 4250 Vei.
989 4202 1142 4262 Interpretem.

76 4261 198 4328 ψεῦουσα
210 4267 262 4314 aad.
273 4267 349 4315 Venet.
362 4293 393 4302 -
410 4267 443 4316 De
456 4269 642 4328 interpretatione
708 4265 732 4316 8.
751 4267 774 4318 οἱ
790 4269 865 4318 adieri
881 4269 909 4317 de
926 4271 1063 4318 oudoritate
1079 4269 1233 4318 edidistis.

74 4337 148 4385 tosus
163 4335 287 4396 formatae,
303 4335 419 4396 sisteret,
436 4337 510 4384 odeas
524 4336 643 4384 doctorum
676 4339 704 4383 et.
724 4339 799 4385 Vmet.

75 4405 201 4452 mnarum
213 4401 247 4451 od
261 4403 383 4451 Irenaeum
395 4404 411 4450 t.
424 4404 440 4450 i.
456 4404 576 4454 adunato.
606 4404 642 4464 Gi.
708 4400 733 4452 9.
752 4400 953 4457 ίιιαιιαιτίιιαιιται
969 4405 1021 4454 aad.
1035 4406 1111 4454 Venet.

76 4473 152 4519 atam
169 4471 235 4533 infra
249 4470 313 4520 too.
326 4467 368 4532 tu,
385 4469 410 4520 t.
425 4473 465 4520 abt
481 4472 563 4522 eodem
577 4483 642 4533 rens·
676 4469 751 4590 Prii).
767 4465 816 4528 dni
835 4472 878 4525 τοῦ
898 4468 1028 4542 βαλσάμου
1052 4472 1121 4523 eodd.
1138 4473 1235 4537 Riedtp.

76 4544 169 4590 tunm.
734 4555 753 4590 a.
