3080 5002
1521 125 1526 210 ί

294 229 354 293 706
715 240 837 292 stum
854 239 1024 292 υνιεειιαιι

296 357 350 425 νόν
371 364 426 424 τοῦ
440 363 539 439 φυτοῦ
554 352 629 423 εἶναι
646 354 718 425 αότό
735 355 834 439 ῦφεας
850 361 951 441 δίκην,
979 357 1031 422 καί
1051 354 1106 440 τήν
1122 355 1175 439 μέν
1188 354 1294 438 λευκήν
1310 351 1384 420 εἶναι
1407 351 1446 429 ός
1520 321 1526 436 ί

296 459 386 543 όφιν,
417 457 470 543 τήν
491 461 523 525 δέ
538 461 676 544 μέλαιναν
698 457 738 538 τός
755 458 910 546 δρόκοντα.
955 455 1046 524 Εἶναι
1066 459 1099 526 δδ
1119 460 1171 524 καὶ
1192 455 1246 534 τός
1265 461 1379 543 οῥᾶγας
1396 463 1447 540 τῆς

295 559 427 644 όμπέλου
444 561 541 649 όόςπερ
560 565 608 630 ἰοῦ
625 562 824 650 ῥαθόμιγγας,
846 566 943 628 είτουν
956 560 1111 650 σταγόνας,
1136 558 1211 627 οδιό
1225 559 1259 627 τό
1272 561 1445 636 κυκλοειδές,

294 661 315 746 ή
328 664 361 732 τό
376 669 515 753 μείουρον
528 668 578 732 ιιαί
595 667 721 749 διαμφές
734 665 859 732 ἑκάστου
870 663 967 752 ῥαγὸς
979 662 1232 752 στρογγυλόσεως·
1250 661 1302 729 τδν
1317 664 1347 728 δέ
1362 659 1446 728 olm

294 769 328 832 έκ
342 774 395 851 τῆς
407 763 581 844 ὑποθέσεως
594 767 702 851 ταύτης
714 766 786 834 όντα
798 766 850 834 τόν
862 775 935 834 νοῦν
946 775 1059 834 δολοῦν
1072 774 1125 850 τής
1137 763 1380 854 όνθραπότητσς,
1396 767 1445 830 ααλ

292 867 335 952 πή
354 871 407 954 μέν
422 873 464 947 είς
481 872 580 948 θέλξιν
595 871 780 957 ἀφροδισίων
798 869 893 956 ἄγειν,
925 869 967 953 τιή
983 871 1015 936 δέ
1032 873 1073 947 εἰς
1087 867 1206 956 οἶστρον
1223 873 1356 956 έγείρειν,
1387 864 1445 950 ἧδ’

291 964 330 1038 αῦ
345 959 541 1059 πόλινόργήν
556 975 704 1056 έμποιεῖν,
727 971 777 1040 διδ
794 971 827 1040 τό
843 980 1036 1055 κεπφοῦσθαι
1052 972 1085 1039 τό
1101 980 1186 1056 σῦμα
1200 975 1234 1039 έκ
1250 980 1302 1056 τῆς
1317 969 1378 1038 όπδ
1394 977 1444 1036 τοῦ

293 1078 377 1142 οίνου
394 1073 547 1159 δυνάμεως
563 1079 680 1144 καὶτοῦ
698 1078 746 1144 ἰοῦ
761 1083 817 1143 τοῦ
829 1077 1044 1163 προειρημένου
1058 1073 1227 1162 δρόκοντος.
1262 1074 1360 1140 Ὅθεν
1375 1071 1442 1139 ἀπέ-

292 1203 392 1262 χονται
414 1182 498 1244 οίνου
520 1187 669 1256 παντελῶς
691 1183 722 1245 οἱ
741 1187 878 1246 τοιοῦτοι.

157 1285 224 1355 Κεφ.
243 1284 275 1356 β’·
381 1280 537 1348 Φόσιιουσι
553 1283 586 1348 δέ
602 1284 652 1349 καλ
669 1281 723 1367 τήν
739 1292 867 1368 γυναῖκα
885 1279 960 1348 εἶναι
978 1283 1065 1368 έργον
1081 1287 1136 1348 τοῦ
1152 1287 1287 1361 Σατανᾶ,
1309 1277 1442 1364 καθόπερ

172 1416 223 1462 m.
236 1403 281 1450 σεε.
294 1385 345 1450 καὶ
369 1386 401 1449 σί
414 1381 592 1470 Ἀρχοντικολ
613 1392 699 1452 τοῦτο
724 1387 847 1466 έφασαν.
891 1383 948 1450 Διό
971 1382 1042 1460 τοῦς
1061 1382 1146 1473 γόμφ
1162 1382 1374 1467 πλησιάζοντας
1394 1389 1444 1448 τοῦ

293 1493 413 1552 Σατανᾶ
438 1484 471 1553 τό
492 1489 578 1575 έργον
597 1494 730 1575 πληροῦν
743 1490 888 1574 λέγουσιν·
921 1485 992 1552 α’λλό
1007 1489 1059 1552 καί
1074 1493 1129 1554 τοῦ
1149 1483 1316 1573 όνθρόπου
1337 1484 1372 1553 τό
1395 1485 1444 1568 μέν

292 1589 385 1673 ήμισυ
404 1585 479 1654 εἶναι
494 1597 548 1656 τοῦ
566 1597 659 1670 θεοῦ,
688 1589 722 1656 τό
741 1590 773 1657 δέ
790 1589 880 1673 ήμισυ
896 1597 950 1655 τοῦ
966 1587 1115 1672 διαβόλου.
1158 1587 1222 1656 Ἀπ’
1237 1587 1375 1672 όμφαλοῦ
1392 1585 1442 1673 γόρ

292 1694 344 1758 καί
359 1689 498 1758 όνοιτότοι
522 1689 596 1758 εἶναι
613 1700 666 1776 τῆς
687 1700 740 1760 τοῦ
757 1699 833 1758 θεοῦ
849 1689 1003 1776 δυνόμευις
1020 1693 1095 1778 λέγει
1115 1689 1169 1775 τήν
1186 1689 1304 1772 πλάσιν,
1334 1688 1394 1756 dat
1414 1690 1443 1754 δέ

293 1792 431 1878 ὀμφαλοῦ
458 1797 510 1860 καὶ
531 1795 688 1862 κατατότοι
715 1803 767 1879 τῆς
790 1801 923 1881 πονηρᾶς
948 1797 1081 1873 ἐξουσίας
1106 1793 1160 1878 τήν
1180 1793 1293 1861 πλάσιν.
1335 1791 1442 1875 Διόπερ

292 1898 367 1980 φησί
384 1895 480 1963 πάντα
496 1895 568 1963 καθ’
584 1895 699 1982 ήδονήν
715 1900 766 1964 καὶ
785 1895 905 1984 υίστρον
922 1899 972 1964 ιιαί
991 1899 1155 1981 ἐπιθυμίαν
1172 1894 1224 1962 ἀπ’
1242 1895 1379 1980 όμφαλυῦ
1396 1896 1442 1960 καί

290 1997 449 2066 κατοιτότοι
466 2004 609 2085 γίνεσθαι.
650 1999 736 2066 Ἀλλό
758 2002 808 2066 καί
830 2003 863 2065 αἱ
883 1997 964 2066 ῦλλαι
980 2002 1106 2088 αἱρέσεις
1123 2007 1211 2066 τοῦτο
1230 2001 1344 2080 έφασαν
1365 1994 1441 2063 εἶναι

152 2109 220 2178 Κεφ
237 2104 269 2176 γ’.
365 2101 463 2170 ’Ὅθεν
479 2105 530 2169 καί
547 2095 637 2178 οὗτος
651 2099 797 2169 όλίσκεται
813 2101 888 2168 κατὰ
905 2102 1002 2168 πάντα
1018 2100 1132 2189 τρόπον
1147 2111 1210 2178 τοῖς
1227 2099 1323 2178 ἄλλοις
1339 2103 1442 2167 tum

290 2210 411 2272 λσυθῶν
431 2202 587 2291 όγόρταις,
616 2214 678 2282 τοῖς
699 2203 735 2270 τό
752 2203 911 2292 δηλητήρια
932 2211 973 2294 τῷ
990 2209 1045 2294 βίφ
1062 2202 1319 2271 κατασκευάσασα.
1362 2199 1440 2267 ’Λυσι

290 2305 469 2395 τραπήσεται
490 2306 544 2394 γόρ
567 2311 691 2396 ῥηιδίως·
721 2306 758 2373 οῦ
777 2307 833 2396 γόρ
858 2305 1053 2392 ιπαμπόλλου
1070 2305 1293 2391 ἐπιδειχθήσεται
1307 2305 1440 2388 καμότου
1525 2297 1526 2304 ¹

291 2408 312 2492 ή
329 2409 406 2496 πρός
422 2407 513 2476 αὐτόν
529 2408 691 2496 όνατροπή.
725 2409 818 2477 Ὅλον
835 2410 892 2498 γόρ
908 2409 941 2477 τό
959 2417 1044 2492 σῶμα
1061 2413 1296 2497 συγκεκραμένον
1313 2417 1379 2485 τοῖς
1393 2433 1440 2472 ιια-

291 2519 349 2588 λοῦς
363 2515 396 2578 έν
411 2510 491 2601 αότρῖ
507 2512 657 2599 γεγονόσιν
674 2515 707 2580 έκ
722 2521 817 2594 θεοῦ,
849 2515 928 2598 φημί
945 2514 976 2577 δέ
992 2510 1134 2598 όρέξεσιν,
1165 2511 1203 2580 οό
1218 2511 1256 2578 δι’
1270 2509 1395 2577 ότοπίαν
1409 2512 1440 2574 έιι

290 2621 367 2679 θεοῦ
381 2616 563 2700 γενομέναις,
586 2613 656 2682 οἷλλό
673 2615 722 2682 διδ
739 2623 841 2702 χρήσιν
856 2613 975 2703 όγαθήν
993 2617 1044 2682 καί
1058 2613 1219 2702 α’ναγκαίας
1235 2619 1332 2701 χρείας
1346 2613 1440 2692 τόξιν·

289 2719 362 2801 λέγω
381 2717 414 2782 δέ
433 2716 465 2783 τό
485 2715 641 2804 ὀρέγεσθαι
660 2718 774 2798 ῦπνου,
796 2723 934 2805 βρωτῶν,
957 2717 1107 2803 πόματος,
1131 2717 1290 2797 ένδόσεας,
1314 2718 1364 2782 καί
1382 2723 1438 2782 τοῖν

290 2817 384 2884 ἄλλων
398 2820 518 2885 πόντων
530 2829 590 2886 τῶν
605 2823 647 2897 είς
659 2820 696 2885 τό
710 2824 771 2887 ίδια
784 2824 835 2887 καί
847 2829 911 2912 θεῷ
924 2818 1065 2908 εόόρεστα
1080 2819 1153 2906 ήμῖν
1167 2825 1378 2905 συμβαίνοντα,
1401 2814 1439 2894 ός

289 2924 341 2988 καί
363 2920 455 3006 αῦτήν
475 2922 530 3006 τήν
553 2921 648 3008 ὄρεξιν
665 2931 717 3006 τῆς
732 2923 808 2990 κατα
824 2921 857 2990 τό
873 2931 957 3008 σῶμα
973 2926 1135 3008 ἐπιθυμίας
1151 2922 1207 2990 οῦκ
1222 2922 1334 2989 ἄτοπον
1349 2915 1440 2988 οόσσν

289 3022 503 3110 παραστήσαιμ’
524 3023 569 3091 όν.
602 3023 687 3091 ’Ἐστι
707 3024 762 3113 γόρ
784 3025 860 3111 πρός
875 3030 1067 3093 παιδοποιίαν
1087 3029 1118 3094 έν
1136 3024 1290 3110 σεμνότητι
1307 3029 1436 3100 δοθεῖσα,

290 3129 342 3192 καλ
359 3129 401 3204 είς
416 3127 507 3206 δόξαν
528 3135 582 3194 τοῦ
599 3127 777 3213 ποιήσαντος
792 3127 829 3194 τό
845 3127 958 3209 πόντοι,
980 3127 1118 3214 καθάπερ
1135 3135 1172 3218 τῇ
1187 3135 1227 3218 γῇ
1242 3125 1280 3193 τό
1296 3130 1438 3213 σπέρματα

291 3232 333 3306 είς
348 3233 480 3314 ἐπίχυσιν
495 3228 634 3314 πλήθους
649 3238 708 3298 τοῦν
723 3229 784 3298 ῦπδ
802 3238 880 3298 θεοῦ
896 3233 1070 3315 έκτισμένων
1086 3238 1199 3310 καλοῦν,
1229 3229 1399 3316 γενημότιιν
1411 3227 1439 3292 τέ

290 3357 369 3414 φημι
386 3335 438 3398 καί
453 3331 644 3420 ἆκροδρόοιν,
667 3333 763 3411 οὕτως
780 3336 883 3425 καλιῇ
901 3332 1111 3422 όνθροιπότητι
1127 3335 1168 3411 είς
1184 3331 1218 3399 τό
1234 3341 1385 3420 πληρῦσαι
1399 3328 1437 3408 τό,

290 3431 465 3512 Λόξόνεσθε
487 3437 538 3502 καί
559 3435 767 3520 πληθόνεσθε,
789 3439 840 3502 καλ
861 3435 1031 3524 πληρόσατε
1052 3436 1106 3522 τήν
1126 3444 1189 3524 γῆν.

151 3645 219 3716 Κεφ.
238 3646 271 3704 δ’.
375 3642 539 3728 Κέχρηνται
560 3643 592 3708 δέ
612 3646 644 3707 οἱ
656 3649 786 3710 τοιοῦτοι
801 3645 853 3710 καί
871 3641 1063 3730 όποκρόφοις
1079 3645 1171 3722 τισίν,
1201 3639 1243 3718 οἷς
1264 3639 1435 3726 όιιηιιόαμεν·

287 3738 358 3807 όλλό
372 3746 424 3809 καί
439 3747 471 3810 έν
487 3746 568 3831 μέρει
583 3754 648 3822 ταῖς
662 3749 765 3831 ῥηταῖς
779 3746 907 3829 βίβλοις,
929 3751 1140 3832 λεξιθηροῦντες
1155 3747 1253 3810 έκεῖνο
1267 3743 1345 3828 μόνα
1360 3741 1437 3808 ότιντ

284 3843 360 3910 κατό
375 3843 427 3912 τόν
441 3854 515 3913 νοῦν
529 3845 625 3914 αότῦν
639 3850 874 3932 παραπλέκοντες
889 3851 994 3934 ἑτέροις
1008 3853 1257 3935 μεταχειρίζονται
1301 3845 1374 3912 ota
1388 3841 1436 3930 γόρ

285 3943 307 4029 ή
325 3945 456 4032 ἄμπελος
477 3953 510 4016 έκ
527 3949 671 4034 διαβόλου
688 3949 884 4033 πεφύτευται,
914 3949 982 4017 οῦτε
1004 3953 1034 4029 ἐξ
1051 3949 1148 4032 όφεοις
1167 3953 1231 4034 έσγε
1249 3947 1304 4034 τήν
1320 3945 1435 4032 σπορόν,

288 4045 328 4126 οἷς
343 4057 432 4120 παντί
444 4079 485 4142 τφ
501 4051 591 4137 δήλόν
605 4056 671 4119 ἐστι.
719 4061 792 4131 Ποῦς
807 4053 862 4141 γόρ
880 4057 938 4120 έστι
953 4061 1057 4132 τοῦτος
1079 4051 1172 4120 αότοῦ
1186 4061 1242 4120 τοῦ
1256 4056 1365 4138 κυρίου
1380 4051 1435 4115 έιιι·

286 4162 509 4241 μαρτυροῦντος
524 4158 576 4220 καί
594 4157 727 4242 λέγοντος
745 4156 805 4237 ότι,
830 4155 876 4222 Οό
893 4155 935 4240 μή
950 4161 1008 4223 πίοι
1025 4159 1060 4223 t»
1076 4163 1129 4223 τοῦ
1146 4153 1309 4243 γενήματος
1323 4161 1376 4238 τῆς
1388 4149 1435 4236 ἆγε·
1518 4177 1519 4184 ’

285 4257 375 4322 πίλου
392 4258 517 4344 ταύτης,
548 4260 605 4335 έως
621 4256 659 4324 νῦν
672 4263 731 4326 πίω
748 4257 820 4326 αότδ
838 4257 943 4327 καινόν
957 4257 1025 4343 μεθ’
1040 4256 1126 4344 ῦμοῦν
1141 4261 1173 4326 έν
1187 4265 1224 4349 τῇ
1240 4261 1371 4348 βασιλείᾳ
1383 4259 1436 4320 τόν

311 4411 344 4530 g.
361 4414 588 4536 ἔοόήότίαάιγότςτλλίε
613 4493 718 4552 propter
737 4483 918 4538 rotunditatem
935 4495 978 4537 αυτ
994 4484 1157 4538 desinentium
1174 4485 1199 4536 ἰυ
1215 4493 1343 4552 angustam
1357 4479 1432 4534 tenti-
