3106 4990
335 235 472 288 eumuna
489 235 551 286 nte.
562 236 583 286 ι.
599 233 680 286 rou.
696 235 739 287 ur.
755 233 853 286 ausu.
868 235 994 286 xxxix.
1181 223 1240 287 531

85 338 277 443 multiplicata
301 355 382 442 prole
404 365 599 441 perpetuaque
620 355 731 420 sobolis
750 357 941 428 successione
960 356 1086 440 quinque
1107 357 1137 420 in
1158 358 1246 422 terris

87 461 222 546 stirpium
246 469 315 524 suut
336 461 412 524 lacto
435 457 572 522 divortia.

176 560 245 646 Quo
264 572 394 648 tempore
412 559 547 647 Babylon
568 559 599 624 in
614 560 741 647 Assyria
759 561 795 626 ab
812 561 915 624 iisdem
936 559 993 626 illis
1014 571 1167 642 extructa,
1198 561 1247 646 qui
1265 572 1324 641 cop.
1336 575 1400 624 vltt.

88 679 122 732 ct
136 664 255 731 Turrim
274 666 478 730 condiderunt.
524 661 674 748 Erarrtque
691 675 768 742 tum,
792 663 835 728 uti
851 664 880 726 iu
898 665 1099 748 superioribus
1119 664 1250 728 haeresi·

89 771 147 834 bus
169 792 210 834 ex
225 768 447 855 generationum
471 789 489 832 u
506 767 590 832 uobis
608 767 741 830 instituta
755 767 834 830 serie
851 768 1080 830 demonstratum
1100 778 1162 845 est,
1197 768 1248 830 bo·
1262 775 1320 821 oen.
1334 777 1365 822 1⁰·

91 873 187 938 mines
204 874 295 936 fermo
308 867 429 934 LXXll
445 868 577 954 stirpium
593 880 731 934 erraturos
747 881 777 934 et
791 869 899 954 capita.
932 868 1078 933 Nimirum
1093 891 1133 934 ex
1146 867 1250 934 Chami

92 970 395 1063 progenieXXXll,
427 992 570 1056 agenore
585 969 655 1036 Sem
672 969 751 1051 XV,
782 970 927 1057 clapheti
944 994 1017 1036 vero
1034 973 1126 1059 stirpe
1142 969 1249 1051 XXV,

93 1101 160 1144 cum
178 1079 267 1142 turris
284 1078 332 1141 illu
353 1099 417 1140 onor
435 1071 588 1159 Babylone
606 1075 794 1138 conderetur.
840 1075 888 1138 Ab
906 1075 950 1139 his
970 1076 1000 1139 iu
1018 1077 1187 1140 uuiversum
1204 1095 1253 1138 or-

92 1181 160 1246 bem
178 1180 313 1244 nationes
328 1200 430 1244 omues
446 1199 480 1242 ac
493 1178 610 1262 liuguae
626 1177 784 1262 dissipatae
799 1189 878 1241 snut.
925 1175 1119 1262 Posteaquam
1135 1189 1251 1264 septua-

93 1284 176 1370 ginta
196 1284 235 1347 illi
255 1284 330 1362 duo,
354 1283 402 1366 qui
421 1281 523 1346 turrim
544 1279 753 1358 moliebantur,
777 1280 908 1345 conlusis
928 1280 1034 1366 linguis
1055 1286 1109 1345 huc
1128 1283 1253 1366 illucque

94 1385 220 1473 dispersi
238 1397 324 1464 sunt,
349 1396 379 1448 et
392 1406 445 1470 pro
463 1405 519 1448 nna
536 1405 621 1468 quam
638 1384 784 1446 callebant
799 1385 874 1447 alius
889 1385 974 1448 aliam
990 1406 1030 1448 cx
1046 1385 1140 1448 afflatu
1156 1386 1201 1448 dri
1219 1407 1254 1448 ac

94 1491 247 1556 voluntate
263 1487 385 1552 sortitus
400 1497 457 1552 est.
502 1484 552 1550 Ea
568 1507 625 1570 qno
640 1487 676 1549 ad
692 1487 765 1550 hauc
782 1508 872 1570 usqne
888 1487 962 1550 diem
978 1489 1141 1568 linguarum
1159 1487 1254 1552 omnis

94 1604 143 1658 est
157 1591 280 1658 conflata
297 1591 446 1669 variatum
469 1610 591 1674 quarum
608 1589 836 1673 uniuscuiusque
855 1589 925 1652 licet
940 1602 1088 1654 auctorem
1107 1591 1186 1654 nullo
1204 1610 1256 1652 ue-

93 1695 178 1782 gotio
199 1693 431 1780 deprehendere.
476 1689 527 1756 Sic
545 1691 622 1755 errim
641 1690 732 1755 lavau
750 1691 859 1755 Graeci
880 1693 1026 1758 sermonis
1047 1693 1181 1778 princeps
1202 1714 1257 1758 ex·

97 1799 174 1878 titit,
198 1819 214 1862 a
232 1819 290 1882 qno
309 1807 378 1860 snut
395 1792 483 1858 lones
498 1793 713 1878 cognominati,
738 1815 828 1878 peries
845 1816 918 1880 quos
933 1797 1043 1860 ueteris
1060 1805 1106 1859 est
1122 1793 1257 1860 Graecae

96 1902 217 1986 linguae
236 1899 398 1986 possessio.
445 1894 589 1960 ATbera
609 1896 757 1962 Thracum
776 1899 872 1983 lingua
892 1901 1021 1984 prolecto
1042 1909 1105 1978 est,
1137 1897 1257 1984 Mossy-

97 2025 258 2070 noecorum
277 2024 294 2066 a
310 1999 472 2080 Musocho,
496 2021 513 2064 a
533 1997 667 2064 Thebeta
685 1999 910 2066 Thessalorum.
956 1999 1031 2064 Elud
1050 2023 1138 2087 porro
1155 1999 1258 2087 Lydo·

97 2131 164 2174 rum
184 2103 330 2171 sermonis
352 2115 456 2168 auctor
478 2101 547 2181 luit,
573 2102 613 2166 uti
634 2100 858 2188 Gospheuorum
879 2102 1017 2190 chhar,
1042 2102 1257 2191 Aegyptiorum

97 2208 256 2288 Hiemem,
279 2205 357 2271 Pons
378 2206 601 2284 Auumiturum,
625 2205 733 2270 Armot
749 2206 881 2270 Arabum
900 2229 935 2270 ac
955 2208 1109 2292 deinceps,
1142 2229 1179 2270 ne
1197 2207 1258 2270 siu-

95 2311 221 2398 gillatim
246 2329 455 2395 percenseam,
489 2329 561 2372 suae
583 2309 724 2394 cuiusque
750 2308 866 2394 liuguae
895 2309 1016 2392 reliquis
1043 2320 1089 2373 est
1112 2308 1258 2394 impertito

97 2413 237 2480 scientia.
283 2411 382 2496 Atque
400 2411 440 2474 ita
460 2410 640 2496 singularum
659 2411 810 2476 successio
826 2423 873 2476 cst
891 2412 1027 2497 paulatim
1048 2411 1077 2474 iu
1098 2412 1169 2475 orbe
1186 2411 1258 2475 dilu-

99 2529 164 2582 tata
184 2533 398 2601 progressaque
419 2514 547 2597 longios.

187 2615 271 2701 Quae
290 2616 504 2695 comitasint,
537 2617 629 2694 uude,
661 2637 788 2700 quaeso,
819 2607 955 2682 Sethiaui
971 2617 1060 2682 falsos
1077 2616 1141 2682 illas
1158 2637 1258 2680 narra·
1276 2629 1336 2696 esp.
1354 2629 1399 2679 tx.

100 2721 198 2787 tiones
214 2729 403 2805 acceperunt,
428 2719 494 2782 dum
509 2729 540 2781 et
557 2719 638 2782 lictus
654 2719 767 2783 fabulas
783 2719 952 2798 obtrudunt,
979 2731 1007 2783 et
1024 2742 1098 2804 qnae
1114 2743 1259 2806 uunquam

99 2827 180 2888 lacta
201 2833 270 2886 suut
292 2843 345 2907 pro
367 2820 448 2886 veris
471 2820 552 2884 uelut
572 2821 752 2885 somniantes
771 2821 923 2886 effutiunt?
966 2819 1052 2905 Quae
1072 2835 1169 2888 autem
1189 2846 1260 2888 vera
1330 2831 1337 2850 ¹

98 2926 254 3010 solidoque
270 2935 354 3004 sunt,
379 2923 480 3009 procul
496 2945 513 2988 a
528 2923 590 2988 uois
610 2923 665 3010 ipsi
684 2923 829 2990 mentibus
849 2925 997 2990 reiiciuut.
1044 2924 1104 2992 Sed
1125 2927 1258 2990 nimirum

99 3039 196 3094 totum
216 3028 292 3096 istud
311 3048 351 3091 ex
370 3026 437 3091 mali
457 3027 607 3092 uoluntate
626 3027 776 3092 daemonis
797 3028 951 3114 alllatnque
970 3040 1140 3114 conceptum
1161 3031 1261 3093 humu-

100 3134 148 3199 nis
175 3131 301 3216 ingeniis
326 3129 470 3194 adhaesit.
516 3127 582 3212 Qua
608 3131 637 3193 iu
662 3151 695 3194 re
721 3153 779 3195 nou
805 3132 900 3196 minus
923 3133 1166 3196 corrsideroudum
1190 3131 1259 3195 illud

100 3255 189 3321 quam
207 3233 405 3298 admirandum
420 3233 513 3308 verrit,
537 3235 775 3316 quamadmodum
793 3235 842 3297 ille
856 3257 920 3296 auur
938 3233 1071 3297 homiues
1088 3235 1116 3296 iu
1135 3234 1261 3300 absurda

99 3338 279 3422 indignaque
294 3357 379 3420 quam
394 3335 518 3420 plurima
535 3337 733 3399 fraudulenter
747 3335 915 3419 pellexerit,
940 3347 1025 3419 atque
1040 3338 1069 3398 iu
1083 3337 1180 3399 scelus
1196 3355 1261 3420 pot·-

102 3440 248 3516 traxerit‚
281 3449 382 3524 stupra
401 3437 553 3516 videlicet,
583 3437 742 3516 adulteria,
776 3437 927 3516 libidines,
958 3439 1101 3500 idolorum
1119 3438 1261 3522 supersti-

101 3545 203 3608 tiones
220 3561 255 3605 ac
270 3539 460 3626 praestigias,
486 3539 671 3625 profusiones
686 3541 879 3622 sanguinum,
905 3541 1021 3624 rapinas
1036 3550 1066 3602 et
1081 3539 1262 3604 insatiabiles

101 3643 295 3730 cupiditates,
320 3643 425 3720 aleam,
449 3642 651 3720 voracitatem,
675 3641 791 3726 aliaque
810 3644 837 3706 id
856 3661 951 3727 genus
969 3642 1090 3726 flagitia,
1116 3665 1262 3728 nonquam

102 3761 206 3812 umen
222 3755 291 3810 aute
307 3741 417 3808 Christi
433 3745 595 3808 servaturis
611 3746 784 3824 adventum,
808 3745 1050 3810 contumeliosam
1065 3746 1094 3809 iu
1115 3747 1261 3809 dominnm

99 3871 191 3916 sunm
213 3848 324 3911 iactare
344 3867 447 3910 vocem
470 3845 517 3909 vel
537 3845 681 3910 rebellare
705 3849 744 3910 sit
764 3869 866 3912 ausus.
911 3845 1098 3933 Expectabat
1119 3849 1261 3934 siqnidem

101 3955 174 4018 dum
201 3948 337 4015 Christus
360 3948 528 4028 adueniret,
563 3959 594 4012 ut
617 3951 664 4014 rel
689 3948 751 4036 ipse
777 3952 928 4036 profitetur
953 3952 997 4015 his
1023 3952 1140 4016 verbis:
1172 3957 1215 4012 lte
1238 3963 1403 4025 lenaeum.

100 4060 243 4136 seraptem
265 4065 324 4128 est,
354 4057 500 4134 ponarium,
529 4055 639 4132 nngalei
660 4059 720 4116 corb
742 4055 885 4116 mundabit
903 4057 937 4116 de
961 4066 1003 4128 te,
1036 4061 1112 4118 otiu
1135 4039 1361 4147 monibusffiffi·

96 4158 263 4242 portabant
283 4169 319 4218 te.
368 4152 441 4220 lllnd
463 4154 540 4219 enirn
563 4166 704 4240 perpetuo
727 4177 743 4218 a
765 4155 913 4240 prophetis
933 4157 1095 4221 nurrtiatum
1117 4157 1261 4238 andierat,

102 4259 220 4328 Christi
239 4257 347 4322 domiui
365 4255 560 4344 praesentiam
578 4278 680 4322 eorum
697 4258 924 4343 redemptionem
945 4260 1008 4324 lora
1026 4261 1073 4343 qui
1093 4273 1265 4344 peccassent

102 4387 140 4430 ac
166 4359 373 4448 poenitentiam
395 4361 590 4446 susciperent.
636 4359 736 4445 Quare
759 4371 788 4424 et
809 4362 873 4446 ipse
893 4360 1112 4425 misericordiae
1134 4362 1264 4426 nonnihil

104 4487 140 4532 se
159 4463 545 4550 consecuturum'sperabat.
593 4461 704 4530 Verum
721 4464 769 4528 ubi
786 4485 868 4530 suam
885 4465 920 4527 ad
938 4461 1123 4527 obtinendum
1141 4466 1263 4530 salutem

989 4563 1060 4632 et*
