3078 5012
345 315 480 370 rartaau
497 315 595 370 nram.
612 317 694 370 rou.
706 317 749 368 nr.
775 315 874 370 uana.
887 313 968 368 xerr.
1171 307 1232 370 597

75 438 185 504 domiai
202 445 373 521 responsum
390 437 460 502 illud
480 439 509 502 ia
526 457 658 502 errorem
675 431 819 522 impellatr
846 439 926 514 Quae
937 449 983 498 eat
999 449 1089 499 muter
1104 461 1180 514 meo,
1206 453 1235 501 et

69 545 205 623 fratrer?
249 537 332 604 Scito
355 561 412 604 non
436 540 481 604 bis
499 540 597 604 verbis
617 549 750 622 negatam
767 558 834 607 esso
854 547 994 616 matrem,
1027 542 1079 604 sed
1098 540 1162 606 eius
1178 542 1232 605 irn-

75 643 281 729 portanitatem
297 663 482 728 repressam,
515 643 563 726 qui
582 651 661 706 tanta
677 641 860 721 mqltitndine
876 640 1071 722 circumfusa,
1101 645 1167 709 duna
1185 665 1233 708 sa·

76 745 179 809 lutaris
195 745 326 809 doctrina
342 745 538 831 profunditur,
563 745 682 829 ipseque
700 731 773 808 adeo
790 743 819 807 in
836 745 973 808 curandis
989 746 1173 830 corporibus,
1197 769 1232 812 ac

75 849 269 934 praedicando
294 849 340 912 dei
366 848 457 913 verbo
483 857 561 912 totus
581 858 755 932 occupatur,
787 847 831 912 sie
852 867 918 910 cum
936 867 1026 911 ausus
1044 858 1090 912 est
1110 849 1230 934 alloqui.
1277 829 1281 846 ⁵

73 949 284 1036 interpellasse
303 950 407 1036 quippe
422 949 503 1014 visus
518 961 574 1029 est,
593 950 641 1034 qui
657 949 731 1013 bunc
746 949 775 1012 in
790 950 904 1012 modum
919 948 1134 1034 interruperatc
1158 957 1233 1016 Ecce
1322 1021 1324 1032 ,

72 1064 165 1116 muter
183 1066 248 1127 tuo,
273 1065 304 1116 et
313 1055 423 1135 fratrer
440 1057 491 1114 tnr'.
539 1049 626 1134 Quod
644 1052 699 1114 uisi
718 1063 820 1134 pratus
838 1073 873 1113 ac
889 1050 1031 1118 iucundus
1049 1053 1164 1118 illorum
1182 1056 1233 1118 ad·

72 1167 181 1220 ventus
198 1155 251 1241 ipsi
269 1155 384 1236 luisset,
409 1176 467 1218 nou
484 1155 559 1240 quod
577 1165 731 1239 antequam
750 1154 864 1218 audiret
880 1153 998 1218 vertisse
1016 1155 1157 1238 nesciret,
1181 1157 1234 1221 sed

70 1260 151 1344 quod
174 1259 278 1322 adesse
302 1257 373 1321 loris
396 1268 483 1321 antea
501 1257 707 1340 cognovisset,
738 1255 881 1321 acerbiori
902 1257 1015 1340 quidem
1033 1256 1233 1343 increpatione

70 1361 309 1446 intempestivam
334 1359 459 1424 bominis
479 1380 580 1424 vocem
602 1360 787 1444 excepisset,
819 1359 900 1422 velut
918 1380 982 1422 cunr
1000 1356 1091 1424 Petro
1110 1382 1233 1446 respon·

71 1464 134 1542 uit,
157 1467 305 1528 eumden
320 1485 379 1538 me,
404 1467 524 1535 Solone,
549 1468 677 1543 quantiam
691 1485 747 1525 non
760 1467 836 1542 eupit
850 1483 922 1543 qnae
936 1466 1074 1538 uersam,
1098 1468 1150 1526 scd
1160 1485 1232 1546 quoe
1244 1481 1329 1577 ppatpp.

69 1571 225 1628 barnabam.
1270 1567 1277 1590 ’
1317 1565 1322 1576 ¹

161 1666 262 1734 Scbol.
280 1665 328 1732 xl
333 1667 370 1732 ll.
404 1669 612 1748 ll'uvt'genta'bur
626 1669 685 1730 r'llrb
700 1669 874 1729 obdarrm'or't.
922 1670 1150 1750 Enpergesuetus
1164 1691 1230 1731 nero
1242 1689 1298 1733 une.
1308 1690 1329 1744 a,
1338 1689 1371 1734 aa.

68 1777 233 1854 ancrepeur't
252 1784 361 1834 eentum
383 1784 413 1832 et
432 1793 518 1832 more.

159 1872 260 1938 Relut.
279 1871 369 1938 Xlll.
402 1872 469 1956 Age
488 1893 560 1936 vcro
580 1871 714 1955 quisnam
734 1872 927 1938 obdormiisse
949 1873 1073 1936 dieitur?
1116 1872 1232 1938 Divini-

69 1987 163 2042 tatcm
178 1976 270 2061 ipsam
286 1997 323 2040 ne
339 1987 369 2039 to
384 1974 498 2060 quidem
517 1974 636 2040 audebis
651 1975 762 2040 dicere.
807 1975 907 2060 Atque
921 1987 954 2039 ut
968 1975 1094 2040 unanime
1109 1976 1230 2056 audeas,

68 2079 203 2143 tunmin
222 2089 324 2164 caput,
357 2079 541 2157 execranda,
572 2077 723 2142 maledieta
742 2077 957 2142 istareeident.
1002 2075 1063 2142 Sed
1082 2097 1168 2142 nemo
1186 2089 1232 2143 est

68 2182 121 2267 qui
139 2203 196 2244 non
210 2180 352 2264 intelligat
366 2203 431 2245 eum
448 2181 495 2265 qui
511 2181 597 2244 bomo
611 2200 717 2246 revera
732 2179 892 2258 siclaetus,
913 2201 1017 2244 somno
1032 2191 1233 2266 proptercor·

69 2305 127 2370 pus
144 2283 323 2367 indigentem
339 2282 544 2348 obdormiisse.
589 2281 668 2348 Nam
684 2283 732 2368 qui
747 2283 826 2346 illurn
843 2282 1023 2359 excitarunt,
1044 2303 1102 2346 non
1119 2283 1232 2346 larvam

69 2386 219 2470 aliquam,
244 2387 294 2449 sed
312 2406 411 2450 reram
431 2387 555 2450 bominis
573 2397 705 2450 naturam
723 2384 946 2449 contuebantur.
993 2381 1078 2450 Unde
1095 2395 1125 2448 et
1141 2385 1232 2450 mani·

67 2490 128 2554 bns
143 2489 346 2553 concutientes
358 2489 627 2574 compellentesqne
641 2507 708 2552 sese
723 2487 803 2551 illum
818 2487 1056 2572 expergefecisse
1071 2499 1230 2553 testantur.

67 2597 204 2672 Surgere
221 2597 310 2666 enain,
335 2591 445 2676 iuquit,
470 2593 519 2654 tlte
536 2596 595 2671 r'pm
612 2596 664 2672 qau'
677 2595 846 2665 dormierat,
873 2609 961 2655 cartre
978 2591 1127 2676 praeditus
1144 2591 1229 2673 debe,

66 2717 85 2759 e
103 2695 189 2758 coelo
207 2694 359 2780 delapsus,
393 2706 514 2780 propter
527 2715 581 2756 nos
592 2712 687 2756 carne
705 2693 829 2757 vestitus
848 2702 983 2776 tanquam
1002 2693 1088 2757 bomo
1106 2695 1231 2760 suscita·

67 2807 199 2875 tuaest,
224 2798 275 2860 sed
296 2807 394 2882 utpote
410 2797 482 2861 deus
498 2801 655 2877 rberepom‘t
666 2817 752 2870 nare,
779 2805 927 2880 totumque
943 2794 1012 2860 illnd
1031 2796 1230 2861 admirandum

66 2920 144 2984 opns
168 2897 325 2982 praestitit.

158 2998 260 3066 Scbol.
277 2999 364 3066 XlV.
395 3005 437 3064 Et
456 3007 578 3082 eonn'gd
597 3023 658 3064 cum
681 3007 752 3076 iret,
784 3013 817 3062 nt
836 3023 853 3062 c
876 3003 967 3064 turbis
985 3007 1224 3083 comprrmerebm.
1243 3025 1344 3071 tutum

65 3111 110 3168 Et
126 3107 228 3166 multer
242 3127 304 3168 eam
322 3110 461 3186 tetr‘grbret
475 3109 583 3185 absum,
615 3115 715 3168 runata
734 3116 778 3166 est
794 3125 811 3166 a
821 3107 912 3187 steten
926 3110 1084 3185 sangarius.
1132 3109 1172 3166 Et
1189 3107 1233 3166 ait

65 3213 210 3280 domebus,
237 3211 305 3286 (luas
320 3231 362 3270 rne
376 3211 491 3287 tetigit?
535 3207 581 3270 Ae
597 3227 732 3271 rursumr
760 3211 866 3284 Tetigit
879 3229 921 3268 me
934 3211 1047 3287 ala'anb.
1088 3209 1162 3268 Nam
1176 3229 1229 3288 ego

65 3315 140 3374 nani
158 3314 289 3372 vertutern
311 3315 345 3372 de
366 3333 409 3372 me
429 3313 531 3372 masse.

157 3409 260 3476 Relut.
279 3409 366 3476 xlv.
400 3417 468 3474 Cum
487 3416 577 3484 irent,
603 3431 660 3472 non
684 3409 776 3488 dixit,
801 3431 863 3471 eum
885 3415 955 3485 iret,
983 3431 1019 3474 ne
1041 3410 1127 3474 aliter
1148 3410 1228 3474 illum

66 3535 157 3601 quarn
178 3514 270 3578 ceteri
289 3513 346 3578 iter
362 3514 504 3578 iacientes
517 3513 613 3576 solent
628 3510 765 3576 babuisse
779 3513 928 3578 crederes.
968 3509 1054 3596 Quod
1070 3533 1142 3578 vero
1156 3515 1229 3578 scri·

64 3629 150 3706 ptum
172 3627 235 3697 est,
261 3618 534 3698 Camprr'mebntnrc
553 3616 660 3687 turbis,
687 3614 785 3698 utique
804 3615 937 3700 spiritum
958 3616 1229 3700 comprimeretur·

65 3721 126 3784 bae
148 3739 207 3781 non
228 3731 373 3804 poterant.
419 3715 480 3782 Sed
500 3729 529 3780 et
548 3716 668 3796 mulier,
699 3738 773 3801 quac
794 3717 888 3802 tetigit
904 3738 938 3779 ae
956 3728 1059 3781 sanata
1077 3727 1138 3799 est,
1170 3741 1228 3782 non

63 3833 189 3900 adrem,
222 3822 273 3886 sed
297 3822 452 3885 humanum
474 3820 608 3905 quiddam
632 3820 707 3903 quod
725 3819 900 3884 contrectari
920 3829 1020 3902 posset
1036 3821 1143 3907 attigit.
1188 3819 1230 3885 Ut

64 3926 148 3991 enim
165 3924 335 3988 ostenderet
348 3923 499 3988 mulierem
514 3943 620 4008 eorpus
634 3922 710 3986 illius
727 3943 784 3986 uon
800 3922 897 4008 specie
913 3923 974 3990 sola
990 3923 1135 4009 tetigisse,
1151 3925 1228 3988 istud

63 4031 164 4116 ipsum
180 4028 373 4112 responsione
390 4049 442 4092 sua
456 4025 602 4090 declarat:
629 4029 697 4103 (luat
710 4047 753 4087 nae
771 4030 886 4105 tetegit?
928 4029 1002 4088 Nam
1019 4039 1048 4088 et
1060 4033 1128 4090 noni
1138 4033 1228 4090 υίνιιι-

63 4147 123 4196 tem
147 4152 165 4192 a
187 4151 230 4192 nae
250 4135 352 4192 reabse.

157 4228 260 4296 Scbol.
277 4229 351 4296 XV.
386 4237 549 4314 emperiam
570 4237 600 4293 iu
621 4235 727 4294 eoelum
751 4233 928 4295 benedicebat
950 4237 1028 4314 apse'r.
1241 4259 1365 4317 pawn,

99 4421 146 4500 tid.
162 4414 632 4506 Suprcprtot’eqpcqodbducqicqtt.
666 4425 750 4474 tionem
762 4424 902 4504 'addendam
921 4424 1027 4473 uidelicet
1047 4422 1152 4472 eteaebus
1172 4436 1227 4486 pro·
1303 4433 1310 4450 ³

98 4493 146 4544 bt.
168 4487 200 4541 dn
232 4487 437 4550 curciarentur
462 4505 505 4553 pro
530 4506 632 4555 αυτους,
666 4495 706 4542 bot
722 4496 742 4542 et
758 4493 821 4542 edem
837 4495 901 4544 mena
916 4505 991 4555 supro
1004 4493 1119 4555 prolutus.

59 4561 131 4627 qnod
147 4561 171 4610 tt.
186 4561 202 4609 t.
222 4562 247 4610 tn
269 4561 334 4612 cum
353 4562 475 4624 reperitur.
509 4562 633 4624 Praeposi-
