3078 5012
219 254 977 332 '·mmmmmfflm
1186 261 1247 326 W

92 397 153 462 stri
174 398 272 462 studio
295 409 326 464 et
347 419 447 464 amore
470 401 574 464 ductes
593 397 690 464 crucis
706 395 875 482 supplicium
897 415 956 458 uon
976 394 1153 461 necessitate
1176 393 1245 474 ulla,

93 502 149 564 sed
176 503 326 566 uoluntate
347 502 495 566 sustinuit.
540 499 591 566 Ex
612 523 669 585 quo
689 497 851 564 Marcionis
874 507 934 561 tota
958 495 1005 560 illa
1027 497 1101 560 ratio
1120 496 1247 560 funditus

94 604 300 668 labefactatur.
346 601 405 668 Sed
424 604 458 668 ad
477 603 540 677 cine
556 603 717 666 machinam
736 619 849 664 omnem
866 621 900 664 ac
916 599 1094 682 tragoediam
1112 609 1248 664 everten-

95 708 164 770 dam
187 709 275 772 multa
297 718 366 772 sunt
387 727 405 770 a
423 705 507 770 cobis
528 706 558 770 in
576 704 653 768 illius
672 703 878 768 refutationem
897 711 1056 784 congesta,
1089 702 1247 786 eademque

95 810 294 894 religiosam(
309 819 407 874 mente
422 809 568 893 animique
582 817 661 870 recta
681 807 794 870 ratione
812 803 933 889 praediti
948 803 1162 888 significatione
1181 825 1248 888 prc-

96 913 188 976 lectu.

181 1011 243 1080 lum
262 1014 338 1078 enim
362 1015 398 1078 ad
419 1013 483 1077 cius
499 1012 624 1096 scripta,
656 1011 703 1076 uel
722 1009 818 1095 potins
836 1009 979 1074 scelerate
996 1008 1168 1086 commissa,
1200 1027 1246 1072 me
1264 1023 1323 1092 cap.
1340 1024 1386 1074 tx.

95 1118 229 1181 confero.
273 1113 351 1180 Nam
368 1115 424 1180 iste
441 1115 534 1179 solum
550 1112 651 1178 Lucae
669 1111 850 1195 evangelium
870 1111 1068 1196 amplectitur,
1101 1119 1247 1195 amputato

97 1231 193 1282 umen
213 1211 277 1282 eius
295 1219 394 1298 initio,
419 1218 494 1302 quod
510 1216 549 1280 ibi
565 1215 722 1280 salvatoris
740 1213 769 1278 io
787 1226 870 1278 utero
885 1213 1105 1298 generationem
1124 1223 1152 1276 et
1169 1211 1247 1276 eius·

96 1323 161 1386 dem
183 1321 340 1388 adrentum
363 1341 428 1384 cum
452 1339 576 1404 corpore
601 1318 753 1404 perspicue
776 1328 995 1381 commemoret.
1039 1314 1107 1380 Nec
1132 1314 1246 1378 initium

96 1423 183 1487 rnodo
199 1423 426 1508 circumscripsit
443 1422 491 1486 ille
509 1422 554 1486 sui
571 1421 666 1506 potius
683 1441 767 1504 quam
786 1418 930 1503 evangelii
946 1430 1117 1504 corruptor,
1148 1418 1199 1482 sed
1217 1427 1247 1482 et

96 1548 137 1590 ex
150 1525 234 1590 initio
248 1526 358 1611 pariter
371 1545 406 1588 ac
418 1525 513 1588 medic
527 1524 678 1610 plerasque
692 1521 825 1586 veritatis
839 1521 1001 1586 sententias
1013 1522 1142 1602 sustulit,
1160 1521 1247 1586 alias·

96 1649 153 1713 que
175 1647 227 1713 pro
242 1627 300 1692 illis
316 1627 477 1691 substituit.
523 1623 607 1689 lianc
624 1645 710 1688 uuam
729 1645 817 1710 porro
834 1625 979 1708 evangelii
1000 1626 1138 1703 lormam,
1170 1625 1246 1709 quod

94 1751 112 1794 o
129 1727 214 1794 Luca
230 1730 382 1814 scriptum,
405 1727 547 1793 admittit:
572 1727 711 1813 epistolas
726 1738 880 1812 praetcrea
893 1724 975 1791 Pauli
992 1727 1115 1812 apostoli
1132 1727 1244 1806 decem,

95 1832 200 1917 quibus
218 1832 289 1896 solis
310 1832 417 1910 utitur,
448 1851 502 1895 uec
519 1829 556 1894 iis
574 1830 688 1914 quidem
704 1831 845 1914 integris,
877 1831 928 1894 scd
946 1829 1003 1892 alia
1022 1850 1061 1893 cx
1078 1830 1135 1894 illis
1152 1829 1247 1915 capita

95 1935 239 2012 detrabit,
270 1935 329 1998 alia
350 1943 519 1998 commutat.
564 1934 663 2017 Atque
686 1933 738 1997 bos
761 1935 833 1998 duos
855 1932 945 1996 libros
964 1932 1106 1996 duntaxat
1127 1954 1180 2018 pro
1197 1953 1245 1996 ca·

94 2035 210 2102 nouiris
231 2036 334 2116 habetq
368 2047 485 2121 praeter
505 2055 579 2119 quos
602 2035 661 2100 alia
679 2036 799 2120 insuper
819 2055 835 2096 a
857 2055 890 2098 se
909 2035 1078 2098 elucubrata
1097 2034 1245 2100 volumius

95 2139 206 2204 erroris
223 2140 268 2203 sui
284 2138 424 2203 studiosis
440 2137 576 2202 obtrusit.
623 2136 774 2222 Epistolae
793 2157 882 2216 vcro,
906 2158 981 2221 quae
997 2137 1033 2202 ab
1051 2138 1100 2200 illo
1119 2137 1244 2222 proban-

94 2253 161 2320 tur,
194 2241 249 2306 bac
270 2252 350 2304 sunt.
395 2238 492 2304 Prima
514 2250 561 2304 est
584 2241 620 2304 ad
644 2237 783 2319 Galatas,
817 2235 858 2302 ll.
884 2240 919 2303 ad
944 2236 1114 2304 Corinthios
1138 2241 1242 2325 prima,

94 2340 155 2408 ltt.
178 2345 214 2408 ad
235 2339 406 2408 Corinthios
428 2344 574 2423 secunda,
606 2340 661 2407 lV.
684 2342 719 2406 ad
735 2339 904 2420 Romanos,
933 2339 974 2406 V.
998 2342 1033 2404 nd
1053 2341 1245 2407 Thessaloni·

94 2465 201 2510 censes
217 2445 321 2531 prima,
347 2442 403 2508 Vl.
422 2446 456 2508 ad
475 2443 757 2532 Thessalonicenses
773 2443 914 2523 secunda,
939 2441 1011 2509 Vll.
1032 2445 1067 2508 ad
1085 2443 1243 2528 Ephesios,

93 2544 184 2612 Vlll.
208 2549 244 2612 sd
267 2543 480 2624 Colosseoses,
515 2544 573 2610 lX.
596 2549 631 2610 ad
653 2543 871 2625 Philemonem,
901 2543 945 2610 X.
970 2547 1005 2610 ad
1028 2544 1242 2633 Philippenses.

92 2647 191 2714 Habet
207 2661 237 2714 ct
252 2651 289 2715 cd
306 2648 506 2714 laodicenses
526 2649 668 2734 epistolae
686 2648 842 2733 pprticulas
857 2649 978 2732 aliquot.
1025 2647 1091 2732 Quia
1110 2671 1150 2714 ox
1167 2650 1242 2735 ipsa,

91 2773 178 2836 quam
196 2752 320 2833 retinet,
350 2752 495 2836 evangelii
513 2749 755 2836 epistolarumque
773 2752 866 2814 locoru
882 2751 995 2834 planum
1014 2752 1091 2815 hunc
1109 2763 1139 2816 et
1154 2751 1245 2838 impo-

89 2865 202 2918 storem
219 2867 286 2918 esse
303 2855 505 2918 demonstrare
521 2855 576 2918 teo
593 2852 751 2936 opitulante
766 2873 932 2934 possumus,
958 2853 1181 2939 plenissimeque
1199 2875 1246 2919 re·

90 2957 206 3020 fellere.
252 2953 368 3020 Etenim
389 2977 428 3019 es
448 2956 484 3018 iis
501 2955 572 3040 ipsis
593 2955 691 3033 libris,
723 2977 796 3040 quos
815 2977 972 3039 germanos
993 2977 1058 3020 esse
1076 2957 1242 3036 coafitetur,

90 3058 194 3144 procul
215 3059 301 3123 dubio
324 3058 527 3142 redarguetur.
575 3055 621 3120 Ex
644 3058 680 3120 iis
703 3059 819 3142 inquam
841 3079 914 3142 quas
933 3059 1071 3122 adsciscit
1091 3079 1125 3120 ac
1145 3071 1245 3122 servat

91 3159 257 3244 evangelii,
281 3159 526 3245 epistolarumque
544 3159 691 3244 reliquiis,
723 3160 795 3245 apud
814 3180 866 3222 cos
884 3160 998 3243 quidem
1017 3160 1064 3245 qui
1083 3158 1244 3244 sapientiae

89 3264 238 3348 paululum
258 3263 381 3327 habeant
397 3262 551 3328 manifeste
569 3262 771 3347 probabimus,
803 3282 984 3346 nequaquam
1005 3283 1022 3326 a
1038 3273 1138 3326 vetere
1156 3272 1244 3328 testa·
1307 3254 1311 3262 ’

89 3374 192 3428 mento
209 3360 372 3444 Christum,
390 3375 440 3428 aut
453 3365 489 3428 ab
506 3385 541 3428 ec
558 3386 622 3428 cunr
638 3385 726 3428 carue
742 3363 879 3426 ueniente
894 3365 1050 3450 prophetas
1066 3365 1243 3430 abhorrere:

89 3467 249 3553 quinetiam
273 3467 520 3532 resurrectionem
543 3486 697 3551 corporum
726 3465 762 3529 ab
789 3466 921 3550 apostolo
947 3467 1125 3551 praedicari,
1160 3478 1192 3531 ct
1212 3467 1243 3532 in

89 3590 193 3634 eorum
221 3569 269 3653 qui
297 3570 420 3640 salutem
448 3579 667 3652 consequuntur
695 3589 846 3632 numerum
875 3569 1054 3632 Abraamum
1080 3570 1116 3634 ab
1142 3570 1244 3634 ecdem

89 3683 120 3736 et
143 3669 277 3738 isaacum
302 3669 498 3754 lacobunrque
519 3671 643 3734 referris
674 3690 729 3734 oce
752 3692 810 3734 nou
833 3671 946 3754 reliqua
968 3673 1245 3738 demonstrabuntur

88 3774 207 3852 omnia,
239 3793 313 3858 quae
332 3784 434 3838 sancta
452 3773 497 3837 dei
514 3773 638 3838 ecelesia
656 3773 825 3857 profitetur,
856 3773 994 3838 salutaria
1014 3775 1062 3838 illa
1080 3775 1194 3859 quidem
1210 3797 1244 3840 ae

87 3887 208 3954 sanctu,
241 3876 345 3960 deique
363 3876 537 3941 auctoritate
556 3875 711 3954 roborata,
744 3897 817 3960 quae
837 3877 981 3940 communi
1001 3877 1074 3956 lide,
1105 3879 1241 3959 scientia,

88 3999 142 4065 spe
164 3977 355 4063 doctrinaque
377 3977 606 4063 comprehendit,

175 4078 266 4144 Libet
281 4101 354 4144 vero
370 4081 593 4165 disputationem
609 4081 753 4165 quandam
772 4080 817 4144 bic
833 4081 977 4161 inserere,
1000 4104 1084 4168 quam
1101 4085 1242 4150 adversus
1260 4101 1320 4170 cap.
1335 4101 1369 4153 x.

90 4181 269 4247 hoereticum
285 4185 373 4246 istum
388 4182 638 4260 elucubraveram,
663 4194 815 4267 antequam
832 4205 904 4270 opus
919 4185 993 4249 istud
1012 4187 1127 4249 hortatu
1144 4198 1242 4251 vestro

89 4285 284 4372 susciperem.
328 4281 408 4348 Nam
430 4306 495 4350 oum
519 4283 617 4348 multis
639 4283 744 4348 abhinc
767 4285 852 4350 arinis
869 4283 1033 4352 Marcionis
1056 4286 1140 4351 huius
1163 4310 1242 4354 com·

125 4508 185 4558 cn.
198 4507 234 4558 X.
251 4535 284 4547 -
304 4505 325 4560 l.
342 4508 435 4562 ἱκανῶν
451 4505 499 4576 γὰρ
514 4509 660 4562 scribendum
674 4511 768 4572 putauit
785 4511 902 4561 Patauina.
936 4513 986 4562 Non
1003 4524 1061 4574 opus
1078 4515 1118 4562 cst.
