3080 5002
369 319 506 372 Pettttttt
523 319 586 372 ute.
598 321 618 372 Ι.
635 319 716 374 Tota.
730 321 780 374 tttr
791 319 891 374 HAER.
901 321 994 374 XLIV.
1181 311 1252 372 '701

100 439 183 518 eins,
214 439 298 524 plane
315 439 439 506 iudicem
457 451 486 505 te
503 441 617 526 legunr,
641 461 699 506 non
717 441 925 525 interpretem,
954 441 1044 522 lacis,
1076 461 1110 506 ao
1128 439 1257 506 deleeto·

98 563 165 606 rem
182 542 310 607 omnium
329 564 404 630 quae
420 563 461 608 ex
479 542 567 609 animi
584 544 626 608 tui
641 543 786 610 sententia
807 541 926 608 minime
942 544 1050 629 seripta
1065 553 1150 622 sunta
1182 563 1257 628 quae

100 643 160 710 etsi
176 644 331 710 rarissima
345 647 421 724 sint,
446 646 519 710 falso
538 667 555 710 a
572 657 601 712 te
619 647 806 712 nihilominus
824 657 1054 726 commutantur,
1079 657 1109 710 et
1125 645 1159 710 ad
1175 655 1255 710 tuum

100 769 137 812 ae
155 757 270 812 tuorum
290 769 420 812 errorem
439 750 707 814 aeeonrraodantor.
753 748 839 834 Quod
858 749 884 814 si
903 749 996 814 malus
1013 748 1128 834 qnidam
1146 747 1264 812 artilex'

97 851 240 916 inferiora
259 851 344 930 haee,
367 872 401 916 ao
418 852 555 916 mundum
570 853 644 916 adeo
660 852 747 916 istttru
764 851 882 918 molitus
899 862 956 932 est,
981 873 1034 916 eur
1049 873 1065 916 a
1080 851 1159 916 bono
1173 861 1255 936 patre

97 953 209 1018 missus
230 953 287 1018 hue
308 954 356 1018 ille
377 953 546 1020 deseendit?
590 951 624 1019 Si
646 966 678 1018 ut
697 954 845 1020 homiuum
863 975 957 1040 genus
975 954 1118 1040 eriperet,
1151 953 1254 1018 luorum

98 1056 214 1121 scilieet
231 1067 374 1142 tamquam
391 1077 512 1124 suorum
528 1077 628 1122 euram
643 1057 786 1142 suscepit,
807 1078 861 1122 nee
877 1057 952 1122 alius
967 1057 1023 1122 iam
1041 1057 1175 1122 eonditor
1188 1076 1254 1120 esse

98 1159 245 1244 putandus
264 1170 320 1226 est.
367 1157 422 1226 Sin
439 1159 552 1226 alienos
569 1160 701 1241 narrarit,
731 1181 822 1246 eaque
840 1181 914 1245 quae
935 1160 1005 1226 nihil
1023 1160 1058 1225 ad
1077 1181 1110 1224 se
1127 1160 1255 1247 pertine·

98 1263 172 1326 baat
188 1283 333 1348 usurpare
350 1283 385 1328 au
400 1283 523 1328 servare
538 1263 649 1343 voluit,
682 1274 733 1328 aut
748 1264 928 1328 adulatorem
946 1263 1037 1330 foisse
1053 1283 1176 1328 neeesse
1196 1275 1253 1344 est,

98 1365 149 1450 qui
165 1365 270 1430 alienis
285 1366 464 1444 adhaeserit,
483 1377 533 1432 aot
547 1367 659 1450 gloriae
674 1367 820 1452 cupidum,
845 1367 893 1451 qui
910 1377 939 1430 ut
954 1367 1106 1432 eruditore
1121 1387 1156 1432 ea
1171 1387 1255 1452 prae-

97 1469 271 1537 stantiorem
290 1469 476 1549 ostenderet,
501 1488 570 1555 prae
590 1469 711 1548 alienis,
735 1490 810 1553 quae
831 1489 954 1534 seruare
972 1469 1155 1549 instituerat,
1188 1490 1256 1533 suo·

97 1592 164 1634 rum
182 1570 299 1636 minime
315 1571 461 1636 desiderio
479 1581 648 1652 teneretnr3
679 1593 719 1636 ex
734 1593 792 1664 quo
812 1593 900 1637 verus
916 1591 952 1636 ιι
968 1571 1102 1638 sineerm
1119 1591 1187 1638 esse
1205 1571 1255 1636 de-

97 1674 189 1738 sinet.
235 1669 295 1739 Sed
319 1695 413 1760 osque
437 1674 637 1740 moderatione
660 1675 748 1740 animi
770 1670 935 1760 pra'editus,
969 1674 1017 1760 qui
1040 1697 1105 1740 eum
1125 1685 1254 1740 areolam

96 1796 162 1840 rem
179 1775 286 1842 nudam
305 1777 448 1863 propriam
468 1776 593 1856 lubeat,
622 1778 716 1843 aliena
735 1777 916 1864 eoneopiseit
932 1788 963 1842 et
980 1776 1176 1842 intervertere
1193 1787 1256 1842 atn-

98 1880 165 1958 det,
190 1879 246 1944 hoe
262 1889 309 1944 est
324 1879 455 1957 animas,
486 1901 561 1966 quae
580 1879 651 1946 nihil
666 1880 700 1944 ad
716 1900 749 1945 se
766 1881 815 1944 vel
829 1891 979 1966 parentem
995 1901 1079 1946 auum
1095 1881 1253 1965 pertinent,

98 1992 203 2047 eontm
219 1983 265 2048 ius
282 1983 385 2066 fasque
399 1983 561 2048 vindieare.
608 1979 694 2066 Quod
710 1982 735 2048 si
751 1983 885 2070 propriae
901 1994 970 2048 aunt
985 1983 1049 2048 eius
1062 1983 1188 2064 animae,
1212 1994 1255 2048 at-

98 2105 156 2169 que
172 2105 190 2148 e
207 2085 290 2150 eoelo
306 2083 441 2170 delapsae
459 2085 614 2168 ridentur,
645 2105 830 2172 ooosequens
846 2097 893 2151 eat
909 2107 959 2151 eas
976 2107 991 2150 ι
1010 2105 1147 2172 supremo
1162 2085 1255 2150 hono·

98 2207 154 2272 que
172 2188 229 2251 deo
246 2187 368 2266 missas,
393 2199 423 2252 et
441 2190 470 2252 in
489 2188 595 2254 bonum
612 2189 748 2255 muudum
764 2188 944 2254 introduotus
960 2188 1062 2254 luisse.
1108 2187 1206 2274 Atque
1223 2199 1257 2254 ut

96 2289 205 2356 missas
228 2290 294 2354 illas
315 2292 351 2356 ad
374 2311 458 2356 usum
479 2291 604 2378 aliquem
628 2293 758 2372 taleme,
790 2311 875 2376 quem
895 2301 957 2356 tute
977 2290 1175 2370 conduxeris,
1207 2290 1256 2356 ott

98 2403 197 2458 autem
214 2392 367 2478 ingressae
384 2405 454 2460 sunt
468 2395 606 2460 aliorsum
624 2395 793 2472 deflexisse,
818 2405 898 2480 puta,
922 2405 955 2458 ut
969 2395 1047 2459 iuste
1061 2394 1167 2478 aliquid
1183 2413 1255 2478 age·

97 2505 166 2560 rent
184 2496 347 2574 immissas,
371 2495 493 2562 seeleria
510 2497 653 2583 quippiam
671 2506 873 2582 perpetrem,
897 2497 944 2580 qui
960 2517 1012 2562 eas
1026 2496 1167 2580 allegarit
1183 2495 1254 2560 nihil

98 2597 220 2664 omuino
241 2599 424 2684 praevidisse
447 2599 616 2676 videbatur,
645 2621 711 2664 eum
732 2598 852 2664 alten'us
871 2599 913 2663 rei
930 2599 1024 2684 gratia
1039 2597 1169 2677 miserit,
1200 2617 1253 2664 eae

96 2721 172 2766 vero
188 2702 337 2766 eontraria
355 2702 453 2768 omnia
471 2701 680 2786 praestiterint.
727 2697 782 2767 sin
801 2721 838 2766 eo
860 2701 1032 2788 onnlugias,
1064 2711 1097 2766 ut
1114 2701 1192 2766 illius
1209 2701 1255 2766 in-

96 2801 182 2869 iussu
198 2825 233 2868 ae
248 2804 374 2890 raptoris
389 2803 543 2890 ty'rannide
558 2815 675 2868 oeneus
691 2805 808 2870 venisse
824 2803 1012 2890 pronunties,
1036 2805 1119 2891 plane
1136 2815 1254 2870 oreatus

95 2906 147 2972 ille
171 2928 188 2972 a
206 2904 291 2972 Bono
311 2908 366 2972 deo
384 2905 483 2972 Malus
500 2907 610 2973 artilex
628 2904 713 2972 Boou
735 2907 799 2994 ipso
814 2908 871 2972 deo
891 2908 994 2974 tortior
1010 2908 1176 2974 censendus
1196 2918 1252 2989 est,

96 3010 147 3094 qui
167 3031 241 3095 quae
263 3011 298 3075 ad
317 3010 397 3074 illum
415 3008 599 3096 pertinebant
615 3009 759 3074 violenter
773 3021 872 3096 erepta
896 3011 931 3076 ad
950 3033 1021 3076 usus
1040 3032 1109 3076 suos
1126 3020 1254 3076 transtu·

94 3112 142 3176 lit.
190 3111 300 3176 Verum
319 3133 416 3176 nonne
440 3124 469 3176 te
492 3135 553 3177 vox
570 3113 632 3199 ipsa
650 3112 807 3178 salvatoris
824 3114 977 3178 evidenter
991 3113 1140 3198 coarguit:
1171 3117 1252 3176 Pote-

94 3226 197 3276 statem
213 3217 300 3278 huden
311 3219 437 3297 ponendi
450 3220 571 3278 unimam
587 3237 690 3290 ιιιιιι,
714 3227 742 3278 et
758 3219 887 3278 sumendi
898 3219 998 3278 illurn?
1026 3216 1108 3300 quasi
1124 3215 1250 3280 animum

94 3317 146 3380 ille
164 3318 338 3404 sumpserit,
363 3317 562 3404 seposuerit,
586 3319 739 3402 denuoque
758 3316 920 3402 receperit,
945 3328 976 3380 ut
994 3339 1051 3381 oon
1069 3318 1165 3382 aliena
1184 3338 1252 3382 esse

96 3419 194 3485 anima
212 3431 264 3484 aut
279 3420 362 3484 alteri
378 3421 476 3506 upisroi
492 3419 644 3484 tribuenda
658 3419 802 3484 videatur.
848 3415 920 3484 lllud
936 3419 1023 3484 etiam
1038 3419 1181 3504 sequitur,
1200 3420 1251 3484 bo-

95 3543 166 3588 num
180 3521 250 3587 illud
266 3523 401 3588 habuisse
415 3544 533 3608 eorpus.
567 3520 675 3606 Neque
690 3521 766 3586 euim
782 3521 952 3606 persuaderi
968 3522 1046 3586 bono
1059 3521 1183 3608 enipiaur
1200 3544 1251 3608 po

95 3635 173 3704 test,
206 3625 314 3688 malurn
337 3635 368 3688 ut
386 3647 458 3710 opos
480 3627 516 3689 od
535 3623 785 3701 usumadlaibeat,
818 3625 937 3688 nedum
955 3625 1021 3690 mali
1043 3625 1249 3711 litpartioeps,

95 3727 293 3813 improbitatis
310 3749 346 3792 ae
361 3727 507 3812 nequitiae
522 3726 696 3812 contagione
713 3727 867 3812 polluatur.
908 3724 970 3794 lam
985 3747 1069 3806 vero,
1090 3728 1115 3792 si
1128 3729 1252 3814 ipsemet

95 3851 205 3917 eorpus
222 3831 364 3896 excitarit
379 3851 481 3910 suum,
514 3831 586 3896 aedo
604 3828 670 3916 quid
687 3851 724 3896 eo
740 3840 807 3916 post
824 3829 1071 3896 resurrectionem
1088 3832 1184 3896 faeere
1200 3833 1250 3895 de-

95 3935 253 4000 creverat?
281 3944 331 3996 aut
350 3955 403 3998 eur
424 3934 530 3998 iterum
553 3933 621 3998 illud
646 3932 778 4018 reliquit,
811 3943 896 4018 atque
916 3934 945 3997 iu
965 3945 1090 4018 quatuor
1107 3932 1251 3998 elementa

95 4037 299 4122 pertimeat,
323 4037 397 4102 adeo
412 4047 443 4100 ut
456 4036 579 4102 ualidum
595 4035 706 4113 ualido,
732 4035 836 4121 frigido
854 4036 1007 4120 trigidum,
1032 4037 1112 4100 siooo
1126 4035 1248 4114 sieeum,

95 4137 245 4202 humidum
262 4139 379 4202 humido
394 4139 584 4204 restitueret?
626 4137 744 4204 Nomai
764 4137 832 4202 illud
850 4137 999 4204 exeitabat
1016 4138 1082 4202 ideo
1098 4147 1129 4200 ut
1144 4137 1249 4205 iterun

96 4239 292 4321 dissolveret,
323 4261 375 4326 per
391 4241 488 4306 ludum
507 4241 561 4306 hoo
577 4241 703 4320 lesisse,
727 4262 784 4306 nou
803 4241 882 4306 serio
898 4263 932 4307 ao
947 4240 1023 4306 laona
1040 4240 1114 4317 lide,
1139 4238 1250 4304 ridebi-

96 4353 157 4406 tur.
203 4341 365 4408 Enimrero
386 4343 519 4410 domiuus
538 4341 623 4409 lesus
642 4339 779 4410 Christus
796 4342 920 4429 idipsum
941 4343 1100 4422 excitarit,
1131 4363 1248 4427 eorpus,

96 4445 227 4530 inquam,
251 4447 358 4532 ipsum,
382 4446 456 4532 quud
473 4448 614 4512 formarat
627 4445 682 4510 silai
698 4467 754 4511 una
770 4467 834 4511 enm
852 4447 947 4511 anima
965 4445 1130 4531 ueterisque
1146 4443 1249 4530 quibua
