3106 4990
370 354 505 408 annnam
522 355 584 408 mn.
597 357 616 408 r.
633 348 714 410 rom.
728 357 772 408 m.
790 353 888 408 naun.
899 353 958 408 xu.
1177 343 1238 408 537

87 473 271 560 dogmatibus
286 485 367 540 esset
382 474 526 556 imbutus,
558 477 644 542 talem
664 487 774 562 postem
790 475 871 540 uelut
886 475 1047 560 exquisitas
1063 496 1176 542 merces
1192 497 1239 540 se·

87 597 154 642 oum
173 578 202 640 in
223 576 344 662 patriam
365 579 494 644 revexit.
540 577 614 644 Erat
632 579 721 658 haec,
754 590 784 642 ut
805 577 947 656 diximus,
978 579 1121 642 Armenia
1139 577 1240 644 Minor

84 680 118 743 in
132 679 229 744 vicina
245 677 364 745 Sutalae
381 681 513 766 regione.
559 681 627 766 Quo
645 703 708 746 cnm
726 692 806 746 esset
822 702 971 761 reversus,
996 682 1170 766 contagione
1186 703 1240 748 sua

85 801 173 868 quam
196 782 335 867 plurimos
358 782 415 846 illic
437 785 549 848 iniecit.
594 784 671 850 Nam
694 804 727 849 se
751 785 779 848 in
804 783 980 870 locupletum
1001 783 1181 868 quorundam
1204 806 1239 849 nc

83 884 229 949 senatorii
246 885 356 950 ordinis
373 886 516 966 feminae,
546 887 726 972 aliorumque
746 885 965 972 primariorum,
997 885 1153 950 amicitiam
1169 886 1239 950 insi·

81 1009 182 1052 nuans
197 1007 249 1073 per
265 1008 317 1052 eos
334 997 432 1074 utpute
449 990 594 1076 principes
612 991 690 1053 viros
707 989 827 1054 inlicitis
845 988 1008 1053 hominihus
1023 988 1145 1052 exitium
1164 998 1238 1052 attu-

73 1090 132 1174 lit.
178 1087 237 1154 Sed
258 1109 325 1154 erum
345 1091 477 1180 dominus
497 1092 634 1156 celeriter
651 1111 667 1155 e
686 1090 781 1155 medio
798 1091 933 1170 sustulit,
966 1113 1031 1156 eum
1049 1091 1105 1154 iam
1121 1091 1238 1156 zizanio

81 1213 142 1258 sua
163 1192 332 1277 sparsisset.

171 1291 312 1360 Ceterum
335 1296 382 1360 isti
402 1296 584 1382 apocryphos
604 1296 745 1381 quosdam
769 1295 858 1360 libros
881 1297 1040 1361 linxerunt.
1085 1294 1112 1360 E
1134 1297 1366 1381 quibuscsp.1t.

82 1397 146 1462 duo
168 1409 237 1462 sunt
252 1395 452 1484 Symphoniae
473 1397 607 1478 nomine,
638 1397 736 1462 Maior
753 1399 889 1462 videlicet
907 1421 941 1462 ae
958 1396 1068 1463 Minor.
1115 1396 1240 1464 Praeter

80 1521 160 1586 quos
174 1501 329 1564 nonnullos
344 1501 417 1564 alios
435 1501 471 1563 iis
487 1501 591 1585 quibus
605 1523 669 1566 eum
686 1511 775 1586 agunt
788 1522 962 1585 percensere
978 1500 1085 1580 solent,
1107 1511 1140 1566 ut
1156 1521 1238 1564 erro-

80 1624 149 1667 rem
164 1624 248 1666 suum
265 1601 362 1666 multis
378 1601 600 1668 auetoritatibus
615 1605 757 1668 affirmare
775 1626 809 1667 ae
827 1604 950 1688 probare
968 1604 1133 1668 videantur.
1178 1601 1238 1666 lla·

80 1707 158 1770 hent
173 1717 201 1768 et
218 1726 292 1788 quos
306 1699 502 1789 Ἀλλογενεῖς,
525 1706 579 1770 hare
596 1716 642 1770 est
660 1710 855 1788 Ab'ealgenua,
882 1717 998 1786 uocant,
1022 1708 1066 1772 sie
1082 1706 1238 1792 inscriptos

80 1807 211 1873 libellos.
258 1803 330 1872 item
350 1827 389 1872 ex
407 1809 570 1873 Anabalieo
587 1807 712 1888 Esaiae,
738 1820 767 1874 et
783 1810 810 1872 id
826 1830 920 1893 genus
936 1809 1127 1896 apocryphis,
1151 1831 1238 1894 argu·

80 1919 184 1974 menta
205 1910 387 1996 depromunt.
434 1907 493 1974 Sed
512 1931 547 1975 eo
565 1911 639 1976 lihro
658 1912 703 1976 eui
724 1908 923 1997 Symphoniae
942 1932 1046 1976 nomen
1066 1922 1112 1975 est
1129 1910 1168 1976 cti
1187 1933 1238 1997 po·

80 2014 227 2078 tissimum
247 2012 360 2092 sotem,
392 2015 422 2076 in
445 2035 501 2098 quo
519 2014 664 2080 coelestes
683 2014 770 2078 orbes
794 2025 861 2078 octo
882 2014 929 2078 vel
948 2023 1059 2098 septem
1082 2034 1148 2078 esse
1168 2014 1238 2078 deh-

82 2118 180 2180 niunt.
227 2113 339 2180 ilerum
362 2115 390 2180 in
414 2116 538 2200 singolis
560 2117 691 2182 residere
709 2114 879 2201 Principes,
912 2117 952 2180 ita
975 2126 1005 2179 ut
1027 2136 1079 2201 per
1100 2127 1239 2202 septenos

82 2217 175 2282 orbes
194 2217 339 2282 distributi
362 2217 421 2284 sint
439 2230 526 2303 atque
544 2239 620 2283 unus
642 2218 671 2281 in
690 2219 818 2304 quolibet
837 2216 979 2303 Princeps
998 2217 1117 2283 existat.
1163 2215 1238 2284 Cer·
1289 2261 1295 2274 .

83 2332 130 2386 tos
156 2341 245 2406 porro
268 2321 423 2406 unicuique
446 2318 573 2406 Prinuipi
597 2322 715 2386 ordines
738 2342 805 2385 esse
828 2321 1001 2406 descriptus.
1047 2319 1142 2408 Supra
1165 2342 1238 2405 quus

83 2443 189 2488 omnes
209 2433 313 2487 octavo
337 2424 367 2488 in
391 2421 473 2488 coelo
492 2422 614 2488 lucidam
632 2421 760 2488 Matrem
785 2434 947 2488 ceterarum
968 2424 1128 2489 haereseon
1155 2444 1242 2492 more.

83 2525 277 2590 constituunt.
330 2521 389 2590 Setl
413 2547 513 2590 eorum
538 2526 624 2610 aliqui
651 2526 825 2590 foedissimis
848 2524 1013 2590 lihidinibus
1037 2549 1160 2614 corpora
1183 2548 1237 2592 sna

83 2629 295 2692 contaminant.
339 2627 398 2692 Alii
412 2627 520 2692 ieiunia
535 2628 704 2693 simulantes
720 2628 924 2693 monachorum
941 2631 1039 2715 speeie
1055 2630 1238 2716 simpliciori-

84 2731 138 2796 bus
162 2730 304 2808 illuduut,
337 2751 372 2794 ao
395 2750 427 2794 se
449 2731 590 2794 bonorum
614 2731 741 2795 omnium
764 2729 948 2797 abdicatione
968 2733 1132 2798 venditant.
1178 2729 1238 2796 lam

85 2855 156 2896 vero
176 2833 207 2896 iu
225 2853 418 2918 unoquoque,
449 2844 480 2898 ut
498 2833 603 2896 dictum
623 2844 686 2912 est,
718 2833 801 2898 coelo
819 2831 984 2922 Principem
1007 2846 1038 2899 et
1057 2833 1237 2900 Potestatem

86 2957 150 3002 cum
172 2936 285 3020 augelis
304 2936 414 3021 aliquot
432 2935 646 3021 apparitoribus
666 2935 821 3000 collocant.
868 2935 1036 3021 Quamlibet
1055 2938 1132 3002 enirn
1152 2936 1238 3002 Prin·

86 3039 179 3123 cipem
203 3059 273 3104 snos
295 3038 350 3102 sibi
372 3037 509 3122 genuisse
532 3059 565 3100 ac
589 3059 761 3123 procreasse
782 3039 934 3104 satellites.
981 3035 1107 3104 Carnem
1131 3051 1240 3124 negant

87 3159 256 3226 resurgere,
279 3140 365 3225 idque
378 3141 433 3204 soli
447 3140 561 3204 animae
575 3139 716 3204 tribuunt.
759 3139 939 3227 Baptismum
956 3143 1110 3222 damuante
1134 3151 1238 3204 tamet-

87 3243 110 3306 si
127 3242 208 3308 inter
223 3261 275 3306 eos
291 3241 367 3322 sint,
400 3242 447 3328 qui
466 3241 616 3328 Baptismo
635 3253 722 3307 aratea
740 3243 844 3308 initiati
863 3244 981 3308 luerint.
1027 3241 1237 3329 Mysteriorum

88 3344 319 3410 communionem
338 3367 372 3409 ac
389 3335 546 3410 bonitatem
565 3345 717 3430 repudiant
734 3354 866 3429 tanquam
886 3345 1009 3409 alienam
1028 3356 1058 3408 et
1073 3345 1103 3410 in
1121 3345 1238 3408 nornine

89 3444 218 3513 Sabaoth
233 3457 389 3533 repertam.
430 3446 516 3514 llunc
533 3447 622 3526 enim,
641 3458 673 3511 ut
688 3457 717 3511 et
732 3447 806 3511 aliae
822 3449 962 3532 quaedam
979 3447 1130 3526 haereses,
1148 3447 1238 3532 septi·

89 3571 133 3614 no
151 3551 181 3614 iu
201 3547 273 3613 orbe
291 3551 421 3628 nemori,
452 3572 487 3614 ac
503 3550 685 3638 tyrannidem
702 3570 863 3629 exercere,
894 3549 1077 3635 praedicant,
1109 3560 1239 3614 eeteros·

89 3673 139 3734 que
161 3652 310 3716 violenter
331 3654 507 3740 opprimere.
553 3650 770 3738 Principatuum
794 3650 1034 3736 Potestatumque
1058 3652 1153 3717 eibum
1176 3654 1239 3718 ani·

90 3776 160 3820 mam
174 3755 334 3842 appellant,
358 3755 422 3821 sine
440 3777 495 3841 qua
513 3757 615 3822 virere
631 3755 696 3820 illos
712 3776 768 3818 non
785 3775 884 3842 posse,
908 3755 983 3840 quod
1002 3775 1019 3817 a
1036 3756 1156 3820 coelesti
1170 3778 1239 3820 rore

92 3867 241 3940 procreata
259 3867 377 3941 vegetet
392 3859 458 3924 illos
477 3879 511 3924 ae
529 3860 638 3922 levent.
684 3856 768 3942 Quae
785 3881 849 3922 cum
868 3858 902 3922 ad
921 3857 1117 3941 cognitionem
1136 3881 1239 3946 perve-

93 3961 178 4041 nerit,
201 3981 237 4024 ae
255 3960 427 4046 baptismum
448 3961 591 4025 ecelesiae
614 3981 777 4046 numenque
799 3957 948 4040 Sabaoth,
972 3961 1019 4046 qui
1042 3973 1145 4026 auctor
1163 3963 1237 4046 legis

93 4072 151 4141 est,
185 4063 343 4146 effugerit,
378 4065 413 4126 ad
441 4063 571 4148 singulos
597 4064 716 4128 evolare
739 4063 884 4128 coelestes
909 4064 1016 4142 orbes,
1049 4083 1138 4148 seque
1163 4065 1235 4149 apud

95 4251 215 4304 Curmrlm
224 4255 307 4303 cetu:
317 4279 350 4290 -
365 4251 431 4320 apud
441 4269 468 4302 se
479 4251 641 4314 accumulant,
710 4253 734 4303 5.
751 4247 813 4306 elcut
825 4256 909 4316 scripsi
921 4267 950 4304 ce
965 4255 1072 4303 domarit
1086 4256 1154 4314 alpurc
1169 4254 1238 4302 Pelu-

40 4343 42 4362 ι
95 4333 138 4384 qno
150 4319 175 4370 iu
190 4317 362 4386 congressibus
374 4319 502 4371 videantur
514 4337 584 4370 suum
599 4337 641 4371 er·
674 4324 709 4372 vii
717 4323 881 4371 emendatione.
900 4323 964 4370 Libri
974 4323 1035 4371 enlm
1045 4321 1128 4369 hubent
1137 4317 1237 4373 sidicat.

95 4401 168 4438 mrem
181 4405 227 4456 per
240 4387 332 4439 multos
345 4387 489 4440 confirmare
507 4397 533 4440 et
546 4388 571 4440 iu
587 4406 641 4440 me·
710 4385 734 4442 6.
752 4387 920 4457 septupium
932 4391 983 4440 eod.
995 4389 1068 4438 Votis.
1093 4386 1237 4456 κιχοαμμί-

96 4451 155 4506 dium
171 4455 269 4508 afferre·
678 4473 726 4510 uma
742 4459 813 4520 culpo
828 4461 948 4520 reperitur.

96 4518 267 4656 wilhemus
280 4527 389 4590 mmlpal
400 4539 445 4590 pro
458 4520 569 4600 adpetit,
582 4527 646 4596 pund
714 4523 738 4578 7.
754 4521 844 4580 ταυτόν
861 4527 897 4576 ert
910 4527 985 4588 prino.
