3112 4984
351 353 485 404 romanu
503 351 566 404 tte.
581 355 600 407 i.
617 353 699 406 ΤΟΜ.
710 355 742 406 li.
759 355 858 406 flatu.
869 357 967 408 xxvt.
1171 349 1231 411 195

79 475 296 546 lunationem,
321 478 388 553 quia
404 480 525 554 prensam
541 477 628 554 fidem
645 479 756 536 ibreium
772 477 925 558 secarunt:
948 477 1056 538 nubunt
1071 483 1178 558 egitur,
1203 493 1232 542 et

75 577 153 654 filo'as
163 587 333 654 procreent,
358 587 462 636 matres
475 579 607 659 familias
621 589 715 638 moto.
762 573 837 641 Cum
855 598 927 661 ergo
944 599 1101 663 procreare
1119 581 1229 646 liberos

81 696 112 738 ao
132 676 259 738 familiae
277 696 417 760 praeesse
441 677 540 740 iubeat
554 680 723 762 apostolos,
753 677 803 741 isti
823 699 895 742 vero
913 700 930 741 a
947 681 1134 766 susceptione
1157 684 1229 747 libe·

80 797 176 840 rorum
193 777 389 854 abhorreant,
414 778 499 864 plane
518 779 573 842 boe
589 799 608 842 a
622 791 768 846 venenato
785 793 924 865 serpente
940 784 1125 867 pessimaque
1142 786 1230 850 disci·

79 879 152 964 plina
170 881 283 943 [acinos
303 881 465 965 proiectum
482 891 540 944 est.
585 879 663 946 Dum
683 883 759 946 enim
777 881 926 946 libidinum
946 904 1066 948 suarum
1086 886 1228 973 voluptati

79 981 279 1057 succumbunt,
298 993 394 1046 certas
409 982 464 1046 sibi
481 984 739 1069 perpetrandorum
755 983 928 1067 flagitiorum
943 987 1115 1053 occasiones
1130 1011 1229 1056 orces-

77 1093 160 1162 sont,
186 1105 244 1167 quo
260 1085 421 1147 effrenatae
445 1105 515 1148 suae
533 1084 681 1168 cupiditati
697 1105 731 1148 ae
751 1084 885 1149 luxuriae
902 1085 1099 1152 satisfaciant.
1146 1089 1227 1156 Saue

76 1185 120 1248 itta
137 1185 237 1248 omnia
261 1187 538 1250 recommemorent
561 1187 675 1270 quidem
700 1185 870 1270 oportebat,
903 1209 998 1272 neque
1017 1191 1104 1254 ullam
1125 1213 1225 1256 eorum

75 1287 238 1372 inscriptis
254 1297 359 1352 extare
381 1289 562 1366 memoriam,
587 1289 638 1352 sed
656 1299 792 1371 tauquam
808 1289 915 1351 mortui
931 1291 1059 1354 cadaver
1074 1293 1173 1358 locuti
1191 1317 1226 1358 ac

75 1389 203 1473 pestiferi
231 1389 380 1452 cuiusdam
404 1391 518 1452 afflatus
541 1389 569 1451 in
594 1391 758 1475 sepulcrum
780 1389 884 1468 obiici,
913 1394 951 1454 u'e
976 1393 1023 1454 vel
1040 1393 1138 1457 auditu
1160 1397 1225 1480 ipso

74 1490 236 1554 mortalium
254 1490 357 1575 generi
375 1491 534 1574 perniciem
552 1491 682 1554 afferret.
722 1489 764 1554 Et
780 1491 894 1574 quidem
914 1493 941 1554 si
957 1514 993 1556 ea
1008 1494 1124 1578 penitus
1140 1519 1224 1582 prae·

73 1593 190 1656 turisset
206 1593 352 1671 haeresis,
370 1613 465 1676 oeque
480 1595 511 1656 io
526 1593 633 1656 muodo
646 1604 816 1678 superesset
829 1593 963 1678 amplius,
982 1597 1102 1680 sepeliri
1116 1620 1224 1684 operae

74 1693 194 1776 pretium
211 1704 293 1771 erat,
318 1713 413 1778 neque
435 1694 521 1757 ullam
538 1694 602 1758 eius
621 1694 798 1757 mentionem
816 1695 890 1759 lieri.
933 1695 1022 1761 Nunc
1042 1720 1108 1763 cum
1131 1713 1159 1764 et
1175 1723 1224 1766 re·

75 1815 141 1860 sera
156 1795 246 1860 bodie
263 1796 313 1874 sit,
337 1807 367 1860 et
384 1797 469 1859 iactis
485 1795 556 1881 ipsis
571 1797 771 1881 exprimatur,
795 1817 900 1880 meque
916 1819 971 1862 vos
989 1811 1021 1864 ut
1037 1802 1073 1864 de
1089 1803 1222 1868 omuibus

72 1896 196 1960 dicerem
216 1883 324 1961 odenati
341 1899 467 1974 fueritis,
491 1896 587 1982 aliqua
605 1897 682 1960 illam
700 1919 738 1960 ex
754 1908 837 1982 parte
855 1910 975 1962 coaetus
993 1922 1010 1964 a
1026 1902 1111 1968 vobis
1125 1905 1219 1990 attigi,

73 2011 290 2082 desusceptum
310 1999 443 2062 veritatis
465 2001 590 2063 studium
610 2001 857 2084 praetermittam,
888 2003 939 2064 sed
960 2001 987 2064 id
1006 2025 1092 2068 omne
1114 2007 1217 2089 partim

72 2103 103 2164 ad
122 2103 240 2186 eosqui
259 2101 403 2164 audierint
420 2101 628 2179 deterrendos,
659 2099 764 2186 partim
788 2103 823 2164 ad
845 2121 897 2165 eos
914 2104 963 2186 qui
980 2103 1036 2167 ista
1051 2119 1221 2192 perpetrant

72 2205 176 2286 pudore
195 2204 364 2267 afficiendos
380 2223 537 2288 exponam.
569 2201 654 2284 Qtrae
669 2202 751 2266 euim
763 2205 903 2287 probandi
919 2206 995 2268 ratio
1011 2219 1069 2285 est,
1089 2229 1144 2290 qua
1160 2231 1219 2273 aon

71 2303 95 2367 id
112 2309 228 2369 efficere
249 2305 393 2390 possimos
416 2303 569 2390 parricidia
593 2304 643 2368 illa
667 2305 862 2388 immaniaque
879 2327 953 2388 quae
976 2307 1012 2369 ab
1033 2309 1070 2371 iis
1086 2303 1219 2373 commit·

72 2417 166 2471 tactor
183 2407 317 2485 seelera,
341 2407 467 2490 malique
485 2407 634 2470 daemonis
652 2406 726 2469 ritus
742 2427 777 2469 ue
796 2407 997 2486 ceremonias,
1022 2408 1153 2474 eiusdem
1174 2412 1219 2475 iu·

71 2511 173 2573 mnata
197 2508 350 2572 doemonis
373 2509 492 2571 furiosis
514 2508 571 2572 illis
594 2530 629 2570 ac
653 2506 828 2571 vecordibus
851 2509 1010 2572 constituta
1031 2511 1146 2576 totsset

141 2611 234 2695 Atqui
251 2609 374 2695 primum
390 2609 459 2674 illud
474 2610 571 2673 statim
589 2610 664 2692 quod
678 2610 733 2672 sibi
750 2609 873 2692 fingant,
889 2620 975 2694 atque
991 2632 1008 2674 e
1025 2613 1122 2696 priore
1132 2611 1217 2678 Psol·
1235 2625 1297 2695 Gap.
1312 2630 1370 2682 xv.

71 2733 113 2775 mo
135 2716 172 2777 de
195 2713 304 2776 orbare
328 2721 584 2774 commemoratum
609 2712 777 2795 proferunt,
809 2710 888 2774 uullo
913 2713 1032 2796 negotio
1056 2715 1216 2780 refellitote

72 2819 285 2899 (luodfiuetum
301 2816 476 2876 cicumdedit
496 2819 525 2875 ia
548 2825 669 2894 tempore
684 2833 751 2886 suo,
783 2823 813 2873 et
824 2815 926 2894 stabam
946 2819 1006 2878 eu‘us
1024 2839 1080 2880 noa
1099 2821 1212 2901 defluet.
1229 2837 1368 2894 tutata

71 2913 155 2980 Paulo
176 2917 340 2980 enimenta
359 2916 498 3000 scriptum
516 2927 578 2993 est,
606 2919 647 2978 Iit
660 2920 689 2976 ia
706 2917 768 2994 lege
784 2919 844 2976 eius
861 2919 1042 2978 meditabitur
1056 2924 1101 2981 dele
1116 2943 1151 2982 ac
1167 2945 1216 2984 ao-

71 3031 117 3080 ete.
162 3020 207 3084 At
223 3019 272 3081 isti
291 3019 384 3102 legem
409 3019 518 3102 pariter
537 3037 571 3080 oo
592 3019 748 3103 propbetas
770 3016 936 3102 repudiant.
982 3018 1076 3101 Quam
1100 3023 1216 3105 quidem

70 3121 156 3204 legem
176 3120 203 3183 si
222 3130 379 3202 respuunt,
404 3140 469 3182 cum
489 3118 542 3183 hac
557 3119 636 3182 illum
656 3140 770 3203 quoque
789 3119 1014 3199 calumniantur,
1039 3123 1086 3206 qui
1104 3125 1134 3186 in
1150 3125 1215 3207 lege

72 3221 179 3286 locutos
196 3233 254 3285 est.
288 3219 399 3284 Verum
417 3234 447 3283 et
464 3221 518 3284 bac
534 3219 672 3305 opinione
689 3243 743 3284 sua
762 3222 910 3302 falluntur,
935 3233 964 3283 et
978 3242 995 3284 a
1010 3223 1135 3286 veritate
1150 3225 1214 3287 loa·

70 3327 127 3404 gius
142 3325 295 3388 aberrant.
338 3320 445 3406 Neque
461 3323 551 3386 ullum
568 3343 641 3387 vero
657 3323 794 3388 iudicium
811 3325 892 3401 loro,
918 3343 1011 3406 neque
1026 3334 1158 3388 mortuos
1176 3325 1213 3388 ad

69 3425 151 3488 utam
169 3426 344 3490 excitandos
365 3445 433 3487 esse
455 3424 660 3508 pronunciant.
707 3423 792 3506 Quae
815 3445 902 3508 porro
923 3424 953 3488 in
978 3424 1154 3510 voluptatem
1178 3447 1212 3488 ae

66 3525 208 3592 tudetem
222 3526 308 3590 ebusi
327 3535 442 3589 suamet
458 3525 488 3590 iu
505 3545 629 3610 corpora
649 3527 843 3604 committunt,
861 3547 961 3592 eorum
979 3528 1101 3589 fructum
1119 3527 1212 3608 peroi-

66 3629 156 3712 pioat,
186 3629 257 3692 dum
282 3650 299 3690 a
321 3628 463 3692 daemone
481 3627 630 3691 libidinum
651 3628 797 3692 illecebris
819 3647 854 3689 ac
877 3627 1064 3712 stupiditatem
1088 3627 1213 3693 stimulis

65 3730 224 3813 agitantum
250 3730 490 3812 quemadmodum
507 3729 569 3814 ipsa
588 3729 720 3795 veritatis
737 3729 871 3793 oratione
887 3740 1028 3815 perpetuo
1043 3740 1130 3814 etque
1149 3731 1212 3796 ubi·

62 3853 112 3914 qoe
129 3834 359 3915 redarguuntur.
404 3829 456 3897 Sic
474 3832 550 3894 euim
565 3832 643 3895 iuter
660 3831 735 3894 alios
750 3828 897 3895 lebannes
916 3832 1060 3915 loquitors
1092 3837 1129 3894 Ss'
1142 3840 1206 3916 qais
1218 3837 1350 3882 ²·1⁰·¹²⁸¹·²·

63 3939 132 3995 eem‘t
144 3939 184 3996 ad
201 3957 262 4008 uos,
286 3947 315 3996 et
328 3957 383 3996 noa
400 3935 490 4018 affert
502 3937 756 3996 danedoctra'aum.
803 3931 987 4014 Quamnam?
1009 3933 1112 4018 inquit.
1138 3941 1214 4016 (luae
1234 3920 1345 4027 ffl'ffi

60 4039 163 4098 seile'cct
179 4041 324 4098 emeram
347 4058 410 4098 euno
429 4057 515 4098 corsae
533 4041 640 4098 neumae
654 4059 709 4098 non
732 4038 901 4116 coafitetur:
932 4041 1130 4100 Antichristus
1146 4051 1205 4101 est:

60 4149 85 4194 et
99 4161 174 4200 uuae
187 4141 368 4200 Aatz‘eltrr'ste'
386 4141 469 4198 mults·
478 4142 656 4218 medemnas.
698 4135 791 4218 Quasi
810 4137 857 4220 qui
876 4133 1025 4202 Christum
1040 4161 1105 4204 oum
1121 4159 1208 4202 carue

59 4239 172 4304 senisse
201 4250 312 4322 negent
331 4239 389 4302 siat
407 4238 594 4302 Antichristi.
641 4236 808 4321 Quinetiam
835 4239 890 4302 hoc
913 4239 950 4302 ab
972 4240 1036 4324 ipso
1060 4242 1208 4304 salvatore

59 4341 242 4406 dictumest:
276 4345 334 4420 Qui
347 4346 375 4402 ia
390 4363 508 4422 regnum
526 4345 665 4402 coelorum
680 4344 891 4415 admississent,
915 4364 1003 4422 neque
1016 4347 1122 4403 ducunt
1136 4363 1207 4402 uae·
1232 4326 1320 4440 ἔξιθ’·

56 4464 99 4504 res
111 4469 203 4526 nepae
215 4445 336 4516 nubunt,
354 4447 405 4504 sed
418 4447 528 4522 angele's
542 4446 672 4523 aequales
689 4453 764 4503 sunt.
797 4439 903 4526 Neque
919 4443 988 4506 illud
1006 4453 1130 4520 tautom3
1155 4442 1207 4506 sed

3 4529 5 4606 i
56 4555 83 4606 ot
101 4547 226 4632 insuper
249 4543 434 4608 manifestam
457 4544 676 4628 absolutamque
694 4544 895 4608 castimoniam
915 4566 949 4607 ac
970 4544 1208 4622 sanctitudinem,

55 4667 106 4728 qua
125 4661 157 4713 et
178 4656 318 4712 caeteros
341 4655 461 4709 sanctos
477 4645 636 4725 efficiebat,
656 4646 848 4755 petendum,
880 4643 1067 4796 sieilglqriam
1090 4643 1210 4730 alloqui-
