3072 4986
356 341 403 392 nn
421 341 734 396 erssronntuacann
750 343 795 396 su
811 344 922 398 esunt.
1177 339 1214 399 17

69 465 114 548 pai
129 484 187 528 non
202 461 364 548 perfectam
381 455 492 530 Christi
506 460 736 526 incarnationem
755 463 941 544 cantitentur,
961 465 1009 550 qui
1025 465 1112 532 etiam
1122 469 1216 554 Apol-

69 566 202 629 liaaritae
224 563 431 639 nominantur,
463 573 522 626 tam
546 561 594 648 qui
618 575 749 627 sanctam
767 561 895 630 Mariam
918 587 1034 654 semper
1055 568 1213 654 virginem,

68 679 216 753 postquam
231 665 410 729 salvatorem
427 665 544 748 genuit,
568 685 632 728 cunr
656 662 781 752 losepbo
798 667 987 733 consuevisse
1005 670 1116 750 dicunt,
1140 691 1214 756 qnos

68 767 379 833 Antilieomarianitas
405 765 607 845 nominamus,
638 779 667 830 et
691 769 738 853 qui
762 767 792 831 in
816 789 922 832 nomen
943 771 1071 836 einstlenr
1095 769 1213 838 Mariae

68 873 224 956 collyridas
245 869 393 944 ollerunt,
423 867 473 952 qui
496 879 641 932 vocantur
658 865 867 955 Collyridiaui,
890 867 1081 954 Massaliani,
1110 876 1215 960 quibua

69 974 204 1036 adiuncta
221 981 371 1056 postremo
387 981 434 1034 cst
451 969 612 1033 catholicae
634 970 699 1034 fidei
723 991 758 1036 ac
779 972 913 1036 veritatis
932 977 1147 1060 compendiaria
1164 978 1214 1043 te-

67 1075 170 1138 lensio.
219 1071 254 1136 ln
271 1093 326 1156 quo
343 1082 463 1150 macta,
488 1071 630 1136 catholiea
645 1084 675 1137 et
694 1073 854 1159 apostolica
872 1073 996 1140 ecelesia
1013 1077 1158 1143 consistit.

145 1173 303 1240 Eiusmodi
326 1184 374 1236 est
396 1194 507 1238 summa
530 1173 808 1259 comprehensione
837 1176 927 1240 totius
950 1179 1048 1262 operis
1071 1180 1213 1246 adversus

67 1280 215 1361 octoginta
230 1277 370 1340 haereses
388 1275 557 1360 inscriptio,
582 1295 647 1340 oum
664 1277 751 1342 unica
765 1297 801 1341 sc
816 1277 957 1362 singulari
973 1280 1142 1346 deleusiane
1161 1303 1214 1346 ve·

66 1381 173 1458 nitatis,
200 1379 257 1443 bon
271 1387 318 1442 est
333 1377 418 1441 unius
437 1379 581 1442 ecclesiae
598 1387 684 1462 atquo
701 1378 872 1443 catbolicae.
919 1377 1004 1464 Quotl
1022 1403 1095 1468 opus
1116 1383 1213 1447 distri·

67 1483 158 1546 butam
176 1482 210 1546 in
225 1491 326 1565 partes
345 1490 406 1543 tres
422 1489 516 1543 tomos
538 1490 651 1565 septem
672 1481 884 1565 complectitur.

67 1741 151 1816 Nunc
175 1741 276 1814 aliam
298 1738 450 1836 deinceps
473 1739 554 1811 lomi
571 1737 591 1812 1
612 1739 690 1813 libri
707 1738 726 1813 1
746 1763 912 1814 summum
926 1765 962 1814 ac
984 1741 1214 1839 compendium

81 1862 308 1952 instituemus,
319 1882 383 1954 quo
395 1859 525 1953 quidem
534 1858 570 1932 in
579 1857 664 1934 libro
674 1857 792 1956 uiginti
803 1859 957 1934 haereses
968 1860 1188 1936 continentur.

144 2011 294 2098 lmprimis
309 2010 386 2096 enim
403 2009 565 2072 haereseon
582 2009 708 2072 omnium
728 2019 837 2074 matres
853 2031 888 2074 ac
906 2010 1061 2096 primariae
1084 2013 1210 2098 appella·

67 2115 166 2194 banea,
194 2112 332 2198 aquibus
346 2120 483 2174 caeterae
499 2110 699 2188 dimanarunt,
722 2121 790 2174 sunt
812 2112 953 2177 eiusmodi
964 2139 972 2178 r

142 2215 170 2282 l.
202 2212 321 2279 Primus
337 2223 382 2276 est
396 2210 618 2292 Barbarismns,
643 2213 692 2297 qni
709 2213 901 2299 perseipsum
922 2215 958 2278 ab
974 2214 1089 2279 Alamo
1110 2216 1145 2278 atl
1159 2217 1209 2282 de-

65 2339 119 2382 aem
141 2316 356 2403 generationes
380 2325 410 2377 et
428 2311 536 2378 Notlmi
561 2323 692 2399 tempora
715 2316 928 2400 perseverarit.
973 2314 1031 2400 Qui
1054 2315 1209 2381 Barbanis-

64 2443 121 2484 ιιι
136 2429 297 2507 propterea
315 2416 423 2479 dicitur
438 2415 722 2499 quotlyetnstissimi
744 2416 785 2480 ttti
801 2418 964 2482 mortalium
985 2437 1079 2504 neque
1097 2431 1208 2482 certam

65 2523 183 2608 abqnem
205 2531 356 2586 auctorem
375 2517 535 2596 habebant,
560 2539 614 2580 nec
630 2517 708 2581 inter
730 2539 763 2582 se
785 2519 1025 2599 consentiebant,
1048 2521 1100 2584 sed
1117 2541 1209 2586 unns·

64 2627 182 2710 pnisqne
202 2645 255 2708 pro
272 2642 325 2686 aaa
343 2619 493 2683 voluntate
507 2619 594 2683 sitam
610 2619 797 2700 instituebat,
821 2638 856 2686 ac
875 2643 927 2707 pro
944 2622 1013 2706 lege
1029 2643 1113 2686 sunm
1128 2624 1207 2709 qnis-

62 2747 110 2809 pne
130 2735 237 2790 nutum
258 2733 344 2808 atque
364 2720 514 2784 arbitrium
535 2719 590 2785 sibi
613 2722 802 2808 proponebat.

139 2841 188 2907 ll.
214 2841 398 2928 Scytbismus
416 2861 434 2902 a
451 2835 560 2902 Nouoi
579 2840 758 2925 temporibus
780 2843 927 2928 adusque
949 2844 1037 2906 turris
1062 2855 1091 2908 et
1108 2842 1205 2930 Raby-

61 2945 129 3009 lonis
146 2943 440 3020 exaedificationem,
471 2963 505 3004 ac
530 2951 596 3025 post
615 2943 716 3006 turrim
735 2943 834 3028 paneis
852 2945 943 3007 adbuc
961 2945 1047 3008 annis
1067 2945 1203 3026 obtinuit,
1219 2957 1273 3004 noe
1285 2959 1353 3016 utt-

61 3049 108 3112 loa
122 3059 172 3112 est
191 3065 284 3129 usqne
302 3046 336 3108 all
353 3041 463 3106 Pltalae
479 3054 508 3106 et
525 3042 661 3128 Rhagan,
685 3045 732 3130 qui
749 3045 783 3108 ad
799 3043 948 3132 Europam
971 3057 1157 3113 transeuntes
1174 3049 1203 3110 in

58 3147 212 3236 Septbiana
229 3169 265 3212 ac
285 3147 420 3210 nationes
435 3145 577 3209 eiusmodi
599 3157 789 3230 penetrarunt
805 3147 842 3211 ab
860 3147 960 3214 Tbare
976 3150 1153 3236 temporibus
1175 3160 1204 3213 et

58 3253 127 3332 rita,
152 3274 173 3314 a
202 3271 258 3335 qno
274 3247 409 3313 Thraces
432 3247 545 3311 oriundi
568 3259 647 3312 sunt.

134 3367 201 3436 ΙΙΙ.
225 3367 422 3432 Hellenismus
439 3366 567 3452 coepita
588 3363 712 3434 Seracbi
729 3367 918 3454 temporibus.
958 3367 1043 3434 Unde
1059 3369 1200 3431 idolorum

56 3476 148 3538 eoltns
175 3471 291 3534 initium
310 3467 421 3533 habuit.
467 3464 599 3552 Cumque
618 3479 686 3532 tanc
707 3469 844 3554 temporis
867 3469 938 3533 laiss
955 3470 1077 3555 quisque
1100 3490 1200 3556 super·

54 3577 174 3640 stitione
196 3573 367 3649 duceretur,
381 3570 528 3655 'deinceps
547 3571 707 3634 civiliorem
732 3572 869 3634 abusum
892 3583 923 3636 et
942 3573 977 3635 ad
1002 3580 1098 3634 certas
1119 3569 1199 3656 leges

54 3679 338 3758 simulacrorumque
365 3673 439 3737 ritas
468 3671 599 3736 homines
628 3692 696 3735 sese
726 3674 947 3738 transtulerunt.
1000 3670 1131 3755 Quorum
1160 3694 1199 3738 ex

53 3777 238 3864 praescripto
263 3775 318 3840 sibi
344 3775 415 3840 deos
439 3774 600 3838 finxerunt.
643 3773 689 3836 Ao
711 3773 833 3857 primum
863 3794 915 3836 eos
938 3794 1010 3857 quos
1033 3775 1064 3838 in
1088 3776 1198 3839 bonore

79 3949 122 4002 62.
142 3943 307 4009 summat
320 3944 421 4000 beorn.
441 3947 545 3996 etcum
557 3941 611 3996 Tui·
645 3940 763 4008 bernoie
792 3939 868 3998 ribot
869 3959 903 3995 ιιι
918 3947 968 3994 cett.
994 3946 1042 3996 Sul
1056 3949 1116 3994 recta
1126 3945 1198 3996 tote·

53 4020 78 4069 la
92 4015 123 4071 bl
141 4015 251 4070 ἔνεστιν.
641 4017 747 4073 prelatus
766 4018 798 4061 ert
812 4014 869 4062 Petu
855 4015 938 4074 nutua;
961 4015 1004 4061 etat
1018 4015 1088 4061 umba
1101 4008 1144 4065 6ιὰ
1160 4029 1199 4066 τοι

82 4083 124 4138 bl
145 4087 248 4135 careal
258 4077 609 4144 lbncmprnl'rtncpuatluul·
642 4077 944 4144 τῆςείδωλολιτρίαςιοι
953 4081 1197 4131 sattanccurntararl-

52 4155 184 4216 pateptrr.
200 4152 261 4201 ttturt
274 4154 323 4200 tam
337 4149 609 4209 cntePetnntumrnapt-
641 4147 733 4196 dicent
766 4149 815 4196 Pur
804 4149 921 4209 rtlrtptnm
941 4143 1095 4212 ἐναρξάμενοι
1109 4161 1197 4210 puram

53 4227 115 4294 rnna
131 4223 189 4270 arat
210 4221 351 4277 Οιιαήιιι,
375 4229 429 4266 cum
447 4219 557 4280 semmel,
582 4225 608 4264 et
640 4215 757 4264 ιιιιιοάι
772 4216 816 4264 sibi
837 4217 933 4266 innulmt
946 4219 1043 4277 scriptor
1062 4230 1105 4296 pro
1122 4216 1195 4278 pullo.

177 4281 514 4352 percunctationem
639 4283 710 4332 l’nrc'a
731 4285 808 4332 cunm
827 4285 931 4334 bunnae
947 4285 1076 4345 exempto
1066 4297 1092 4332 or
1109 4295 1135 4332 eo
1150 4295 1197 4332 ιιι

82 4353 123 4406 bl.
142 4347 505 4414 Prormmrllnlceopema
505 4353 607 4401 batoc-
640 4363 707 4400 rnre.

53 4425 232 4483 umatum.
674 4416 716 4468 66.
736 4415 903 4482 ἐθιοιοιοῦιτο
919 4421 1002 4481 lenitur
1017 4421 1043 4468 tn
1060 4419 1196 4479 tnncepla-

82 4487 122 4540 {ab
144 4491 435 4554 netpmcntntnmmu
436 4491 609 4538 ormutenttcm
642 4487 721 4536 meon.
755 4485 992 4550 ltnettamtnfral,
1009 4485 1034 4539 'l
1052 4487 1194 4550 intrerpr-

51 4571 92 4617 pe
106 4571 132 4607 ιι
148 4560 284 4620 tanewara
298 4559 422 4617 comant,
439 4560 487 4606 eat:
503 4553 550 4622 top
564 4554 609 4608 nul
641 4555 709 4604 mella
726 4549 926 4620 ὣιοποιήσαιτο

101 4637 335 4693 &nummatas
350 4637 379 4680 tt.
975 4641 994 4702 2
