3078 5012
337 385 471 436 canaan
488 385 739 438 ura.r.ronr.1tr.
755 385 945 438 annana.
1153 375 1211 438 stt

65 505 148 570 illast
163 503 272 569 habere
287 505 430 570 rationem
448 506 577 586 iudicas,
609 507 656 591 qni
674 527 731 570 non
748 506 822 570 hene
839 507 874 570 de
891 505 1024 570 omnibus
1040 505 1212 591 acqualiter,

68 608 123 672 sed
146 608 234 673 certis
256 608 396 672 duntaxat
418 610 524 672 mereri
546 611 672 674 studeat.

154 707 254 776 ScluoI.
273 707 381 775 XXX.
414 708 474 775 Pro
490 711 535 775 Iris
551 712 665 776 verbis:
699 713 883 794 Confitede'ctr
899 733 993 776 eornm
1008 713 1136 792 angelis,
1166 725 1353 784 re-ane.1a,a

68 812 205 898 scripsit,
230 817 330 876 Coram
351 819 411 876 deo.

155 913 255 980 IleIut.
280 914 388 980 XXX.
429 917 560 1003 Apparet
590 916 708 980 omnino
739 937 917 1002 nequaquam
948 915 1027 980 illurn
1057 917 1215 980 secundum

67 1019 154 1082 dean
171 1019 332 1100 ambulare,
355 1019 424 1084 licet
439 1021 593 1085 veritatem
609 1021 656 1084 vel
670 1021 779 1104 exigua
794 1019 936 1084 vocabula
952 1029 1119 1084 commutet.
1158 1017 1217 1103 Qui

67 1122 148 1185 enirn
166 1142 266 1186 eorutn
285 1143 359 1207 quae
377 1133 444 1188 sunt
460 1123 543 1187 initio
561 1123 668 1209 scripta
686 1134 796 1208 purtem
813 1123 938 1208 aliquam
954 1143 1141 1209 eorrumpere
1158 1143 1217 1186 non

68 1223 198 1305 dubitat,
223 1247 240 1289 a
262 1226 311 1290 ria
332 1226 462 1290 vendatis
484 1225 611 1290 aberrat.

157 1324 258 1392 Sclnol.
275 1325 400 1392 XXXI.
433 1325 503 1392 Non
527 1327 614 1392 lrabct
634 1329 707 1394 istas
730 1334 806 1392 Boos
826 1334 910 1391 oesu't
920 1331 1048 1413 socrum.
1230 1340 1331 1386 atum·

155 1427 257 1494 llelut.
276 1427 398 1494 XXXI.
430 1428 572 1494 Lieetea
594 1452 668 1516 quae
685 1432 792 1517 scripta
814 1443 883 1495 sunt
900 1453 959 1496 non
978 1452 1012 1495 ea
1031 1431 1086 1494 lide
1105 1431 1216 1494 releras

69 1553 129 1617 qna
147 1553 164 1596 a
180 1533 328 1597 salvatore
345 1533 530 1618 pronuntiata
546 1541 631 1614 sunt,
661 1535 760 1598 eadem
778 1543 876 1598 tannen
894 1535 941 1600 illa
960 1535 1024 1598 loca
1042 1531 1072 1596 iu
1092 1553 1218 1616 evange-

68 1635 129 1713 lio,
163 1656 219 1720 quo
238 1636 363 1700 ecclesia
381 1636 522 1700 catholica
540 1637 645 1714 utitur,
676 1636 789 1721 integra
806 1648 978 1716 servantnr3
1011 1634 1220 1721 quantumlibet

67 1739 157 1802 deuna
174 1738 252 1803 illuns
269 1739 397 1823 abneges
413 1739 460 1822 qni
477 1738 569 1802 verbo
584 1761 638 1803 sno
655 1740 782 1804 condidit
797 1741 952 1824 universa,
976 1740 1135 1823 eademque
1149 1758 1220 1801 cura

68 1861 127 1906 sca
147 1841 387 1926 providentiaque
407 1841 623 1926 complectitur,
654 1863 691 1906 ne
714 1843 801 1907 loeno
823 1843 937 1928 quidem
960 1853 1103 1927 excepto;
1135 1853 1219 1925 quera

68 1944 193 2028 insuper
214 1945 298 2009 deuna
321 1944 451 2008 salvator
472 1965 526 2008 sua
547 1965 621 2008 voce
644 1947 796 2010 confessus
818 1957 875 2010 est.

159 2043 259 2112 Senot
274 2043 413 2112 XXXII.
445 2051 530 2109 Pater
545 2059 635 2110 mter
646 2053 725 2111 novit
734 2054 877 2130 onrpmis
892 2054 960 2112 ti'soe
974 2050 1051 2110 vodis
1064 2069 1134 2129 opus
1146 2069 1214 2109 csse.
1230 2061 1286 2108 tatu.
1298 2064 1333 2108 at.

157 2250 261 2317 liciat.
277 2249 415 2316 XXXII.
449 2250 542 2317 Novit
560 2263 642 2339 pater
661 2253 818 2340 discipulos
838 2255 970 2340 corporis
989 2253 1121 2337 indigere
1141 2273 1219 2316 com-

70 2354 279 2434 ·oditatiltus,
303 2375 374 2440 quas
390 2353 499 2418 idcirco
514 2367 660 2441 procurat,
685 2377 742 2420 non
757 2355 788 2419 iu
805 2356 862 2420 alio
879 2357 1001 2440 quodam
1018 2376 1104 2440 quana
1120 2354 1149 2417 in
1166 2353 1221 2417 hoe

71 2458 193 2538 seculo,
221 2477 315 2542 nequo
337 2457 367 2520 in
386 2455 481 2520 aliona
499 2458 702 2542 possessione,
733 2459 784 2522 sed
805 2457 836 2520 in
859 2457 894 2521 lis
913 2457 1000 2523 rebus
1019 2477 1139 2543 quarum
1158 2457 1221 2539 ipse

70 2559 210 2627 conditor
229 2570 292 2638 est,
315 2579 420 2624 servos
442 2581 512 2626 suos
534 2561 674 2644 singulari
696 2559 878 2645 providentia
900 2560 1079 2644 gubernans.

159 2661 249 2728 Scitol
263 2659 418 2736 XXXIII.
452 2666 582 2741 (Iuteerr'tt⁸
598 2685 715 2743 regnum
733 2667 793 2738 del,
817 2675 847 2724 et
863 2665 931 2725 doec
948 2668 1040 2726 omneis
1053 2666 1222 2725 delerentur
1233 2680 1291 2726 ruta
1302 2681 1336 2726 st.

70 2769 163 2830 nont.

162 2865 264 2932 llelut.
281 2865 435 2932 XXXIII.
470 2864 503 2932 Si
524 2867 627 2930 alienis
649 2877 847 2932 sustentamur
869 2868 989 2954 opibus,
1023 2879 1124 2953 estque
1148 2869 1221 2933 alius
1263 2949 1271 2960 Ι
1315 2947 1318 2957 ν

73 2971 214 3038 coelestis
228 2970 311 3056 regni
325 2969 408 3050 deus,
431 2969 498 3054 quid
514 2980 609 3056 potest
623 2969 652 3033 in
667 2970 721 3034 lnoe
737 2992 804 3036 csse
821 2992 957 3036 sermone
973 2973 1221 3035 consentaneum?

73 3075 155 3142 Nam
174 3085 224 3138 aut
239 3075 274 3137 ad
291 3073 369 3136 illum
386 3083 444 3136 tam
458 3073 598 3136 interiora
611 3072 668 3137 ista
683 3074 829 3159 minent
843 3095 927 3159 quana
942 3074 1071 3138 coeleste
1085 3093 1220 3158 regnum,

73 3179 203 3262 ideoque
216 3175 358 3240 inferiora
376 3175 447 3238 lraec
465 3176 579 3255 omnia,
604 3197 678 3260 quae
696 3197 746 3240 sua
764 3189 842 3255 sunt,
867 3199 919 3262 pro
937 3177 1036 3240 labore
1051 3176 1114 3254 illo,
1139 3195 1223 3260 quem

74 3279 162 3365 regni
186 3279 231 3344 sni
248 3277 424 3344 desiderium
440 3279 547 3342 all'crre
565 3279 658 3356 solet,
689 3278 851 3342 hominibus
867 3279 1019 3364 rependit,
1050 3287 1100 3342 aut
1120 3278 1160 3340 ita
1177 3297 1223 3339 re-

74 3403 167 3467 gnara
185 3381 368 3466 laturumque
384 3381 511 3444 seculum
530 3381 564 3444 ad
580 3379 658 3444 illurn
675 3381 813 3464 pertinet,
838 3391 868 3444 ut
883 3380 955 3444 haec
970 3381 1066 3443 indura
1082 3378 1225 3442 conditori

76 3483 233 3548 tribuenda
251 3483 324 3564 siut3
358 3503 398 3546 ex
416 3503 472 3568 qno
488 3483 620 3567 sequitur
635 3480 794 3546 conditoris
814 3483 904 3568 ipsius
921 3485 1099 3547 voluntatem
1120 3481 1156 3545 nd
1176 3502 1225 3544 sa·

74 3586 171 3672 premi
186 3584 264 3649 illins
277 3606 398 3671 regnunt
414 3585 660 3649 accommodatam
676 3605 758 3664 esse,
790 3606 854 3649 cuna
876 3585 912 3649 iis
931 3585 1064 3649 omnibus
1081 3583 1225 3668 gratilian-

76 3701 126 3754 tnr
142 3699 172 3752 et
191 3689 288 3752 lavent
305 3689 352 3773 qni
369 3687 507 3752 iustitiam
525 3685 616 3774 ipsius
634 3708 669 3750 ac
684 3707 804 3772 regnum
821 3688 981 3772 requirant.
1028 3685 1114 3772 Quod
1131 3687 1156 3750 si
1174 3707 1225 3750 vu-

76 3791 199 3856 luntatis
214 3791 293 3855 nulla
309 3790 472 3869 dissensio,
496 3789 547 3854 sed
563 3810 673 3853 summa
689 3791 829 3874 quaedam
845 3791 999 3854 concordia
1015 3791 1069 3870 sit,
1094 3811 1152 3854 nou
1167 3789 1225 3853 ianr

76 3895 136 3958 duo
158 3903 228 3958 sunt
247 3893 341 3958 triave
363 3893 514 3979 priucipia.
560 3891 640 3957 Verc
660 3893 736 3956 enirn
754 3894 826 3957 dens
841 3913 914 3957 unus
930 3903 993 3973 est,
1024 3893 1072 3978 qui
1088 3893 1226 3956 anniversa

77 3997 226 4076 condidit,
256 3995 422 4081 etquidem
444 3996 534 4075 bene,
566 4017 623 4059 non
644 3995 791 4059 contrario
810 3996 896 4060 modo
916 3995 1052 4060 condidit.
1096 3993 1226 4059 Pecoarc

79 4121 155 4165 vero
178 4109 309 4163 nostrum
331 4109 394 4178 est,
418 4109 504 4183 atque
526 4099 554 4162 in
577 4098 711 4182 eligendo
734 4099 928 4182 fugiendoque
950 4098 1099 4162 aberrare.

165 4199 266 4268 Schol.
282 4199 435 4265 XXXIV.
464 4199 523 4265 Pro
538 4222 574 4265 eo
589 4200 665 4286 quod
680 4212 737 4281 est,
758 4207 843 4264 Pater
854 4213 954 4276 uester,
976 4201 1110 4279 habehat,
1130 4203 1223 4261 Pater.
1239 4219 1296 4268 tart
1307 4221 1339 4266 at.

166 4303 270 4370 llelut.
287 4303 440 4370 XXXIV.
471 4303 552 4369 Nihil
568 4323 691 4369 caussae
706 4314 826 4369 nostrae
840 4325 877 4368 ne
891 4303 947 4368 Inoo
961 4303 1025 4368 loco
1039 4301 1152 4387 quidem
1168 4303 1227 4366 offi-

77 4457 122 4506 qus
139 4443 376 4495 renuentesque.
410 4443 475 4493 litore·
495 4447 543 4492 tam
559 4445 640 4506 sntptt
670 4457 700 4507 oo
718 4441 740 4496 sl
756 4439 813 4510 γὰρ.

78 4527 154 4574 quom
169 4512 226 4562 editt
237 4512 321 4561 dolent
334 4509 368 4564 El
380 4510 429 4562 ruis
444 4503 519 4564 illoc
527 4549 535 4577 ,
553 4514 638 4576 catiaco
704 4509 744 4562 93.
761 4506 1004 4566 repeterentur,
1019 4505 1064 4562 καὶ
1074 4501 1151 4562 αὐτοῦ
1161 4505 1228 4562 ἐστιν

78 4581 250 4644 praepositione
266 4575 303 4631 lx.
588 4590 591 4600 '
671 4581 833 4630 desiderantur
852 4583 878 4628 tn
897 4577 951 4628 edu.
965 4580 1040 4640 princ.
1073 4580 1183 4630 Petculus
1201 4593 1229 4628 eo

113 4647 156 4702 st.
170 4637 190 4715 ἧ
203 4642 251 4716 γὰρ
262 4649 357 4710 προικί
367 4661 396 4697 cx
409 4649 458 4698 cod.
466 4649 562 4712 thsdt'p.
585 4649 639 4698 Vul-
672 4651 773 4711 repoault
789 4661 819 4699 ec
835 4649 887 4699 cod.
900 4647 972 4697 Vallo.

957 4732 1027 4800 39*
