3110 4984
324 301 459 356 raanan
476 301 538 353 ura.
551 303 571 353 r.
588 301 668 356 root.
683 301 715 354 n.
733 303 832 356 uara.
843 303 941 356 xxvi.
1154 295 1214 358 lua

87 443 134 486 rau
152 423 177 486 iu
197 443 269 507 agro
285 421 537 506 uirgultorumapue
554 421 733 502 ‚desiccatum
756 421 922 507 congeriem
946 434 975 486 et
993 424 1029 489 ad
1047 424 1212 490 incendium

86 536 258 610 praeparatam
277 525 307 587 iu
326 523 451 586 medium
469 524 633 608 proferam,
662 545 699 588 eo
717 525 791 608 qnod
809 524 911 588 eadem
930 524 981 588 illa
999 527 1102 612 perditi
1121 525 1213 592 Nico-

86 627 114 690 lai
128 637 216 706 aeota,
239 638 377 710 tanquam
394 623 534 688 insitione
551 625 691 708 modam,
714 627 763 690 vel
780 626 876 711 potius
896 627 936 690 uti
954 629 1036 690 ferae
1052 629 1161 694 scabiei
1178 651 1213 694 aa

86 727 162 812 leprae
183 728 358 813 contagione
380 727 436 790 alia
460 747 498 790 ex
522 725 588 790 aliis
610 747 750 812 corpora,
781 727 825 791 sic
845 727 991 792 hominum
1009 739 1160 796 tentantur
1177 751 1212 796 ao

85 841 284 916 tonumpuntur
298 828 399 894 animi.
433 827 499 892 Hoc
513 828 610 912 itaque
626 827 712 892 modo
728 851 792 892 cum
808 830 959 914 superiore
977 831 1090 896 haeresi
1106 832 1212 896 euhoe·

85 937 138 994 ren‘s
152 952 188 996 ex
203 932 299 1016 aliqua
317 941 409 1016 parte,
434 931 483 1014 qui
499 951 515 992 a
531 927 657 994 Nicolao
672 929 735 1016 ipso
753 931 874 1015 eiusque
890 933 1140 1012 antecessoribus,
1164 930 1214 998 Si·-
1327 965 1333 981 ·

85 1053 152 1096 mone
168 1054 199 1098 ac
218 1033 362 1112 caeteris,
387 1033 572 1097 occasionem
590 1032 667 1094 tracti
685 1029 819 1096 Gnostici
837 1032 1041 1112 nominantur,
1064 1033 1214 1117 κατάγνω-

87 1153 134 1196 oor
148 1135 196 1199 hoc
212 1146 260 1198 est
274 1135 428 1198 damnandi
444 1133 577 1219 penitus,
602 1144 721 1219 propter
738 1133 924 1219 impurissimi
939 1135 1038 1220 dagitii
1055 1137 1131 1220 quod
1146 1157 1214 1221 per·

86 1249 178 1320 perrara
194 1238 293 1302 solent
311 1236 516 1322 turpitudinem
539 1256 574 1298 ac
591 1233 760 1319 nequitiam.
807 1232 1004 1318 Quamobrem
1023 1257 1087 1300 oum
1105 1259 1160 1302 uos
1177 1238 1213 1302 il·

85 1337 128 1400 lun
142 1340 276 1404 hacteuus
291 1337 489 1402 continentiae
505 1337 540 1400 ad
558 1335 649 1400 breve
666 1349 778 1422 tempus
795 1338 947 1416 cultorem,
972 1359 1007 1401 ao
1022 1337 1145 1402 subinde
1162 1339 1212 1403 de-

85 1451 222 1520 sertorem,
248 1450 279 1502 et
293 1439 432 1526 hydropis
446 1437 569 1502 similem
584 1439 673 1522 (quod
686 1438 832 1524 serpentis
847 1459 940 1522 genas
955 1459 995 1503 ex
1009 1439 1093 1524 aquis
1107 1439 1137 1504 iu
1153 1450 1213 1504 ler-

87 1561 132 1604 ram
150 1543 287 1626 emergit,
319 1553 349 1604 et
370 1541 472 1606 eodem
494 1550 596 1625 postea
617 1561 650 1604 se
672 1541 788 1626 recipit)
809 1540 940 1620 calamo,
973 1540 1020 1624 qui
1040 1537 1160 1606 Christo
1181 1542 1213 1606 iu
1250 1547 1253 1554 ⁴

86 1663 177 1708 nauum
193 1642 316 1708 traditus
333 1653 396 1722 est,
427 1663 597 1728 percussum
615 1643 845 1722 confecerimus,
876 1641 1002 1726 reliquas
1021 1644 1056 1708 ad
1074 1643 1212 1708 haereses

86 1745 219 1811 emtionem
245 1755 374 1810 nostram
397 1743 643 1830 promovebimus.

256 1983 595 2061 ADVERSUS
637 1981 1013 2078 uuosu100S,

307 2128 390 2200 quae
410 2111 461 2180 est
479 2103 625 2179 haeresis
641 2104 721 2196 vt,
745 2103 816 2178 sire
835 2103 962 2180 XXVI.

147 2255 274 2322 Rursum
292 2254 427 2320 Gnostici
447 2255 496 2318 isti
517 2255 599 2318 varie
620 2254 656 2319 ah
677 2254 727 2318 illo
746 2256 897 2339 propagati
918 2257 949 2318 iu
967 2255 1073 2320 mundo
1090 2255 1211 2341 pullula-
1229 2259 1289 2330 cap.
1307 2263 1328 2312 1.

85 2365 144 2434 runt,
166 2359 298 2422 homiues
315 2357 466 2422 erroribus
481 2357 629 2442 implicati,
655 2378 688 2422 ac
704 2358 784 2420 velut
800 2378 840 2420 ex
857 2357 1050 2420 amaritudine
1067 2356 1211 2442 procreati

85 2456 190 2540 hactus,
212 2460 454 2546 quemadmodum
469 2459 561 2522 cuivis
576 2459 760 2543 perspicuum
778 2468 835 2536 est,
859 2469 889 2522 ct
905 2459 940 2522 ad
958 2458 1089 2522 veritatis
1107 2459 1212 2544 proba·

83 2557 168 2625 tionem
188 2584 248 2626 non
271 2563 364 2624 solum
387 2581 405 2624 a
427 2560 579 2636 fidelibus,
611 2562 663 2623 aed
686 2560 772 2624 etiam
792 2561 829 2623 ah
848 2559 1015 2624 infidelibus
1032 2559 1210 2646 deprehendi

84 2661 142 2723 nullo
155 2663 273 2747 negotio
290 2672 398 2748 potest.
443 2661 560 2726 Etenim
577 2661 712 2740 vulvam,
736 2683 771 2726 ac
790 2663 1012 2747 turpitudinem,
1036 2674 1211 2746 caeteraque

84 2757 102 2820 il
117 2785 199 2846 genos
220 2767 253 2829 iu
275 2784 413 2828 sermone
435 2763 563 2843 iactare,
595 2784 693 2826 nonae
715 2763 865 2830 ridiculum
886 2765 1056 2828 mortalibus
1078 2765 1211 2830 omuibus

86 2857 184 2929 taenio
203 2866 326 2952 perinde
345 2886 379 2930 ao
398 2864 546 2944 burbonis,
569 2863 748 2950 sapientibus
769 2866 1028 2952 insipientibusquc
1047 2867 1212 2932 videbitur?

85 2957 127 3025 Sed
143 2967 210 3032 baec
228 2989 336 3053 magna
353 2989 473 3054 prorsus
489 2967 653 3044 calamitas,
677 2987 712 3032 ac
729 2968 905 3046 vehemens,
928 2979 960 3032 ut
974 2969 1016 3034 ila
1034 2970 1143 3049 dicam,
1165 2970 1211 3034 iu·

85 3063 182 3132 lelioitas
204 3083 270 3150 est,
302 3071 454 3134 damnatos
477 3069 561 3147 illos,
592 3079 623 3133 et
641 3089 743 3134 errore
762 3071 900 3156 deceptos
916 3082 1062 3136 sectarum
1081 3071 1210 3136 artifices

83 3163 173 3234 incitari
195 3183 300 3236 contra
322 3193 377 3236 nos
400 3183 487 3256 atquo
505 3171 677 3254 insurgere,
707 3173 789 3238 uelul
807 3173 909 3236 foedas
929 3174 1066 3257 quasdam
1085 3172 1208 3249 bestias,

83 3275 311 3348 praemolestiam
326 3276 411 3338 nohis
426 3295 461 3338 ac
477 3276 618 3338 loeloaem
633 3285 662 3336 et
677 3275 817 3359 pruritum
831 3274 966 3338 conlictis
982 3275 1038 3338 illis
1052 3274 1114 3338 suis
1127 3291 1210 3334 meu·

82 3367 151 3436 dariis
170 3377 310 3442 aderant.
355 3375 437 3462 Ergo
457 3378 507 3442 isti
527 3397 592 3441 cum
614 3373 740 3441 Nicolao
760 3375 928 3455 coniuncti,
960 3386 990 3439 et
1011 3375 1047 3439 ab
1069 3395 1106 3438 eo
1127 3372 1209 3437 velut

82 3471 260 3544 subventaneo
278 3481 423 3566 serpentis
439 3501 496 3544 ovo
514 3479 622 3566 scorpii
640 3480 704 3544 sire
723 3477 870 3564 aspidibus
885 3475 1036 3563 prognati,
1067 3475 1208 3559 quaedam

82 3573 144 3640 nolis
160 3579 289 3644 inaniter
305 3581 440 3644 sonantia
455 3582 573 3646 uomina
592 3581 739 3666 librosque
755 3578 912 3644 commenti
929 3587 1013 3654 sunt,
1037 3577 1117 3640 velut
1131 3577 1210 3640 inter

81 3687 190 3746 neema
213 3704 301 3768 quem
324 3681 448 3746 Noriam
472 3684 632 3770 appellant,
664 3693 750 3767 atquo
768 3703 808 3746 cx
828 3678 1039 3765 superstitiosis
1058 3677 1209 3762 gentilium

82 3778 244 3858 opinionibus
262 3785 453 3849 conlormatis
466 3785 502 3848 ad
517 3786 679 3850 institutum
695 3804 780 3848 suum
795 3782 879 3866 nugis
893 3779 951 3844 illis
963 3799 998 3842 ao
1013 3779 1117 3844 lahnlia
1130 3779 1211 3844 ucri·

82 3879 118 3942 itti
134 3887 315 3952 mendacium
335 3887 506 3952 admiscent.
552 3883 667 3973 Quippe
684 3883 809 3950 Narium
828 3883 912 3946 istam
929 3879 1039 3946 Nodmi
1056 3881 1210 3966 coniugem

82 3977 177 4050 larium.
223 3985 323 4071 Quam
340 3987 448 4053 idcirco
462 3987 587 4052 Noriam
602 3999 727 4068 vocant,
750 3996 782 4050 ut
798 4004 872 4069 qaae
886 4003 902 4047 a
919 3983 1074 4067 genlilihua
1091 3983 1210 4048 conciu-

81 4093 128 4148 uta
141 4100 207 4154 suut
223 4089 360 4159 barbaris
375 4090 497 4154 vocibus
512 4089 728 4155 dissimulantes
745 4085 951 4151 circumventis
964 4107 981 4150 a
996 4106 1029 4150 se
1045 4085 1209 4149 hominihus

82 4181 170 4252 bellios
184 4192 329 4270 illudant,
352 4213 409 4275 quo
428 4192 540 4276 quidem
557 4203 659 4277 pacto,
683 4202 715 4256 ut
731 4187 863 4274 Pyrrhae
877 4187 1049 4252 vocabulum
1065 4186 1209 4269 interpre-

82 4289 145 4350 llndo
158 4295 337 4374 redderent,
361 4291 473 4358 Noniae
490 4293 710 4380 appellationem
727 4291 904 4354 indiderunt.
948 4287 1026 4353 Nam
1044 4309 1108 4352 cum
1123 4284 1209 4350 Nure

82 4391 133 4466 llll
150 4391 308 4459 llehraeos
323 4395 438 4480 ignem,
470 4417 527 4460 raon
548 4395 596 4462 illa
620 4395 733 4480 quidem
753 4391 913 4460 secretiore
932 4391 1048 4475 lingua,
1081 4387 1133 4450 sed
1151 4383 1209 4471 Sy·
