3072 4986
354 337 399 386 uu
418 335 605 388 sersuouunu
623 335 734 386 ncecuu
751 335 795 387 uu
813 335 922 388 unuuu.
1170 323 1212 386 25

89 455 278 540 discrepatum,
304 456 379 539 qood
395 455 539 518 nerninem
553 463 691 518 aeternae
701 453 788 522 ,vitae
805 465 967 540 oompotero
984 474 1051 520 esse
1068 473 1155 540 posse
1169 454 1213 518 ui-

90 566 173 618 uerent
193 556 245 620 nisi
268 557 396 640 quotidie
418 557 541 620 iuvaret.

154 653 269 722 XViii.
301 655 422 736 Osseni‚
446 677 569 742 quorum
585 678 690 721 nomen
709 657 932 742 procacissimus
951 658 1106 742 significet.
1152 655 1211 744 Qui

89 761 302 846 expressoripto
321 761 393 844 legis
411 761 507 822 omnin
526 759 689 838 inoiehnnt,
712 760 763 822 seth
780 771 933 843 praetereo
952 761 1112 846 scripturos
1132 759 1214 826 sttui·

90 857 196 938 hebent,
219 873 247 924 et
269 883 309 925 ex
330 861 542 947 posterioribus
564 859 713 946 prophetis
735 861 890 944 pterosque
911 861 1094 926 reiioiehuut.

156 959 243 1027 xix.
274 961 465 1028 Nossornoos
480 961 674 1026 Extiuotores
695 962 881 1046 interpretari
903 963 1017 1047 possis,
1047 964 1095 1048 qni
1115 963 1213 1028 earnis

91 1085 132 1126 usu
147 1085 261 1148 prorsus
279 1065 467 1130 interdicunt.
512 1064 560 1130 Ah
578 1062 712 1128 ouuirnotis
731 1064 894 1143 abstineut,
917 1063 1096 1148 putriurohus
1111 1085 1213 1128 ornnes

92 1168 127 1247 qui
140 1167 164 1228 io
178 1163 378 1232 Pentateucho
391 1167 427 1230 ed
443 1163 561 1251 Moysis
580 1177 611 1230 et
628 1162 698 1230 iesu
712 1165 762 1228 filii
778 1163 865 1228 Naue
882 1175 1011 1250 tempore
1027 1167 1215 1232 eontinentur

92 1267 251 1348 utsrisouut,
274 1281 304 1332 et
319 1268 356 1332 iis
373 1269 457 1332 hoeni
473 1269 629 1346 adhihent,
653 1267 815 1331 cuiusmodi
831 1279 900 1330 suot
915 1268 1058 1346 nuruum,
1083 1265 1167 1332 leuno
1184 1280 1215 1332 et

91 1363 169 1449 hueoh,
189 1371 285 1455 iisque
303 1369 470 1456 superiores
487 1391 608 1447 omnes,
633 1389 688 1432 neo
704 1390 763 1431 uon
778 1365 903 1453 Moyses
919 1371 983 1454 ipse
998 1391 1063 1434 euru
1078 1369 1212 1448 Aesone,

92 1480 157 1554 uhpuo
177 1469 258 1537 lesu.
305 1469 462 1537 Caeterum
486 1471 612 1556 quinque
630 1469 677 1534 ihs
691 1469 837 1535 rohurniou
851 1469 968 1557 Moysis
990 1491 1058 1536 esse
1082 1493 1141 1536 uon
1162 1493 1215 1558 pu·

92 1579 150 1652 uri,
170 1587 197 1636 et
218 1573 277 1638 ulio
299 1574 334 1636 uh
356 1573 392 1638 iis
414 1574 532 1636 diuerso
554 1593 645 1657 penos
667 1591 700 1636 se
723 1592 790 1636 esse
809 1573 958 1657 juotitnnt.

153 1672 227 1740 XX.
252 1674 427 1754 herodiani,
446 1697 511 1738 oum
524 1671 650 1738 ludaeos
664 1675 695 1737 in
712 1674 846 1738 omnihus
862 1675 929 1738 sese
944 1685 1141 1760 proestareut,
1154 1673 1216 1740 He-

94 1776 168 1839 roden
184 1773 333 1842 Christum
350 1797 417 1842 esse
437 1775 665 1862 profitebuntur,
690 1776 775 1860 eique
796 1771 908 1840 Christi
923 1777 1092 1862 dignitatem
1111 1799 1147 1842 eo
1162 1799 1215 1842 no-

94 1897 142 1940 ueo
159 1879 343 1962 effingebant.

154 1977 264 2044 Primus
282 1980 340 2044 isto
360 1991 455 2044 tonus
471 1989 534 2059 est,
558 1978 606 2063 qui
627 1979 766 2043 haereses
786 1975 853 2043 XX
875 1980 1016 2044 ooutinet.
1059 1977 1093 2046 io
1111 1981 1215 2044 eodeni

96 2077 323 2147 ieiuoouuutione
343 2077 456 2148 Christi
481 2103 515 2145 no
531 2081 665 2147 veritatis
688 2079 874 2166 professione
897 2092 1045 2168 postremo
1068 2083 1134 2148 hooo
1156 2081 1216 2147 ttr-

96 2183 188 2247 seritur.

118 2383 149 2436 83.
167 2391 232 2452 tripu
249 2389 281 2441 ot.
693 2383 736 2440 86.
754 2389 851 2451 cointae
866 2385 989 2456 eortpor
1005 2384 1037 2442 τὰ
1054 2385 1120 2442 κατὰ
1133 2393 1187 2442 ortt.
