3110 4984
353 311 488 364 romanu
505 313 581 365 nor.
597 312 766 366 eranam
782 313 844 366 nro
860 317 880 368 1.
896 315 977 368 ron.
992 317 1013 368 1.
1214 307 1253 370 dd

130 431 220 516 poenit
260 427 358 515 Quem
378 453 443 496 eum
460 431 519 498 iilia
537 433 683 519 epulorum
702 443 870 518 apparatum
887 434 1064 516 instrueret,
1094 434 1255 502 verisimile

130 543 170 598 eet
187 553 278 597 earam
300 545 331 597 et
350 533 444 618 ipsum
465 533 633 619 partieipem
655 534 801 600 extitisse.

202 633 364 718 Quinetiam
387 635 462 720 qood
487 636 523 699 ad
545 635 624 699 ἰΙΙιιι
647 657 752 720 agnum
771 637 875 700 attinet
895 635 925 700 io
945 637 1083 724 Aegypto
1104 660 1121 702 a
1139 637 1256 704 ludaeis
1275 641 1389 712 eaput

128 737 307 816 immolatum,
331 737 394 801 eina
411 737 454 800 rei
471 739 611 802 memoria
630 739 703 820 apud
721 737 885 822 Aegyptios
901 737 1039 823 ipsosque
1056 742 1175 804 deorum
1193 741 1256 806 eoi·

129 850 199 902 tores
215 839 354 923 hodieque
372 848 513 904 remanet.
558 837 676 903 Etenim
699 839 754 902 sub
776 839 852 902 ide·
873 850 1002 924 tempus,
1034 861 1090 924 quo
1108 842 1167 906 iidie
1186 843 1254 907 odim

128 939 222 1025 paseha
237 939 413 1004 eeiedratom
431 951 493 1019 est,
517 940 638 1025 quod'io
654 940 733 1004 reris
748 938 861 1004 initium
878 951 964 1024 atque
981 941 1194 1026 aequioootiuro
1209 945 1256 1010 io·

126 1042 202 1119 sidit,
229 1041 367 1127 Aegyptii
388 1063 490 1106 omues
512 1043 601 1106 midio
618 1061 692 1105 oves
708 1061 777 1105 suas
794 1041 940 1119 indoiuot,
971 1062 1025 1106 neo
1042 1064 1101 1106 ooo
1121 1055 1152 1108 et
1169 1045 1254 1110 ario·

126 1163 181 1220 rea,
202 1141 240 1206 oti
256 1143 326 1206 dene
343 1153 374 1206 et
387 1153 504 1206 eaetera
518 1143 671 1208 eiusmodi.
713 1139 806 1208 Cuius
820 1142 934 1226 quidem
951 1142 1024 1208 ritus
1041 1145 1155 1208 ueremi
1170 1165 1257 1227 eone

126 1265 182 1307 san
197 1244 340 1322 oeseiant,
364 1244 440 1308 istud
457 1253 553 1309 moneo
571 1264 688 1330 praese
704 1245 802 1308 ierunt
818 1264 852 1307 ee
867 1244 956 1328 rotgo
969 1244 1116 1326 iaotitaut,
1139 1245 1190 1310 iiio
1207 1247 1254 1310 die

124 1345 282 1440 unipersum
301 1357 443 1410 terrarum
461 1347 561 1410 orbem
580 1345 716 1410 inoeudio
734 1345 942 1428 eoodagraaae.
985 1343 1081 1410 Huius
1098 1367 1186 1430 porro
1205 1368 1254 1411 oe·

124 1446 251 1511 unitatis
269 1447 446 1511 avertendae
466 1448 523 1510 rim
545 1448 686 1532 quandam
708 1447 738 1511 iu
757 1467 862 1510 eruore
879 1447 929 1510 iiio
948 1457 1035 1530 atque
1051 1447 1137 1530 igneo
1156 1448 1255 1520 oodore

122 1569 184 1612 asse
205 1549 338 1633 positam.
383 1545 496 1631 Quibus
518 1569 590 1614 raro
611 1549 647 1612 de
668 1547 798 1627 oaoasie,
830 1559 938 1632 oegaot
958 1548 1013 1610 sibi
1035 1567 1103 1612 ease
1124 1569 1256 1633 eompar-

123 1661 188 1716 tom.
230 1647 291 1714 Sed
313 1659 343 1714 et
363 1650 511 1732 hueusque
533 1649 562 1713 in
582 1645 802 1735 Gordyaeorum
823 1650 945 1733 regione
965 1669 1051 1712 ureae
1071 1647 1268 1716 Nodmitioae.

121 1751 252 1835 reliquias
276 1752 442 1814 ostendunt.
485 1750 532 1814 Ao
556 1750 667 1835 siquis
692 1750 858 1834 diligentius
883 1751 1048 1834 perquiret,
1078 1773 1136 1814 ooo
1158 1752 1256 1818 dubito

119 1854 184 1936 quin
201 1852 302 1916 altaris
317 1873 431 1936 qnoque
446 1852 589 1938 vestigia,
613 1853 687 1938 quod
702 1852 797 1936 ipsum
810 1871 993 1935 consequens
1011 1861 1074 1929 est,
1096 1853 1133 1916 ad
1149 1852 1256 1917 montis

118 1955 230 2018 radices
254 1953 388 2018 iuvenire
411 1953 521 2037 possit,
552 1953 599 2018 ubi
619 1963 677 2017 tom
693 1950 762 2018 Nod
784 1972 823 2015 ex
840 1972 910 2016 arua
927 1954 1118 2037 progrediere
1135 1953 1253 2032 mansit,

116 2065 145 2119 et
163 2055 204 2118 de
222 2054 491 2139 purisooimalidus
511 2065 598 2139 etque
614 2053 744 2139 adipibus
766 2053 883 2117 domino
904 2054 960 2118 deo
979 2053 1154 2120 raedonium
1172 2054 1258 2120 iusti·

116 2155 179 2220 trit.
225 2153 294 2238 Quo
315 2156 402 2220 etiam
423 2167 553 2242 tempure
573 2156 644 2220 illud
667 2156 759 2220 adeo
780 2154 927 2219 oroeoium
945 2155 1074 2240 aooepitr
1103 2159 1179 2218 Eone
1194 2161 1328 2220 dediti*
1340 2163 1396 2220 ’,ἃ

114 2261 167 2319 nto·
181 2261 291 2332 omno,
316 2269 446 2340 tunquam
463 2259 612 2320 doiorum
627 2261 706 2320 oleru
711 2301 721 2331 ,
745 2270 835 2320 mento
850 2268 880 2318 et
894 2261 1013 2320 comede
1059 2253 1169 2320 Verum
1187 2257 1257 2322 bae·

113 2360 189 2422 rasis
215 2358 299 2422 huius
321 2359 481 2423 adulterina
503 2359 647 2443 stulteque
669 2360 805 2442 dogmata
827 2358 916 2422 missa
942 2359 1057 2422 [auium.
1107 2355 1255 2442 Siquidem

112 2481 206 2546 panea
230 2460 302 2522 daeo
325 2460 469 2525 soffioiuot
491 2481 509 2525 a
534 2460 619 2526 nodis
645 2459 793 2543 dnouaqne
815 2459 981 2544 disputata,
1017 2467 1104 2543 utque
1130 2459 1168 2525 ad
1189 2479 1255 2526 eom
1363 2497 1367 2506 -

108 2581 245 2628 «rorem
269 2561 492 2646 propulsandum
512 2561 544 2626 in
565 2561 690 2626 medium
711 2561 808 2626 allah.

411 2798 647 2877 CONTRA
686 2797 961 2876 OSSENOS.

244 2917 334 3015 Quae
360 2927 413 2996 est
436 2921 496 2996 VI.
515 2919 661 2996 haeresis
686 2919 864 3014 Iudaismi,
890 2919 1006 2994 ordine
1027 2917 1123 2996 xm

194 3067 339 3156 Sequimur
355 3068 537 3138 Oseeooron
551 3071 681 3136 hueresis
697 3091 762 3134 eom
779 3069 979 3155 superioribus
992 3069 1142 3156 iropdioita.
1175 3069 1255 3136 Nam
1273 3078 1333 3146 cop.
1350 3079 1369 3130 1.

100 3184 135 3238 et
150 3173 182 3238 iai
200 3174 326 3258 perinde
343 3183 375 3237 ot
389 3173 431 3237 iili
446 3170 547 3236 irrdaei
564 3183 649 3250 sunt,
673 3181 703 3236 et
717 3173 869 3236 simulandi
887 3171 1030 3249 artifices,
1054 3182 1142 3256 atque
1153 3173 1257 3256 impri-

100 3276 160 3339 nis
178 3273 294 3338 eallidi.
339 3272 453 3340 Ferunt
466 3275 539 3338 istos
554 3265 594 3338 eiu
608 3271 772 3354 Nabataeo,
795 3271 924 3352 ituraea,
945 3271 1107 3338 Moabitide
1123 3282 1152 3337 et
1167 3272 1256 3336 Arei-

97 3375 190 3440 tinne
212 3375 358 3460 originem
383 3375 529 3453 traxisse,
560 3395 634 3458 qnae
658 3375 795 3460 regiones
818 3377 893 3440 nitra
913 3375 1017 3440 ιιιΙΙιιι
1043 3372 1256 3456 sehogioosam

95 3477 227 3559 podtae
247 3487 328 3540 root.
370 3475 437 3542 lloo
457 3476 534 3541 euim
553 3477 670 3540 nomine
691 3477 783 3540 saeris
802 3476 834 3541 io
855 3477 947 3542 diteris
970 3485 1079 3539 uaotos
1100 3474 1148 3536 ilie
1169 3493 1255 3560 sopo-

95 3578 164 3642 rier
181 3577 369 3664 appellatur,
393 3583 442 3663 qoi
459 3579 534 3642 idem
553 3587 600 3644 est
615 3599 680 3642 oum
695 3575 774 3648 nturi
791 3575 922 3644 Mortuo.
967 3573 1150 3641 0aaeuorum
1167 3595 1255 3661 porro

90 3701 201 3764 genus
222 3678 319 3760 istud,
342 3679 491 3746 adnomen
504 3681 716 3764 interpretare,
737 3681 814 3744 idem
832 3691 878 3744 est
891 3699 927 3744 ao
942 3679 1054 3742 deorum
1070 3687 1101 3742 et
1116 3677 1252 3744 sodidum.

91 3783 148 3846 Ad
172 3783 241 3846 nos
265 3792 368 3867 putea
389 3779 480 3848 Elxai
507 3801 541 3847 se
564 3781 679 3866 quidam
703 3783 891 3867 aggregavit,
924 3781 1085 3864 imperante
1109 3777 1252 3860 Τηίιιιιι,

89 3894 168 3966 pest
191 3883 357 3948 adrentum
378 3878 491 3949 Christi
513 3883 633 3947 domiui.
677 3880 737 3966 Qui
759 3905 822 3948 oum
846 3883 919 3948 falso
937 3880 1104 3966 prophetam
1126 3901 1159 3946 se
1177 3882 1256 3947 dioe-

86 3995 161 4063 ret,
195 3983 311 4048 liorem
328 3985 470 4069 quendam
487 3985 569 4049 velut
585 3985 753 4070 prophetico
771 3985 874 4070 spiritu
892 3984 1003 4048 afflatos
1021 3983 1127 4062 edidit,
1155 3983 1254 4049 diviua

84 4087 222 4152 scilieet
247 4085 389 4172 sapientia
407 4087 535 4172 plenum.
580 4083 675 4152 Huius
690 4097 844 4172 praeterea
862 4087 980 4150 fratrem
996 4082 1119 4150 lexeum
1137 4085 1254 4150 nomine

119 4323 668 4440 c„.1.-1.rei.eaipittee
699 4321 1254 4438 deffendendum}
1357 4391 1360 4399 ι

80 4445 287 4506 odqouptoe.
700 4441 1254 4505 mmusronorneoteerrtut'uorud

117 4513 217 4564 zita
239 4505 668 4575 mundo.ettturtednt.'1e-
700 4503 1254 4576 romo,tooremotonnnen=„0tot
