3112 4984
365 355 501 407 raanan
520 355 583 408 cru.
599 357 618 408 r.
636 357 717 408 nonu
731 357 764 408 u.
781 356 880 408 suan.
896 357 1008 408 xxvn.
1205 349 1265 413 213

109 473 243 540 aeratibus
260 471 356 539 adhuc
372 473 530 559 apostolis,
555 471 645 538 Petro
662 475 825 539 scilicetne
841 474 935 540 Paulo
953 475 1081 563 episcopi
1096 477 1145 544 alii
1162 499 1264 544 surro-

108 578 181 662 gari,
201 577 278 662 quod
292 576 379 638 iidem
393 575 434 639 illi
450 576 634 659 praedicandi
651 576 797 661 evangelii
813 579 909 662 gratia
926 578 954 642 iu
973 579 1046 643 alias
1062 581 1149 645 urbes
1165 583 1263 666 regio·

106 699 215 764 aesque
235 677 445 764 protectionem
464 679 665 763 susciperent,
696 699 799 742 carere
818 689 914 743 autem
932 680 1070 766 episcopo
1087 679 1184 746 Roma
1202 705 1260 749 nou

104 791 215 865 posset.
263 776 412 864 Siquidem
428 775 538 844 Paulus
556 781 586 843 in
603 777 772 864 Hispaniam
793 781 943 866 peruenit,
967 779 1074 846 Petrus
1090 803 1162 848 vero
1180 780 1260 850 Pun-

104 894 161 948 tum
186 879 414 967 ac-Bithyuiuna
441 901 652 966 saepenumero
676 882 854 967 peragravit.
899 884 946 947 Ac
968 885 1033 948 lieri
1056 905 1128 948 sane
1152 888 1257 972 potuit,

104 995 134 1048 ut
148 985 273 1070 primum
291 980 445 1048 Clemente
462 983 637 1061 constituto,
662 1004 727 1047 cum
746 984 772 1046 is
789 985 941 1068 defugeret
958 985 998 1068 (si
1015 986 1056 1049 ita
1072 996 1169 1050 tamen
1188 1009 1259 1054 eou-

104 1085 183 1170 tigit,
219 1087 295 1169 quod
318 1105 374 1170 ego
395 1083 540 1169 opinando
560 1085 655 1170 potius
675 1106 761 1169 quam
778 1087 977 1151 asseverando
995 1087 1136 1172 dixerim)
1155 1102 1259 1174 postea

103 1184 198 1267 Lino,
225 1183 369 1270 Cletoquc
387 1188 527 1266 naortuis,
551 1186 598 1270 qui
614 1183 677 1250 Xll
693 1207 834 1252 annnorum
852 1189 946 1274 spatio
961 1190 1127 1273 singulatim
1145 1191 1259 1278 episco-

103 1301 199 1374 patum
221 1289 427 1367 obtinuerunt,
460 1299 527 1373 post
548 1287 746 1374 apostolorum
764 1286 846 1352 Petri
865 1287 1006 1375 Paulique
1029 1312 1148 1373 necem,
1182 1316 1258 1378 quae

102 1392 131 1453 ia
145 1411 255 1454 annam
273 1387 405 1454 Neronis
420 1387 495 1453 xlt.
516 1390 656 1470 incurrit,
680 1400 740 1454 tum
757 1391 871 1455 demunt
889 1394 1085 1478 pontificatum
1102 1415 1258 1481 capessere

102 1493 138 1555 sit
156 1502 290 1556 coactus.
336 1489 396 1556 Sed
416 1503 570 1577 utcumque
590 1513 658 1556 sese
676 1513 725 1556 res
743 1493 893 1572 babuerit,
924 1493 1125 1561 Romanorum
1142 1499 1257 1583 pontifi-

103 1617 165 1658 cum
189 1596 247 1658 ista
268 1594 419 1657 successio
442 1606 505 1658 estc
536 1591 643 1659 Petrus
663 1590 837 1675 etPaulus,
868 1593 962 1661 Liscus
982 1620 1016 1662 ae
1035 1594 1155 1678 Cletus,
1187 1597 1257 1666 Cle·

102 1717 202 1776 mens,
237 1693 411 1774 Euaristus,
446 1697 631 1776 Alexander,
665 1694 801 1783 Xystus,
832 1697 1051 1784 Telesphorus,
1085 1697 1254 1785 Euaristus,

104 1797 257 1885 llpginus,
286 1794 377 1877 Pius,
407 1797 569 1876 Anicetus,
600 1799 647 1881 qui
664 1811 710 1864 est
725 1821 742 1862 a
757 1821 803 1864 me
820 1801 906 1884 paulu
922 1812 990 1865 ante
1006 1802 1034 1865 in
1054 1791 1256 1890 episcoporum

103 1901 204 1965 ordine
223 1910 407 1963 numeratus.
450 1900 498 1963 Ac
514 1899 623 1963 nemini
638 1921 710 1964 saue
727 1901 829 1966 mirum
846 1901 981 1967 videatur
996 1925 1049 1969 cur
1061 1905 1176 1990 singula
1194 1917 1257 1970 tan·

103 2015 132 2066 ta
147 2025 214 2066 eum
232 2001 383 2086 diligentia
400 1999 608 2086 percurrerim.
645 1999 705 2066 Per
721 2003 794 2068 baec
809 2004 886 2068 euim
902 2016 1042 2090 perpetuo
1057 2017 1138 2071 certa
1153 2030 1256 2072 accur·

101 2117 222 2190 rataque
240 2104 350 2168 veritas
366 2103 540 2168 ostenditur.
587 2101 785 2187 Quamobrem
802 2106 933 2186 Aniceti,
952 2119 983 2172 ut
999 2107 1107 2172 dietum
1122 2121 1168 2174 est
1182 2121 1255 2174 tem·

102 2227 189 2291 pore,
218 2203 395 2271 Marcelline
411 2205 459 2269 illa
477 2203 602 2269 Romam
617 2205 758 2287 veniens,
772 2263 776 2278 ‚
791 2220 821 2272 et
837 2205 1088 2293 Carpocratiauae,
1103 2210 1254 2276 doctrinae

102 2310 182 2373 virus
201 2329 361 2386 evomens,
392 2308 499 2372 multos
517 2307 577 2371 illic
593 2329 696 2372 errore
715 2331 769 2375 suo
786 2310 959 2396 depravatos
976 2311 1005 2375 iu
1022 2313 1146 2376 exitium
1161 2314 1254 2398 impu·

101 2411 143 2493 lit3
167 2411 355 2494 indidemque
370 2407 578 2474 Gnosticorum
594 2421 662 2474 sunt
676 2411 805 2476 excitata
820 2412 988 2498 primordia.
1033 2412 1152 2478 Habent
1165 2437 1255 2501 porro

103 2509 325 2599 Carpocratiaai
342 2511 470 2596 depictas
487 2512 633 2576 coloribus
650 2513 810 2598 imag'aes,
843 2513 957 2599 quidam
977 2515 1064 2580 etiam
1081 2537 1187 2582 aureas
1204 2529 1255 2582 aut

100 2625 276 2698 argenteas,
307 2613 355 2677 vel
375 2613 489 2678 exalia
508 2615 629 2678 materia
649 2616 757 2693 lactas,
788 2637 860 2699 quas
879 2636 945 2680 esse
963 2613 1032 2682 lesu
1050 2617 1159 2704 effigies
1178 2620 1254 2683 alhr-

101 2727 196 2796 mant,
228 2716 405 2800 easdemque
427 2713 568 2780 aPoutio
587 2713 684 2780 Pilato
706 2717 740 2782 ad
762 2714 873 2783 Christi
895 2717 1113 2784 similitudinem
1132 2721 1252 2801 effictas,

101 2841 156 2904 quo
171 2830 305 2903 tempore
322 2817 400 2881 inter
412 2817 544 2882 homiues
558 2818 695 2902 degebat.
734 2817 793 2884 Sed
808 2821 950 2884 eiusmodi
964 2823 1108 2906 imagines
1123 2824 1253 2888 occultas

101 2921 224 2998 babent,
250 2940 306 2983 uec
323 2941 382 2982 non
396 2929 425 2983 et
441 2919 676 3006 philosophorum
693 2922 890 3005 quorundam,
914 2934 946 2986 ut
961 2921 1160 3010 Pythagorae,
1184 2922 1253 2989 Pla-

101 3023 192 3102 tonis,
219 3022 408 3101 Aristotelis,
432 3021 630 3107 aliorumque,
655 3023 759 3108 quihus
778 3045 829 3088 eas
848 3047 920 3110 quas
936 3025 996 3090 dixi
1017 3021 1127 3092 Christi
1142 3025 1253 3111 effigies

99 3124 241 3202 miscent,
267 3134 298 3186 et
315 3135 431 3188 erectas
449 3125 533 3189 simul
551 3145 653 3190 omues
670 3126 811 3206 adorant,
834 3127 869 3190 ad
888 3148 995 3212 easque
1010 3129 1159 3210 gentilium
1178 3129 1253 3190 ritus

100 3225 266 3290 instituunt.
312 3222 473 3290 Collocatis
495 3227 572 3290 enim
590 3227 753 3292 simulacris
774 3230 858 3308 istis,
889 3249 963 3313 quae
982 3249 998 3292 a
1015 3229 1172 3310 gentilibus
1189 3227 1253 3292 lieri

99 3330 196 3394 solent
219 3328 358 3412 deinceps
380 3327 543 3412 perficiunt.
589 3326 716 3412 Quinam
737 3352 810 3396 vero
832 3340 909 3395 sunt'
920 3329 1044 3414 gentiles
1067 3329 1088 3392 ii
1104 3330 1179 3393 ritus
1203 3326 1254 3392 alii

98 3451 183 3514 qaam
198 3429 355 3508 sacrificia,
379 3440 554 3515 caeteraque
567 3432 685 3515 generis
701 3433 852 3497 eiusdem?
894 3427 1053 3496 Caeterum
1066 3430 1107 3493 ita
1121 3430 1176 3494 soli
1190 3429 1253 3494 aui-

97 3552 163 3594 ruae
183 3530 309 3596 salutem
332 3531 478 3596 attibuunt
501 3542 533 3596 ut
557 3533 594 3596 ab
615 3533 680 3598 eiad
698 3534 901 3598 communione
925 3553 1047 3618 corpora
1069 3532 1252 3617 segreganda

97 3643 212 3718 putent.

183 3732 383 3818 Quamobrem
406 3737 485 3800 omni
508 3736 574 3800 illos
597 3758 652 3823 ope
676 3738 831 3822 profligare
856 3744 971 3822 oportet
992 3747 1078 3820 atque
1102 3747 1250 3802 evertere.
1271 3751 1332 3819 cap.
1347 3753 1402 3804 vlt.

95 3835 204 3922 Neque
227 3837 305 3901 euim
327 3840 466 3922 estquod
486 3839 628 3902 eiusmodi
647 3840 781 3923 dogmata
799 3837 970 3924 praesertim
990 3861 1007 3901 a
1025 3838 1075 3902 tali
1091 3837 1252 3924 impostore

96 3939 229 4024 proiecta
248 3939 390 4024 quispiam
408 3951 586 4004 contemnat.
632 3941 751 4006 Atenina
770 3943 847 4005 dicut
864 3939 981 4024 aliquis,
1003 3938 1114 4004 Nonne
1132 3962 1168 4004 ea
1185 3952 1254 4006 sunt

97 4041 217 4126 eograitu
243 4039 342 4104 facilia
364 4042 543 4128 stultitiaque
566 4043 753 4130 plenissima?
797 4040 873 4108 Sunt
900 4064 934 4107 ea
962 4064 1045 4108 vero.
1096 4039 1156 4108 Sed
1182 4042 1254 4105 insi-

96 4143 244 4228 pientibus
257 4141 346 4206 stulta
363 4143 531 4228 plerumque
547 4147 771 4230 persuadentur,
792 4146 850 4208 imo
865 4145 951 4208 eham
967 4147 1124 4231 prudentes
1140 4167 1157 4208 a
1172 4153 1251 4206 recta

96 4247 141 4308 ria
165 4245 344 4322 deflectunt,
378 4245 433 4308 uisi
457 4247 545 4310 animi
569 4247 615 4311 vis
637 4248 713 4310 adsit
737 4245 868 4312 veritatis
892 4249 1105 4311 exercitatione
1126 4247 1250 4308 humata.

96 4345 296 4429 Quamobrem
316 4369 380 4410 cum
399 4347 430 4410 in
446 4348 549 4412 iisdem
566 4349 671 4434 quibus
689 4347 792 4414 Simon
811 4349 932 4434 magicis
949 4350 1060 4414 artibus
1077 4356 1252 4430 caeteraque

96 4469 229 4514 errorum
247 4451 332 4513 laece
351 4445 516 4534 Carpocras
533 4449 665 4528 haereat,
689 4471 743 4514 uas
761 4453 877 4515 easdem
894 4472 1009 4536 quoque
1023 4450 1056 4513 ad
1073 4449 1151 4512 illum
1168 4467 1254 4514 ever-

95 4554 217 4617 tendum
236 4551 369 4615 rationes
387 4550 598 4616 adhibebimus.
645 4549 677 4617 Si
695 4553 774 4616 euim
791 4553 889 4638 ignota
912 4553 960 4617 illa
982 4573 1037 4615 nec
1059 4550 1117 4614 ullo
1137 4550 1254 4614 numine
