3110 4984
344 340 480 392 eunoun
497 341 574 392 cnr.
591 339 762 392 eunucus
780 340 842 392 nm.
855 342 874 392 1.
892 339 973 392 rou.
986 342 1005 392 1.
1194 329 1253 394 10³

109 461 216 538 dicant,
241 478 315 544 quae
330 458 408 522 illins
423 457 590 544 praestigiis
608 458 787 536 alliciuntur,
811 457 948 524 nimirum
963 441 1126 537 Ebicnaei,
1149 482 1185 524 ac
1200 482 1251 546 po·

107 563 243 626 steriores
258 559 425 638 Nazaraei,
449 557 577 638 (laseri,
601 560 649 645 qni
667 571 726 624 tam
742 570 809 624 ente
830 559 910 624 illum
923 583 1008 646 qaam
1027 584 1092 626 uum
1110 561 1161 628 illo
1183 584 1251 650 pro-

106 665 233 740 dierunt,
264 673 295 726 et
317 661 486 740 Nazaraei,
518 663 555 725 de
576 661 681 746 quibus
702 671 788 726 antea
810 663 965 748 disputavi.
1012 660 1169 729 Caeterum
1192 687 1250 729 uua

105 777 146 830 est
160 767 233 829 baec
249 765 382 829 haeresis
402 785 442 830 ex
456 763 513 828 illis
529 775 641 848 septem
658 784 732 848 quae
751 763 965 850 Hierosolymis
983 766 1146 831 extiterunt
1167 777 1196 832 et
1213 769 1249 830 ad

105 865 212 933 Christi
228 867 387 932 advenum
403 885 496 951 usque
514 877 692 951 propagatae
708 875 788 944 suut,
811 886 846 929 ac
864 867 1003 953 deinceps
1019 867 1056 931 ab
1074 867 1159 932 buius
1177 879 1250 932 tem-

104 970 218 1054 poribus
237 970 273 1034 ad
283 967 581 1053 Hierosolymilanum
598 967 756 1046 excidium,
771 968 847 1052 quod
862 965 933 1032 Tito
948 969 1021 1032 duce
1036 969 1170 1052 contigit,
1189 968 1250 1034 llo-

104 1071 210 1136 nitiaui
230 1074 341 1149 intre,
365 1080 396 1134 ct
410 1067 585 1156 Vespasiani
605 1069 789 1155 imperaturis
806 1069 876 1133 lilio.
921 1067 994 1135 Post
1012 1091 1118 1135 eversa
1135 1071 1247 1136 demum

104 1172 309 1259 Hierosolyma
323 1172 406 1237 stetit
420 1171 472 1236 illa
486 1170 570 1236 brari
585 1169 714 1254 tempore¹
728 1193 793 1234 cum
809 1170 935 1236 caeteris
950 1193 1024 1257 quae
1043 1183 1103 1236 tum
1119 1171 1250 1238 celebra·

104 1275 204 1340 bantur
218 1275 323 1354 sectis,
346 1294 457 1359 eaeque
474 1275 593 1338 luerunt
608 1270 858 1350 Sadducaeorum
875 1271 1058 1352 Scribarum,
1076 1271 1250 1338 Pharisaeo-

104 1399 174 1458 rum,
199 1375 536 1460 Hemerobaptisturum,
559 1373 798 1452 Nasamonum,
818 1371 1002 1439 Ossennrum
1020 1384 1050 1438 et
1065 1373 1251 1440 Herodiano·

104 1499 179 1558 rum,
203 1480 298 1542 donec
315 1499 369 1542 aua
388 1498 521 1563 quaeque
543 1474 758 1562 opportunitate
780 1498 815 1542 ac
837 1487 968 1561 tempore
991 1476 1128 1562 dissipata
1150 1467 1263 1561 periit.

181 1579 340 1646 Postremo
363 1581 436 1644 satis
458 1600 527 1644 esse
547 1579 635 1643 debet
659 1579 735 1663 qnod
765 1600 804 1642 ex
824 1578 948 1662 ipsamet
975 1577 1089 1643 illorum
1112 1577 1384 1660 vesania,cap.v1.

104 1684 227 1768 ipsisque
244 1683 320 1746 aden
337 1681 476 1760 vocibus,
500 1679 604 1767 quibus
620 1682 753 1764 dogmata
769 1701 821 1743 sua
840 1680 1021 1763 praedicant,
1043 1691 1145 1744 conus
1163 1680 1250 1746 letale

104 1807 199 1848 coruus
216 1787 300 1848 virus
316 1783 481 1868 comparari
498 1784 657 1847 remedium
674 1792 788 1867 potest,
821 1782 857 1843 ab
873 1803 910 1846 eo
924 1783 972 1866 qui
989 1781 1141 1870 prudentia
1153 1781 1250 1867 aliqua

105 1887 139 1949 sit
152 1886 321 1970 praeditus,
345 1897 377 1950 ut
396 1885 482 1948 lacile
507 1883 653 1949 sordidam
676 1884 799 1948 istorum
817 1884 979 1948 doctrinam
999 1895 1030 1948 et
1046 1884 1249 1968 loquacitatem

105 1989 286 2052 condemnet.
331 1985 495 2073 Praecipue
516 2007 557 2050 ex
576 2007 612 2050 cc
633 1987 709 2070 quod
726 1997 785 2049 tam
807 1984 837 2049 iu
859 1984 927 2070 loge
944 2006 1029 2070 quam
1048 1985 1078 2050 iu
1094 1987 1249 2069 evaugelio

103 2088 166 2152 sita
186 2087 308 2153 domiuo
326 2090 452 2168 dictum,
483 2093 550 2152 Nun
565 2089 679 2150 debebis
696 2091 762 2150 dene
779 2090 852 2148 ubba
862 2102 979 2168 praeter
995 2109 1056 2150 ore:
1079 2091 1144 2151 Noa
1161 2109 1247 2150 ωιν-
1259 2095 1399 2148 &elaea

100 2193 175 2271 ‚aaa
193 2197 224 2254 c'o
239 2195 424 2254 rodmundo
438 2213 536 2254 comeo
549 2193 679 2253 clumbe
726 2189 769 2252 Αι
783 2190 812 2253 in
829 2190 985 2273 evangelio
998 2189 1157 2274 praecipit,
1180 2192 1247 2253 Noa
1271 2199 1350 2250 ιιιιιι

101 2299 209 2367 oerore,
234 2317 325 2376 neque
338 2297 460 2368 ιισὶιιιιι,
488 2315 578 2375 oeque
599 2305 722 2366 teman,
755 2313 843 2373 oeque
861 2294 942 2354 uland
958 2295 1169 2366 cucumerum,
1200 2295 1252 2354 aed
1279 2255 1347 2314 W

101 2408 154 2458 erto
170 2399 252 2460 nobb
266 2400 457 2458 im‘r'ar'uruodi
472 2399 574 2469 abatur,
598 2399 704 2468 Etcum,
728 2398 822 2466 auum,
845 2397 964 2466 atho,
987 2415 1062 2467 onae
1086 2395 1161 2475 quod
1176 2397 1248 2456 ιιὺιι

99 2501 288 2562 emuncto
311 2501 346 2560 r'r's
362 2509 438 2560 eata
452 2501 525 2560 raab
542 2509 594 2560 est.
640 2495 784 2579 Equidem
802 2495 911 2558 idcirco
926 2495 1073 2558 dominum
1097 2496 1132 2558 dc
1155 2513 1191 2557 ea
1214 2513 1247 2556 rc

99 2601 236 2665 sanxisse
255 2597 447 2678 crediderim,
472 2599 547 2683 quod
565 2598 697 2663 existere
715 2595 789 2660 certi
808 2596 940 2659 homiues
959 2595 1100 2662 deberent
1122 2595 1171 2681 qui
1192 2594 1249 2658 alia

99 2721 241 2788 murpare
255 2702 286 2766 in
301 2701 459 2765 deierando
475 2700 593 2765 nomina
608 2700 778 2763 suaderent.
812 2697 860 2762 Ac
876 2698 998 2782 primum
1015 2698 1165 2775 statuisse,
1190 2718 1249 2760 unua

98 2823 161 2868 csse
178 2804 337 2867 iurandum
356 2803 489 2888 penitus,
512 2823 551 2866 ne
568 2802 714 2865 dominnm
733 2800 848 2884 quidem
864 2800 976 2884 ipsum,
1001 2819 1096 2884 oeque
1110 2798 1187 2864 aliud
1205 2798 1251 2862 ul·

98 2906 152 2970 lum
168 2905 336 2969 iusiuraodi
358 2924 452 2988 genna
475 2903 709 2989 conscipiendum.
752 2899 827 2966 Mali
842 2903 920 2966 euim
936 2911 983 2966 eet
997 2902 1117 2966 omuino
1137 2901 1248 2966 iurare.

99 3005 227 3072 Proinde
243 3007 337 3071 malus
351 3015 399 3070 est
414 3005 462 3090 qni
479 3027 532 3092 per
547 3003 635 3070 Elxai
650 3005 765 3068 locutus
783 3014 847 3083 estc
870 3004 919 3088 qui
938 3025 997 3068 unu
1015 3003 1102 3068 modu
1115 3003 1249 3067 deierare

99 3131 149 3192 per
166 3111 255 3173 deum
272 3108 369 3194 eupit,
392 3106 598 3172 verumetiam
618 3127 672 3193 per
685 3106 795 3187 salem,
819 3126 936 3190 aquam,
960 3105 1093 3184 aethera,
1117 3115 1249 3180 rectum,

100 3223 220 3287 urum,
244 3220 333 3294 atque
351 3211 477 3274 coelum.
522 3209 621 3292 Atque
638 3209 693 3272 bae
709 3210 784 3272 dnae
799 3183 928 3272 ratiobes
949 3227 1027 3272 ame
1044 3205 1140 3272 obiter
1156 3204 1250 3288 expli-

100 3324 181 3376 catae
196 3311 363 3390 sufficiunt,
387 3321 537 3374 utcontra
555 3309 632 3375 illius
649 3330 768 3374 errores
783 3308 922 3394 quilibet,
946 3307 995 3394 qui
1016 3307 1130 3392 quidem
1153 3303 1251 3368 curari

99 3415 180 3493 velit,
203 3426 335 3500 paratum
352 3411 515 3476 antidotum
532 3411 650 3478 babeat.
695 3408 893 3494 Quamobrem
911 3408 996 3494 nugis
1012 3409 1097 3475 istius
1120 3403 1252 3470 baeresis

101 3537 134 3578 ac
148 3516 271 3582 subdola
295 3515 483 3578 cavillatione
503 3512 712 3600 praetermissa
736 3512 772 3576 ad
789 3509 850 3577 Vll
874 3529 1069 3595 eorumquae
1090 3517 1149 3572 tum
1174 3509 1250 3594 apud

102 3615 225 3682 luderem
238 3615 380 3701 rigebant
393 3617 626 3702 redarguendam
642 3636 690 3681 use
706 3615 869 3680 conferam.
914 3609 961 3679 Ea
976 3623 1023 3678 eet
1038 3607 1193 3676 eiusmodi.

376 3855 628 3934 ADVERSUS
654 3851 974 3932 musulanos.

241 3979 332 4072 Quae
359 3985 411 4052 est
435 3977 582 4052 baeresia
606 3975 767 4051 ludaismi
781 3975 881 4066 vlt,
906 3973 1022 4048 ordine
1041 3971 1118 4048 XX.

185 4141 319 4229 Septima
335 4156 401 4230 post
416 4145 584 4230 superiores
604 4145 669 4209 illas
685 4133 919 4211 Herodianorum
938 4141 1070 4207 haeresis
1087 4149 1144 4203 est.
1190 4133 1248 4220 Qui
1280 4139 1372 4214 cap-¹·

101 4245 172 4309 nibil
196 4247 346 4310 diversum
375 4245 534 4332 areliquis
560 4246 723 4310 babuerunt
747 4255 778 4308 et
801 4241 903 4310 ludaei
928 4243 1001 4308 meri
1025 4252 1112 4318 suut,
1141 4239 1253 4302 inertes

101 4347 188 4412 iidem
203 4369 241 4412 ac
256 4348 455 4414 simulatores.
501 4345 558 4432 Qui
578 4347 728 4413 Herodem
745 4341 896 4412 Christum
917 4347 1063 4410 dominum
1088 4361 1155 4406 esse
1175 4339 1252 4403 dice·

100 4555 171 4604 ιιιίιι
183 4547 276 4622 Ἀρκεῖ
288 4551 354 4614 aduc
370 4549 400 4608 ct
416 4551 490 4622 ἰχιιι.
