3100 4984
329 312 390 375 376
747 314 869 368 δλΝέίΤῖ
885 315 1055 366 nummu

182 446 248 514 Κεφ.
267 440 312 512 λη’.
422 443 514 504 Τοῦτο
529 434 561 501 ιδ
577 434 713 521 κήρυγμα
727 439 934 518 παρειληφοῖα,
955 433 1007 497 καλ
1019 429 1129 516 ταότην
1141 433 1198 519 τὴν
1212 440 1327 520 τείσειν,
1349 435 1390 515 ός
1403 463 1466 524 προ·

331 543 458 625 έφαμεν,
479 538 500 624 ἡ
516 542 666 621 ἐκκλησία,
687 540 791 622 καίπερ
808 538 840 602 ἐν
855 534 913 624 ίίλςο
929 541 970 624 τῷ
983 534 1084 624 κόσμῳ
1101 541 1314 622 διεσπαρμέιη,
1337 545 1467 625 ἐπιμελεῖς

330 643 481 726 φυλάσσει,
504 639 545 718 οῖς
559 643 609 707 ἕνα
623 637 706 708 οίκον
719 641 851 717 οίκοῦσα,
873 640 923 703 καί
936 635 1046 721 δμοίως
1060 639 1188 706 πιστεύει
1200 640 1328 722 τούτοις,
1351 642 1392 720 αῖς
1404 649 1465 726 μίαν

330 743 429 829 ψυχὴν
447 745 499 810 καί
514 742 568 827 τὴν
586 740 679 825 αόεήν
693 743 798 824 ἐχουσα
812 743 952 826 καρδίαν,
981 742 1032 806 καί
1047 742 1217 824 συμφοίνως
1230 751 1323 810 ταῦτα
1336 743 1466 832 κηρόσσει
1524 811 1525 816 ,

329 849 379 914 καί
395 845 522 912 διδάσκει
538 847 588 912 καί
604 846 821 930 παραδίδωσιν,
849 840 889 918 οῖς
901 847 936 908 ἓν
951 842 1044 925 στόμα
1060 848 1230 929 κεκτημένη.
1277 851 1357 914 ιίίαλ
1372 848 1425 934 γόρ
1439 851 1468 912 εί

329 947 403 1016 κατιί
419 948 472 1016 τόν
488 948 601 1031 κόσμον
615 944 761 1012 διείλεκται
775 943 926 1028 εῖνόμοιαι·
957 943 1015 1010 αλλ’
1035 944 1057 1029 ἦ
1072 946 1197 1031 δύναμις
1217 955 1269 1032 της
1286 950 1467 1036 παραδόσεως

330 1056 382 1136 μία
397 1055 448 1118 καί
462 1049 482 1134 ἦ
497 1048 571 1133 αότή
580 1101 589 1129 ,
618 1051 668 1116 καλ
685 1047 753 1114 οὔτε
769 1051 844 1114 αίέν
860 1051 1035 1133 Γερμανίαις
1050 1051 1201 1137 ἱδρυμέναι
1218 1054 1368 1137 ἐκκλησίαι
1384 1053 1467 1128 ἄλλως

330 1153 568 1243 ιιειρστεόκασιν,
598 1151 620 1235 ἢ
641 1150 733 1227 ἄλλως
753 1148 983 1238 παραδιδόασιν,
1012 1148 1080 1217 οὔτε
1100 1155 1133 1218 ἐν
1153 1163 1217 1231 ταῖς
1233 1153 1380 1241 ’ίβερίαις,
1409 1155 1466 1221 οὔτε

330 1260 362 1325 ἐν
378 1263 507 1333 Κελτοῖς,
525 1253 592 1322 οὔτε
605 1250 679 1320 ποιοῖ
693 1252 746 1330 τοῖς
760 1250 912 1332 όνατολιλς,
930 1249 998 1318 οότε
1013 1255 1045 1318 ἐν
1057 1255 1210 1346 Αίγόπεφ,
1232 1255 1301 1323 οὔτε
1316 1261 1348 1324 ἐν
1361 1256 1466 1347 Λιβόη,
1525 1289 1526 1320 ι

331 1359 398 1427 οόεε
410 1363 444 1424 αί
454 1356 528 1424 κακδ
542 1360 615 1441 μέσα
627 1365 682 1422 τοῦ
698 1355 813 1437 κόσμου
827 1357 991 1440 ἱδρυμέναι·
1014 1353 1074 1420 ἀλλ’
1088 1355 1184 1444 όίςπερ
1200 1356 1218 1424 ό
1231 1359 1312 1442 ἥλιος
1324 1359 1357 1426 τό
1372 1365 1468 1442 κτίσμα

329 1467 384 1528 τοῦ
403 1466 479 1527 θεοῦ
499 1463 531 1526 ἐν
550 1458 609 1549 δλφ
625 1464 665 1547 τῷ
680 1456 781 1547 κόσμςο
800 1455 842 1533 είς
857 1459 906 1522 καλ
922 1453 940 1524 ό
957 1455 1061 1538 αότός,
1094 1460 1171 1526 οὕτω
1188 1462 1238 1526 καί
1255 1463 1313 1528 ’τό
1332 1468 1411 1544 φῶς,
1438 1459 1467 1526 τό

332 1564 468 1650 κήρυγμα
481 1567 537 1645 τῆς
552 1560 691 1645 όληθείας
703 1566 833 1650 πανταχῇ
849 1564 958 1641 φαίνει,
973 1562 1023 1626 καί
1037 1566 1154 1641 φωτίζει
1169 1563 1282 1640 πάντας
1296 1563 1469 1649 όνθρόκονς

332 1665 401 1743 τοῖς
418 1667 615 1754 βουλομένους
631 1666 672 1741 είς
688 1666 844 1748 ἐπίγνωσιν
859 1659 999 1746 όληθείας
1014 1665 1129 1744 ἐλθεῖν,
1151 1664 1283 1733 καλοῖτε
1298 1663 1315 1732 ό
1330 1665 1409 1732 πόνο
1422 1670 1468 1730 δυ-

332 1767 420 1846 νατός
439 1770 470 1833 ἐν
489 1765 566 1855 λόγῳ
587 1773 645 1832 τοῖν
666 1769 696 1832 ἐν
718 1773 783 1841 ταῖς
801 1767 965 1848 ἐκκλησίαις
980 1765 1174 1852 προεσεότων
1189 1771 1272 1854 ἕτερα
1287 1767 1401 1834 τούτων
1417 1770 1469 1850 ἐρεῖ

334 1869 442 1950 (οὐδεὶς
454 1868 509 1955 γὰρ
525 1866 600 1954 όπέρ
615 1866 667 1934 τόν
680 1866 876 1946 διδάσκαλον),
899 1865 966 1934 οὔτε
983 1865 1142 1952 όοίσθενὴς
1159 1873 1191 1935 ἐν
1205 1879 1247 1961 τρῖ
1261 1871 1338 1960 λόγφ
1356 1869 1468 1936 ἐλαττοῖ·
1526 1879 1527 1900 ¹

333 1996 375 2040 σει
392 1971 445 2055 τὴν
462 1969 631 2056 παράδοσιν.
675 1978 759 2046 Μιᾶς
776 1969 832 2057 γοίρ
850 1972 901 2035 καλ
919 1978 972 2053 τῆς
986 1968 1078 2054 αὐτῆς
1093 1977 1216 2050 πίστεως
1233 1972 1339 2056 οὔσης,
1371 1971 1435 2038 οὔτε
1453 1967 1469 2036 ό

334 2073 410 2142 πολδ
426 2076 492 2159 περί
510 2071 600 2155 αὐτῆς
616 2073 778 2156 δυνάμενος
792 2075 883 2138 είπεῖν
899 2071 1086 2152 ἐπλεόνασεν,
1108 2073 1175 2140 οὔτε
1191 2073 1210 2140 ό
1226 2075 1259 2142 εδ
1278 2073 1377 2161 ὀλίγον
1392 2074 1467 2158 η’λστ-

332 2175 444 2261 τόεησε.
493 2173 532 2242 Τό
550 2178 581 2242 δὲ
596 2184 695 2242 πλεῖον
710 2175 731 2258 ἢ
746 2177 863 2240 ἔλαττον
878 2174 952 2241 κατεῖ
966 2173 1082 2241 σόνεσιν
1098 2179 1207 2242 είδίναι
1220 2177 1302 2254 τενεῖς
1318 2174 1374 2243 οόκ
1390 2180 1469 2264 ἐντῷ

334 2279 389 2364 τήν
399 2278 544 2346 ὑπόθεσιν
555 2275 648 2362 αότην
659 2276 808 2344 ιίλλιίσσειν
819 2283 936 2362 γίνεται,
950 2281 1000 2343 καί
1012 2275 1098 2344 όίλλον
1110 2278 1186 2344 θεδν
1196 2288 1386 2366 παρεπινοεῖν
1394 2278 1469 2366 παριί

334 2381 386 2449 τόν
405 2381 587 2467 δημιουργόν
607 2383 657 2447 καί
678 2379 802 2464 ποιητὴν
823 2382 871 2446 καί
894 2383 1005 2466 τροφέα
1023 2387 1078 2446 τοῦ
1098 2382 1131 2446 δέ
1150 2387 1204 2446 τοῦ
1223 2380 1350 2462 παντός,
1377 2380 1419 2458 οῖς
1434 2379 1470 2464 μη

334 2484 534 2570 ἀρκουμένους
554 2483 686 2574 έτοότιμ,
710 2482 732 2566 ἢ
748 2481 834 2549 όίλλον
852 2482 995 2569 Χριστόν,
1020 2482 1042 2566 ἢ
1058 2482 1145 2549 ἄλλον
1161 2491 1338 2568 Μονογενῆ,
1359 2483 1471 2550 ιίλλδέν
1527 2497 1528 2526 ³

336 2595 377 2675 τῷ
391 2584 427 2651 εδ
442 2585 497 2652 ὅσα
513 2590 544 2652 ἐν
557 2590 738 2671 παραβολαῖς
754 2590 864 2671 είρηται
879 2585 1216 2672 *προςεπεξεργιίζεσθαι
1231 2588 1282 2651 καί
1296 2590 1472 2654 συνοικειοῦν

336 2697 372 2779 τῇ
389 2697 440 2772 τῆς
454 2694 576 2764 πίστεως
588 2685 740 2767 ὑποθέσει,
759 2690 811 2753 καλ
825 2690 910 2777 ἐντῷ
924 2687 978 2770 τήν
990 2713 1021 2753 τε
1034 2693 1232 2775 πραγματείαν
1244 2691 1294 2754 καί
1307 2691 1472 2772 οἰκονομίαν

217 2827 267 2872 μς.
279 2813 324 2859 m
338 2798 391 2859 τοῦ
411 2798 487 2856 θεοῦ
508 2790 561 2874 τήν
579 2791 679 2880 ἐπλοῇ
696 2788 902 2876 όνθρωπότητι
926 2793 1104 2876 ὅγινομένην
1120 2794 1338 2876 ἐκδιηγεῖσθαι,
1368 2793 1418 2857 καί
1433 2789 1472 2856 ότι

337 2892 582 2978 ἐμακροθόμησεν
603 2889 622 2957 ό
643 2891 716 2966 θεός
738 2894 786 2958 ἐπί
809 2917 838 2958 τε
858 2897 895 2982 τῇ
914 2901 974 2959 τοῖν
993 2893 1243 2980 παραβεβηκότων
1260 2891 1389 2980 όγγέλων
1407 2891 1471 2958 όπο·

337 3001 439 3085 σιασέφ
455 2997 505 3060 καί
523 2996 571 3059 ἐπί
587 3001 622 3084 τῇ
640 3002 776 3084 παρακοῇ
791 3003 850 3062 τοῖν
867 2993 1037 3084 οίνθρεόπων
1053 3001 1237 3080 σαφηνίζειν,
1265 2997 1316 3061 καί
1334 2994 1385 3061 διδ
1401 3001 1428 3061 εί
1442 2991 1474 3059 ιδ

338 3101 391 3185 μίν
405 3096 583 3182 πρόςκαιρα,
611 3095 645 3162 τοί
663 3098 696 3162 δέ
710 3096 829 3177 αίοίνια,
851 3101 902 3164 καί
919 3098 955 3164 τοί
971 3099 1024 3182 μέυ
1043 3097 1182 3184 οδροίνια,
1204 3100 1255 3163 καί
1268 3095 1306 3163 τοί
1321 3099 1355 3162 δὲ
1370 3101 1475 3184 ἐπίγεια

339 3198 382 3278 είς
400 3203 451 3267 καί
470 3198 489 3267 ό
511 3197 599 3276 αόεδς
619 3199 692 3275 θεός
712 3205 869 3283 πεποίηκεν
886 3199 1086 3287 ἀπαγγέλλειν,
1116 3203 1167 3266 καί
1185 3199 1279 3266 διὰτί
1296 3197 1422 3284 οίόραεος
1439 3198 1476 3264 δν

340 3303 435 3387 έφόνη
454 3311 517 3380 τοῖς
536 3301 703 3390 προφήταις
723 3299 742 3368 ό
761 3302 848 3383 θεός,
877 3301 934 3369 οόκ
955 3305 987 3370 ἐν
1008 3310 1061 3393 μιᾷ
1082 3305 1162 3392 ίδέφ,
1191 3300 1262 3368 ἄλλοί
1279 3301 1372 3380 ι’ῖλλως
1387 3301 1478 3376 ἄλλοις

341 3416 459 3487 συνιεῖν,
475 3407 527 3471 καλ
538 3403 589 3472 διό
602 3409 630 3470 τί
643 3409 787 3489 διαθῆκαι
800 3410 917 3482 πλείους
927 3405 1061 3492 γεγόνασι
1075 3414 1112 3496 τῇ
1126 3403 1339 3492 όνθρωπόεητι
1350 3404 1477 3489 μηνίειν,

340 3511 390 3576 καλ
408 3514 452 3585 τίς
468 3507 590 3592 ἐκείσκης
605 3514 664 3574 τοῖν
681 3511 836 3592 διαθηκῶν
849 3506 868 3574 ό
882 3507 1028 3596 χαρακτὴρ
1046 3508 1210 3588 διδάσκειν,
1236 3509 1288 3574 καί
1303 3511 1355 3574 διδ
1370 3513 1400 3574 τί
1416 3531 1477 3574 συν-

343 3614 447 3677 έκλασε
462 3610 559 3677 πάντα
574 3613 615 3687 είς
630 3607 783 3677 οίπείθειον
799 3608 818 3678 ό
831 3609 919 3692 θεός,
946 3615 995 3678 ῖνα
1013 3610 1084 3688 τοδς
1097 3611 1210 3688 πάντας
1226 3608 1345 3700 έλιηση,
1374 3614 1477 3697 ἐξερεο·

344 3720 412 3794 νᾶν,
433 3716 484 3780 καί
499 3712 549 3779 διοί
563 3717 591 3778 τί
605 3709 623 3780 ό
635 3712 720 3800 λόγος
735 3719 788 3780 τοῦ
800 3721 876 3781 θεοῦ
890 3711 964 3800 σιίρξ
976 3715 1087 3800 ἐγένετο
1101 3715 1152 3780 καί
1168 3715 1281 3779 ἐπαθεν
1296 3710 1479 3798 εὐχαριστεῖν,

342 3817 393 3881 καί
414 3814 464 3881 διοί
486 3821 514 3881 τί
533 3819 571 3882 ἐπ
598 3813 725 3899 ἐσχάτων
748 3823 831 3882 θεοῖν
846 3823 956 3903 καιρῶν
970 3815 992 3900 ἡ
1008 3821 1155 3903 παρουσία
1171 3822 1226 3888 τοῦ
1241 3819 1311 3881 υῖοῖι
1326 3823 1382 3882 τοῦ
1399 3819 1480 3892 θεοῦ,

343 3919 488 3984 τουτέστιν
505 3919 537 3982 ἐν
552 3925 593 4008 κρῖ
610 3921 681 3984 τέλει
696 3917 792 4003 ἐφόνη
808 3917 829 4002 ἡ
844 3917 928 4004 όρχη,
950 3917 1146 4007 ἀπαγγέλλειν,
1168 3920 1218 3984 καί
1233 3921 1302 4003 περί
1316 3925 1372 3984 τοῦ
1386 3921 1482 3994 τέλους

343 4021 394 4088 καί
409 4026 468 4086 τοῖν
486 4018 659 4101 μελλόντων,
681 4020 737 4089 ὅσα
753 4047 782 4088 εε
798 4031 890 4089 κεῖται
905 4026 937 4090 ἐν
955 4031 1019 4100 ταῖς
1033 4029 1164 4109 γραφαῖς
1170 4072 1179 4102 ,
1199 4017 1414 4101 όναπτόσσειν,
1437 4021 1482 4086 καί

378 4161 436 4213 Cu».
450 4159 576 4210 xxxm.
594 4189 627 4199 -
653 4161 675 4212 ί.
691 4165 727 4214 ίια
742 4177 820 4214 οοεειεε
835 4165 895 4212 libn'.
962 4161 985 4214 3.
1003 4158 1085 4230 τοίειρ
1096 4165 1186 4214 mmm
1198 4175 1228 4214 τε
1240 4163 1291 4212 σαί.
1302 4163 1393 4214 Veneto.
1417 4165 1484 4224 ιίιλρο

346 4232 405 4282 αισι
427 4231 513 4280 Grebia
535 4231 705 4281 εειοίλιειισιιιιι
726 4233 819 4282 videtur
839 4223 895 4284 Κᾶι
932 4235 996 4282 ταλαί
1011 4226 1121 4288 τούτους.

344 4295 400 4366 γὰρ.
963 4295 988 4350 λ.
1001 4296 1272 4365 προςειιιξιργάζεσθαι
1282 4295 1326 4352 καλ
1338 4297 1485 4352 συνοικειοῦν

377 4367 402 4418 ·ί.
425 4361 454 4418 τδ
480 4363 537 4432 φῶε
561 4361 589 4418 εδ
614 4360 733 4433 κη’ριγμα
755 4371 845 4418 restitui
867 4383 896 4420 τε
931 4368 1045 4418 αοελῖειι.
1072 4364 1485 4434 προςεπεργοίζεσδαικαλοίκειοῖι

346 4438 479 4486 auctoritare
495 4435 546 4484 κοιλ
563 4434 639 4484 Veneti
658 4439 679 4484 ει
696 4435 743 4485 Vct.
759 4437 898 4500 ίκεειφεειιι,
929 4436 1087 4498 κελητίσαι

346 4505 386 4566 qui
399 4503 465 4552 λσδει
477 4500 512 4552 εἰσ
525 4511 549 4552 ει
563 4499 653 4566 lumen,
667 4501 818 4572 praedicatio
830 4503 897 4555 veri-
966 4505 991 4554 5.
1005 4501 1145 4569 γενομένην,
1159 4507 1194 4554 υλί
1204 4507 1303 4554 οσπικῖί
1313 4506 1399 4554 emim
1410 4519 1487 4556 εισιικ·

347 4569 405 4620 mis
421 4575 471 4622 εειλ
931 4575 988 4624 δοκι
1004 4571 1051 4624 Vct.
1064 4573 1178 4636 ίκίιιρε.,
1193 4573 1261 4624 m
1276 4573 1329 4624 σοί.
1344 4573 1425 4626 Pons.
