3106 4990
351 271 413 334 454
768 281 889 335 amer!
904 281 1075 334 BPIPHANII

341 399 461 481 Ἕλλησι
474 405 565 464 ταῦτα
577 400 714 485 γενέσθαι
726 396 783 464 οῦκ
798 391 836 482 ἦν
848 396 993 482 Ἀλήθεια.
1032 397 1072 465 Τό
1088 397 1144 486 γάρ
1158 406 1243 483 σοῦμα
1256 398 1348 484 αάτῦγς
1361 400 1438 467 κατά
1452 404 1491 481 σέ,

351 500 475 588 Μάρκε,
505 503 741 587 μεταγενέστερον
758 501 810 584 μέν
826 499 951 584 Κάδμου
967 503 1018 567 καί
1032 508 1090 567 τῶν
1105 500 1164 588 πρδ
1182 501 1290 584 αῦτοῦ,
1322 507 1490 590 8μεταγενέ

351 625 451 687 στερον
464 605 495 669 δέ
506 611 565 669 τῶν
580 602 615 668 τά
629 602 717 670 λοιπά
731 603 967 688 προςεθεικότων
983 613 1124 688 στοιχεῖα,
1147 607 1384 690 μεταγενέστερον
1395 608 1428 672 δὲ
1443 609 1491 671 καὶ

231 735 282 781 τις.
295 722 339 768 τοι,
352 715 470 772 σαυτοῦ.
500 705 547 770 Σά
560 705 614 791 γάρ
629 705 721 789 μόνον
733 710 853 772 εἴδωλον
866 706 1027 792 κατήγαγες
1036 705 1090 788 τὴν
1103 703 1164 773 όπό
1178 729 1233 774 σου
1244 710 1399 793 λεγομένην
1412 707 1490 790 Ἀλεξ-

349 817 445 874 θειαν.
491 814 541 884 Τίς
562 807 587 872 δ’
605 807 732 887 άνέξεταί
749 810 805 875 σοῦ’
820 809 873 892 τὴν
889 817 1015 874 τοσαῦτα
1031 817 1221 895 φλυαροῦσαν
1238 810 1348 896 Σιγιξν,
1382 809 1424 894 δῆ
1443 811 1490 877 τόν

349 908 548 994 άνονόμαστον
561 908 704 993 ὀνομάζει,
725 915 775 978 καί
790 910 841 978 τόν
855 910 982 998 άρρητον
997 915 1139 998 ἐξηγεῖται
1152 915 1203 977 καί
1214 911 1267 978 τόν
1281 911 1490 996 ἀνεξιχνίαστον

350 1016 501 1098 έξιστορεῐ,
528 1015 579 1078 καί
602 1011 747 1098 η’νοιχέναι
767 1013 799 1080 τδ
822 1012 916 1098 στόμα
937 1016 1028 1096 φησίν
1054 1013 1187 1080 ιθοιότδν
1208 1015 1244 1082 δν
1264 1014 1422 1099 άσοόματον
1443 1019 1491 1080 τισὶ

349 1113 479 1182 άνείδεον
501 1117 606 1202 λέγειςς
637 1119 689 1181 καί
710 1119 946 1202 προενέγκασθαι
962 1115 1079 1203 Λόγον,
1112 1115 1154 1194 σός
1171 1121 1203 1184 ἓν
1218 1145 1245 1184 τι
1263 1127 1322 1184 τοῦν
1339 1120 1491 1184 συνθέτων

350 1217 441 1298 ζώων,
456 1217 508 1284 τόν
523 1243 553 1282 τε
567 1221 671 1304 Λάγον
685 1216 776 1284 αὐτοῦ
790 1217 894 1302 ὅμοιον
908 1217 979 1285 όντο
993 1227 1035 1310 τῷ
1049 1219 1227 1304 προβαλόντι
1241 1223 1292 1286 καί
1305 1220 1427 1304 μορφάν
1439 1229 1491 1286 τοῦ

349 1317 479 1405 άοράτον
496 1320 635 1406 γεγονότα
657 1327 686 1366 ¹¹
699 1325 844 1404 στοιχείων
859 1322 912 1404 μέν
927 1319 1001 1387 εἶναι
1014 1321 1187 1408 τριάκοντα,
1216 1328 1368 1408 συλλαβῶν
1384 1325 1417 1389 δέ
1433 1345 1490 1388 τεσ-

349 1423 462 1507 σάρωνς
482 1422 585 1488 Ἔσται
602 1416 656 1490 οὖν
672 1421 746 1489 κατά
764 1424 817 1507 τὴν
834 1422 993 1508 ὁμοιότητα
1009 1433 1063 1490 τοῦ
1079 1423 1169 1512 λόγου
1188 1423 1206 1491 ό
1224 1424 1329 1510 Πατὴρ
1344 1433 1404 1492 τοῦν
1420 1425 1489 1490 πάν·

348 1552 422 1606 των,
453 1523 494 1602 τίς
514 1523 551 1590 σῦ
572 1533 648 1615 φῇς,
680 1531 826 1609 στοιχείων
845 1528 897 1609 μέν
918 1526 1088 1614 τριάκοντα,
1117 1533 1269 1612 συλλαβῶν
1289 1530 1321 1594 δέ
1338 1527 1489 1614 τεσσάρων.

341 1627 385 1692 Ἤ
401 1626 489 1693 πάλιν
509 1631 553 1703 τίς
573 1625 701 1706 άνέξεταί
718 1651 771 1694 σου
788 1632 829 1705 είς
846 1628 976 1712 σχήματα
994 1632 1043 1695 καί
1060 1627 1227 1714 α’ριθμοῦς,
1257 1632 1329 1697 ποτέ
1345 1632 1399 1714 μέν
1413 1630 1490 1716 τριά-

349 1757 455 1810 κοντα,
485 1731 554 1796 ποτέ
570 1731 602 1796 δὲ
619 1733 846 1816 εἰκοσιτέσσαρα,
867 1733 937 1797 ποτὲ
953 1733 985 1798 δὲ
998 1737 1031 1810 ἓξ
1046 1731 1139 1814 μόνον
1153 1738 1355 1819 συγκλείοντος
1370 1732 1422 1799 τόν
1436 1741 1490 1798 τάν

349 1832 469 1899 πάντων
483 1831 600 1916 κτιστήν
617 1834 668 1898 καὶ
687 1833 867 1920 δημιουργόν
882 1837 932 1899 καί
950 1833 1076 1918 ποιητὴν
1093 1835 1196 1922 Λόγον
1210 1843 1265 1902 τοῦ
1284 1841 1376 1916 Θεοῦ,
1407 1863 1488 1901 κατα·

348 1939 565 2020 κερματίζοντος
579 1934 671 2002 αὐτόν
686 1939 726 2012 εἰς
740 1935 883 2020 συλλαβάς
898 1937 951 2019 μέν
965 1939 1121 2024 τέσσαρας,
1142 1948 1268 2022 στοιχεῖα
1282 1940 1313 2003 δέ
1326 1937 1489 2023 τριάκοντα,

347 2041 396 2104 καί
410 2037 462 2104 τόν
475 2037 594 2104 πάντων
608 2038 711 2124 κόριον
725 2038 777 2105 τόν
791 2038 984 2124 έστερεωκότα
998 2039 1068 2116 τοῦς
1084 2038 1243 2128 οάρανοῦς,
1265 2045 1307 2117 είς
1323 2046 1391 2126 &tc-91
1406 2041 1489 2108 κατά·

348 2167 450 2227 γοντος
464 2138 610 2226 άριθμόν,
637 2139 747 2224 ὁμοίως
760 2147 801 2229 τῷ
818 2139 977 2231 άλφαβήτῳ
999 2141 1135 2210 ηαάτόν
1150 2169 1179 2208 τε
1192 2141 1243 2210 τόν
1257 2144 1354 2210 πάντα
1365 2151 1489 2228 χωροῦν·

348 2271 383 2308 τα
402 2245 536 2330 Πατέρα,
566 2241 717 2328 άχαόρητον
736 2245 767 2308 δέ
785 2240 966 2328 όπάρχοντα,
997 2249 1038 2322 εἰς
1061 2244 1191 2332 Τετράδα
1211 2249 1263 2311 καί
1279 2244 1428 2333 Ὀγδοάδα
1443 2251 1489 2312 καί

349 2345 467 2413 Δεκάδα
482 2347 533 2411 καὶ
548 2345 711 2411 Δωδεκάδα
725 2343 960 2432 όπομερίζοντος,
982 2350 1034 2413 καί
1049 2346 1099 2414 διά
1114 2351 1331 2415 τῶντοιούτων
1345 2359 1489 2416 πολυτελε-

347 2456 477 2531 σιασμοῦν
491 2447 525 2514 τό
544 2446 670 2533 άρρητον
686 2451 736 2514 καί
754 2446 943 2532 άνεννόητον,
975 2447 1016 2527 τίς
1030 2448 1066 2515 σδ
1081 2452 1157 2541 φῂς,
1188 2458 1241 2516 τοῦ
1260 2451 1382 2538 Πατρός
1398 2456 1489 2534 ἐκδιη-

346 2555 504 2639 γουμένους
535 2553 595 2614 Καί
621 2549 656 2616 δν
683 2548 837 2633 άσάματον
863 2555 914 2616 καί
939 2549 1081 2619 άνοάσιον
1111 2551 1276 2636 ὀνομάζεις,
1306 2553 1362 2638 τήν
1388 2555 1489 2621 τοῦτον

348 2653 451 2719 οῦσίαν
467 2655 516 2718 καί
533 2651 585 2734 τήν
600 2649 762 2718 ότιάστασιν
775 2655 807 2718 έκ
823 2661 936 2719 πολλῶν
952 2655 1128 2740 γραμμάτων
1142 2657 1248 2742 έτίρων
1264 2659 1294 2735 έξ
1311 2659 1419 2744 ἑτέρων
1435 2683 1490 2744 γεν·

347 2757 485 2838 νωμένων
507 2754 742 2835 κατασκευάζεις,
771 2753 860 2832 ου’τός
880 2760 1025 2835 Δαίδαλος
1043 2757 1173 2840 ψευδὴς,
1203 2761 1254 2824 κοιλ
1273 2761 1384 2825 τέκτων
1406 2759 1489 2835 κακός

345 2860 502 2944 γενόμενος
528 2863 580 2939 τῆς
605 2857 891 2942 προπανυπερτάτου
917 2858 1086 2942 δυνάμεωςς
1118 2863 1168 2925 καί
1194 2859 1233 2944 ἣν
1254 2859 1415 2948 ἀμέριστον
1435 2861 1490 2950 φῂς

347 2956 435 3039 εἶναι,
458 2962 499 3034 εἰς
514 2956 654 3040 άφάνους
672 2963 722 3025 καί
739 2959 910 3044 φωνήεντες
924 2963 975 3026 καὶ
989 2958 1166 3045 η’μιφιόνους
1184 2963 1342 3049 φθόγγους
1356 2962 1488 3048 ῦττομερί-

349 3070 406 3141 ζων
419 3059 453 3127 τδ
471 3059 592 3141 άφωνον
607 3059 703 3128 αὐτῶν
717 3071 757 3152 τῷ
772 3070 829 3129 τῶν
843 3061 963 3128 πάντων
979 3067 1087 3150 Πατρί,
1108 3067 1159 3130 καὶ
1176 3074 1212 3155 τῇ
1232 3065 1385 3134 13τοῦτου
1398 3070 1488 3154 έννοίρ

347 3165 595 3248 ἐπιψευδόμενος,
626 3168 667 3240 είς
686 3163 741 3248 τὴν
761 3163 901 3231 άνωτάτω
923 3169 1109 3250 βλασφημίαν
1129 3171 1180 3233 καί
1202 3173 1339 3255 μεγίστην
1360 3167 1489 3254 άσέβιιτν

348 3270 527 3352 ἐμβέβληκας
547 3265 679 3344 άπυντας
700 3266 769 3344 τοάς
790 3289 838 3334 σοι
858 3270 1063 3352 πειθομένους.
1108 3269 1165 3336 Διό
1190 3274 1282 3336 Ηιιαί
1301 3275 1423 3349 δικαίως
1441 3273 1488 3337 καί

347 3367 533 3454 άρμοζόντως
553 3377 590 3460 τῇ
610 3369 731 3460 τοιαύτη
754 3393 809 3435 σου
830 3369 921 3459 τόλμη
943 3368 961 3436 ά
982 3379 1066 3448 θεῖος
1082 3372 1248 3459 πρεσβύτης
1265 3377 1317 3439 καί
1333 3375 1425 3461 τιήρνξ
1438 3381 1488 3456 τῆς

348 3471 488 3558 άληθείας
508 3475 656 3558 ἐμμέτρως
676 3470 853 3556 έπιβεβόηκέ
873 3495 933 3555 σοι,
957 3471 1048 3539 είποίν
1069 3473 1177 3552 οῦτως·

547 3575 731 3640 Είδωλοποιὲ
753 3574 877 3661 Μάρκε,
899 3577 948 3641 καί
970 3576 1172 3662 τερατοσκόπε,

546 3676 766 3764 Ἀστρολογικῆς
787 3681 903 3763 έμπειρε
924 3681 974 3744 καί
996 3687 1122 3766 μαγικῆς
1142 3682 1252 3764 τέχνης,

551 3779 597 3845 Δι’
619 3773 661 3845 άν
681 3779 833 3866 κρατύνεις
852 3787 905 3863 τῆς
925 3781 1037 3864 πλάνης
1057 3782 1093 3846 τά
1115 3782 1284 3869 διδάγματα,

228 3928 278 3974 με,
291 3917 335 3962 21⁸.
548 3891 662 3966 Σημεῖα
683 3880 798 3959 δεικνάς
818 3892 879 3959 τοῖς
898 3881 958 3950 άπδ
980 3891 1035 3949 σοῦ
1056 3888 1258 3970 πλανωμένοις

381 4037 405 4091 8.
424 4039 628 4107 μεταγενέστερον
639 4069 671 4079 -
685 4041 775 4093 σαυτοῦ
793 4056 837 4091 om.
850 4043 901 4092 σοδ.
935 4037 1077 4108 phabe'tum,
1092 4052 1117 4092 et
1126 4042 1205 4109 ipsum
1216 4042 1257 4110 qui
1269 4043 1354 4096 omnia
1365 4045 1429 4112 οεμίι
1440 4043 1484 4093 Ρι-

350 4111 424 4159 Venti.
935 4120 1008 4169 trem,
1024 4127 1038 4158 ν
1053 4109 1121 4160 nullo
1134 4121 1216 4160 autem
1232 4111 1336 4178 capitur,
1351 4113 1376 4162 in
1391 4121 1483 4180 quater·

381 4175 405 4230 9.
422 4165 442 4244 ἦ
457 4172 485 4228 τδ
504 4175 555 4226 cod.
569 4177 642 4224 Venet.
934 4177 1348 4245 nationem—-suppmientem
1359 4187 1409 4232 οτίλ
1426 4181 1486 4230 Unde

386 4243 421 4292 10.
435 4238 511 4295 αδτδν
522 4235 549 4295 δν
560 4245 666 4304 νεωτέρα·
675 4259 705 4294 ιτ
718 4247 765 4295 Vct.
773 4247 901 4308 interprete.
933 4250 1023 4296 οονιιτι·
1038 4239 1114 4300 αὐτόν
1127 4264 1156 4300 τε
1167 4243 1210 4300 τδν
1221 4245 1303 4300 πάντα
1316 4257 1381 4312 σωκ,
1396 4263 1445 4300 cum
1458 4251 1485 4297 λί-

349 4315 414 4362 ιιῦττ·
430 4313 512 4361 habent
529 4303 590 4362 αδτδ
608 4303 643 4362 δν.
933 4317 968 4363 bn·
984 4317 1092 4366 haberent
1107 4311 1182 4368 ου’τδν
1199 4314 1320 4382 γεγονότα
1334 4314 1419 4370 πάντα,
1442 4317 1487 4365 Ρι-

386 4381 422 4431 ΙΙ.
439 4381 511 4428 Verba
523 4377 650 4444 στοιχείων
662 4377 706 4444 μέν
717 4376 779 4432 εἶναι
787 4409 901 4422 ---
932 4385 1010 4432 ίουίυι
1018 4385 1188 4433 rescribendum
1195 4388 1288 4446 μυιονιλ
1297 4378 1435 4453 άλφαβήτῳ
1445 4399 1485 4446 γε·

351 4442 426 4500 αῦτδν
443 4443 562 4511 γεγονότα
579 4461 623 4495 ωτι.
641 4448 690 4496 cod.
708 4449 782 4498 Υιιιιί.
932 4445 1036 4514 γονάτα.
1055 4449 1098 4502 καί
1113 4446 1190 4504 αότδν
1204 4449 1247 4504 τδν
1262 4448 1345 4506 πάντα
1359 4459 1421 4512 ωλι,
1436 4453 1484 4500 Βιλ-

384 4516 423 4566 12.
441 4515 487 4564 Ver.
503 4516 630 4576 Ιαίιτμτιει
646 4513 757 4567 similiter
772 4525 845 4585 atque
860 4516 899 4568 al·
932 4521 992 4568 ίίνει
1017 4512 1175 4587 άλφαβδτῳ,
1200 4519 1245 4572 καὶ
1261 4515 1339 4575 αῦεδν
1359 4517 1400 4574 ze·
1415 4533 1484 4584 γεγι
