3110 4984
383 289 518 342 rnunnn
535 289 598 342 ure
611 291 630 342 ι.
647 291 729 343 noro.
743 291 774 342 11.
790 289 889 342 nanu.
905 291 992 344 xxv.
1205 283 1265 346 tut
1322 355 1324 359 v

107 409 228 494 angelos
249 419 281 474 et
295 409 471 486 tamnes,
503 425 538 471 an
556 417 668 493 septem
687 408 809 495 spiritns
828 419 923 474 ortum
941 409 1090 478 habuisse.
1135 406 1197 476 Sed
1215 410 1261 474 lni-

104 512 247 576 strionice
270 511 320 576 illa
342 509 480 594 figmenta
505 509 584 574 nullo
607 509 725 594 negotio
748 511 935 595 deteguntur.
980 511 1145 578 Nemeum
1170 535 1261 576 nnnm

103 613 188 678 initio
204 624 317 700 patrem
336 609 493 690 definiant,
516 611 640 674 subinde
656 611 755 696 plnres
772 612 844 676 deos
858 613 1033 693 ostendunt,
1056 623 1089 678 ut
1103 613 1261 698 ipsummet

12 735 13 740 ¹
104 735 237 780 errorem
252 736 307 780 sua
324 723 428 778 contra
442 732 477 776 se
490 713 701 796 quodammodo
719 733 834 778 armare
849 712 1000 778 mendacia
1017 726 1258 794 commonstrent,

104 837 138 882 ae
159 815 291 903 seipsum
313 825 468 895 evertere,
499 835 564 878 cum
583 813 701 880 interim
720 813 799 878 omni
816 836 856 878 ex
874 827 956 900 parte
974 816 1128 902 perspicua
1147 818 1261 884 veritae

104 927 256 1004 appareat.

187 1015 266 1102 Quid
284 1029 331 1083 est
346 1017 451 1102 igitur,
474 1014 619 1097 Nicolae,
647 1017 699 1082 tibi
717 1019 794 1103 qnod
813 1021 975 1105 opponent
1004 1018 1139 1104 quidnam
1157 1020 1255 1106 dinpn·
1271 1028 1332 1098 cep.
1347 1030 1390 1081 vt.

102 1121 192 1186 udo?
234 1117 320 1185 Unde
344 1120 428 1184 nolis
448 1129 559 1204 turpem
579 1118 659 1184 illnm
680 1120 781 1184 nescio
801 1141 887 1205 quem
904 1119 1040 1184 Aeonem
1060 1131 1094 1186 ne
1112 1121 1259 1207 nequitiae

103 1224 247 1303 radicem,
269 1234 298 1286 et
316 1223 469 1286 secundam
484 1221 561 1285 illam
576 1218 732 1285 Matricem
748 1243 783 1286 nc
799 1221 926 1306 deniquc'
939 1221 1037 1308 pinnen
1053 1222 1124 1287 deos
1140 1244 1174 1288 eo
1188 1224 1258 1288 dae·

103 1345 207 1390 mones
223 1324 360 1390 invehis?
401 1321 480 1388 Nam
497 1323 572 1407 quod
590 1323 626 1386 ad
644 1324 808 1409 apostolum
824 1324 931 1388 attinet
949 1346 1014 1389 oum
1029 1325 1065 1388 iis
1082 1324 1183 1388 verbis
1200 1324 1258 1388 uti·

104 1436 167 1506 tur,
190 1431 229 1490 Si
243 1438 312 1488 aunt
324 1430 377 1507 qua'
389 1429 568 1506 appetuntur
584 1429 640 1502 dri',
665 1445 718 1489 ens
733 1445 875 1509 nusquam
894 1446 962 1490 esse
977 1425 1134 1509 signifieat.
1180 1421 1406 1498 (iomannes.

104 1527 199 1606 enim,
231 1531 289 1608 Qui
302 1531 498 1608 appellcntm,
527 1525 614 1605 dicit,
637 1527 701 1590 sole
716 1527 784 1591 illos
802 1527 996 1612 appellatione
1013 1537 1168 1605 constare,
1192 1547 1256 1592 eum

104 1631 201 1714 reipsa
224 1629 343 1692 minime
361 1628 539 1705 subsistant,
571 1649 626 1692 nec
648 1628 733 1691 aliter
751 1649 836 1712 qnam
855 1629 1032 1712 quorundam
1052 1629 1188 1714 opinione
1207 1630 1257 1693 do·

106 1733 173 1796 coit.
219 1733 311 1794 Noto
327 1753 393 1794 nero
410 1733 494 1804 deos,
519 1728 629 1812 inquit,
653 1751 725 1790 nnnc
745 1741 802 1804 est,
829 1729 929 1807 nobis,
953 1731 1088 1814 inquam,
1112 1731 1161 1813 qni
1179 1729 1258 1792 vori-

105 1835 172 1898 tatis
189 1852 292 1896 sumno
309 1831 478 1916 cognitione
496 1831 631 1916 praediti.
680 1828 747 1894 Nec
765 1831 812 1914 qui
830 1831 1039 1916 appellaretur,
1073 1831 1125 1894 sed
1144 1830 1193 1915 qui
1211 1850 1258 1893 re-

106 1956 175 1998 vera
197 1944 281 1998 esset
301 1934 391 2013 deus,
422 1932 568 1997 adiunxit.
613 1929 699 2014 Quod
722 1932 747 1995 si
769 1952 844 1995 nnus
867 1931 951 1996 nobis
974 1943 1020 1996 est
1041 1933 1128 2012 deus,
1160 1932 1257 2017 plnres

107 2037 224 2101 omniuo
245 2055 313 2098 esse
338 2055 395 2098 non
418 2045 552 2120 possunt.
596 2031 721 2098 Accedit
743 2042 772 2096 et
791 2027 902 2096 Christi
924 2033 955 2095 in
972 2032 1127 2116 evangelio
1150 2031 1256 2096 dietum

107 2139 190 2203 illud:
220 2143 480 2216 lltcognoseontte
493 2141 583 2200 solnm
596 2157 691 2198 uerum
705 2141 796 2198 deum.
835 2132 903 2217 Quo
917 2133 1081 2198 istiusmodi
1098 2135 1257 2213 hominum,
1272 2148 1407 2210 runcant

107 2239 153 2322 poi
170 2241 256 2304 lictae
276 2238 387 2302 lebnlas
406 2258 442 2302 ac
459 2237 644 2322 multiplicem
660 2236 841 2300 divinitatem
861 2236 1018 2300 commenti
1036 2247 1121 2312 sunt,
1152 2257 1259 2300 sensns

108 2341 350 2426 recogitationes
368 2349 528 2406 everteret.
574 2335 657 2404 Unus
674 2338 751 2402 enim
768 2337 853 2402 nobis
869 2345 916 2402 est
931 2337 1022 2416 dens,
1047 2347 1145 2422 pater,
1168 2337 1258 2414 lilios,

108 2453 136 2506 et
157 2442 280 2528 spirituo
302 2452 439 2520 sanctos,
470 2458 614 2524 personne
636 2449 716 2518 tres,
744 2461 804 2504 una
821 2437 997 2517 dominatio,
1029 2437 1166 2524 divinitas
1188 2458 1258 2514 nna,

109 2565 163 2609 nea
179 2543 276 2608 laudis
291 2543 427 2608 ominibus
446 2542 616 2626 gloriaeque
634 2541 828 2626 praedic-atior
861 2541 981 2624 proinde
998 2559 1182 2624 nequaqnam
1197 2539 1261 2624 pnn-

108 2667 154 2710 rea
174 2645 217 2710 dii
238 2655 319 2710 snut.
363 2641 425 2708 lam
447 2643 534 2723 illud,
564 2644 640 2728 quod
663 2653 830 2726 usurpatum
849 2661 867 2704 a
885 2641 1002 2704 domino
1022 2651 1083 2721 est,
1115 2642 1261 2724 quomodo

109 2757 154 2826 te,
175 2745 317 2825 Nicolae,
342 2746 455 2811 tandem
474 2755 594 2808 auctore
610 2744 780 2830 perlinitur‘l
822 2748 894 2806 Esse
909 2747 1041 2824 quosdam
1056 2747 1198 2806 emundor
1212 2747 1315 2824 qni·
1274 2762 1315 2857 alr
1316 2761 1357 2806 ιιι.

108 2851 141 2912 ni
161 2849 321 2912 dommine
342 2851 463 2910 omnen
481 2859 563 2920 rant,
595 2849 711 2908 erudas
727 2867 787 2908 esse
802 2868 850 2927 qm
848 2849 939 2908 tales
954 2867 973 2908 a
987 2850 1134 2908 mensuare
1145 2847 1312 2926 prndr'c’
1280 2815 1356 2872 1οή

107 2956 181 3026 ror,
202 2953 279 3012 elios
293 2953 411 3032 danim
427 2971 474 3030 qua
489 2971 521 3010 sc
536 2969 618 3028 regar
615 2951 759 3010 eoelestis
776 2969 877 3010 naason
891 2953 1089 3010 coenaverunt.
1136 2944 1261 3029 Quod
1237 2966 1264 3010 su

109 3051 240 3117 nonnulli
265 3050 404 3116 eoelestis
426 3050 509 3132 regni
530 3049 625 3133 gratia
647 3050 714 3113 lacti
736 3060 806 3113 snut
827 3049 969 3126 eunuchi,
1005 3069 1058 3114 our
1078 3045 1262 3132 temetipsum

108 3165 232 3237 tuonqm
252 3153 410 3238 discipulos
427 3151 546 3216 libidine
564 3172 600 3215 ao
618 3150 786 3216 foedissima
803 3151 952 3235 voluptate
968 3151 1096 3236 decipis,
1127 3154 1262 3210 daciscam·
1275 3160 1370 3216 nomn,
1382 3161 1414 3206 n.

109 3277 160 3336 pue
180 3259 328 3316 ceritatem
345 3276 400 3335 per
419 3274 554 3316 summum
574 3257 740 3316 rnr'rretr'trirm
760 3258 882 3326 retines,
911 3272 945 3315 ac
963 3271 1116 3336 perperam
1133 3248 1263 3312 docendo

109 3355 274 3442 depravant
317 3352 398 3420 istud
421 3373 582 3439 porroque
600 3355 714 3418 taudem
734 3365 816 3437 pacto
835 3355 909 3439 apud
926 3364 955 3416 te
972 3353 1102 3435 geritur-t
1145 3355 1187 3412 Be
1205 3352 1262 3410 nnn·
1275 3362 1413 3419 1.car.r‚ar.

106 3461 222 3536 paratos
236 3470 417 3538 praeceptum
433 3461 540 3519 dommi
554 3477 611 3518 non
629 3457 734 3531 indeo,
766 3459 912 3518 cononicam
934 3466 1026 3515 camna
1046 3457 1098 3526 do,
1132 3463 1264 3531 tanquam

108 3563 331 3624 momontum
346 3571 527 3634 mouens,
551 3563 592 3620 r'tn
612 3541 711 3622 donum
728 3580 805 3620 esse:
829 3578 864 3620 ac
880 3575 1013 3618 rursum:
1040 3559 1127 3632 Virgo
1140 3555 1264 3614 sollicito

109 3676 150 3724 eat
161 3667 198 3726 de
213 3667 251 3724 ri'a
266 3683 338 3744 pane
351 3673 417 3724 sunt
430 3665 545 3734 domnini,
569 3663 704 3742 quomodo
714 3663 829 3742 placent
843 3662 963 3728 damano,
989 3667 1020 3716 art
1033 3667 1132 3716 sancto
1146 3661 1186 3716 eit
1200 3677 1264 3716 cor·

104 3787 177 3844 pore
191 3785 228 3828 ao
241 3769 368 3846 ιγινίιιιῖ
411 3760 505 3846 Quam
520 3762 610 3826 multa
624 3763 659 3824 dc
677 3761 830 3836 castitate,
854 3755 1033 3820 continentia
1046 3777 1082 3820 ao
1097 3756 1265 3844 virginitate

109 3865 167 3930 diei
186 3866 327 3952 possnml
372 3862 452 3932 Nam
474 3863 549 3948 apud
571 3874 600 3927 te
616 3861 792 3950 impuritatis
810 3881 896 3923 omne
913 3878 1036 3922 coenum
1053 3860 1119 3924 sinn
1137 3861 1195 3926 ullo
1212 3880 1264 3944 pn·

109 3968 183 4034 dore
199 3967 385 4052 proclinitur.
426 3962 538 4030 Verum
553 3964 663 4030 duabus
680 3964 738 4028 illis
754 3961 885 4026 tribusve
903 3961 1070 4040 sententiis,
1094 3983 1178 4048 quem
1197 3961 1266 4024 mihi

109 4070 427 4158 neopumovertendae
442 4067 581 4131 ridiculae
600 4067 684 4130 huius
703 4075 802 4130 sectae
821 4063 1034 4148 praefixeram,
1066 4066 1206 4128 hactenns
1223 4063 1265 4124 le-

109 4172 244 4236 oloribus
266 4170 442 4255 exposuisse
463 4171 599 4260 sufficiat.

195 4270 347 4387 Deinceps
363 4273 460 4355 itaque
478 4271 590 4334 affinem
611 4269 677 4332 lruin
698 4267 854 4346 haeresin,
885 4267 966 4331 velut
985 4266 1181 4331 luxuriantem
1201 4263 1266 4326 her·
1286 4271 1345 4338 Cup.
1363 4271 1417 4324 vlt.

108 4373 190 4454 bam,
214 4384 266 4437 ant
279 4373 427 4458 spinarum
440 4373 641 4436 densissimam
658 4371 769 4455 copiam
786 4371 911 4453 undique
928 4369 1092 4445 collectam,
1110 4375 1160 4428 unt
1174 4364 1267 4448 ligon-

107 4524 153 4572 πο
168 4505 353 4589 σιιηιιιμέιηι,
368 4510 676 4570 commemoraremus
706 4505 961 4558 ιιιιιιιιιοιιιὶιιιιιιι.ι
986 4503 1181 4564 Petcuioptnrnit
1194 4516 1269 4566 συνη-

110 4579 181 4626 nerttt
195 4575 298 4643 „spinar
284 4575 466 4644 rumnndeqna
452 4579 675 4644 aqueoonnito-
709 4573 824 4639 omninno
