<?xml version="1.0" encoding="UTF-8"?>
<!DOCTYPE html PUBLIC "-//W3C//DTD XHTML 1.0 Transitional//EN"
    "http://www.w3.org/TR/xhtml1/DTD/xhtml1-transitional.dtd">
<html xmlns="http://www.w3.org/1999/xhtml" xml:lang="en" lang="en">
 <head>
  <title>
</title>
<meta http-equiv="Content-Type" content="text/html;charset=utf-8" />
  <meta name='ocr-system' content='tesseract 3.04.00' />
  <meta name='ocr-capabilities' content='ocr_page ocr_carea ocr_par ocr_line ocrx_word'/>
</head>
<body>
  <div class='ocr_page' id='page_1' title='image "./corporishaerese01oehlgoog_0234.png"; bbox 0 0 3112 4984; ppageno 0'>
   <div class='ocr_carea' id='block_1_1' title="bbox 354 297 1244 360">
    <p class='ocr_par' dir='ltr' id='par_1_1' title="bbox 354 297 1244 360">
     <span class='ocr_line' id='line_1_1' title="bbox 354 297 1244 360; baseline 0.003 -3"><span class='ocrx_word' id='word_1_1' title='bbox 354 305 488 358; x_wconf 77' lang='lat' dir='ltr'><strong>ransart</strong></span> <span class='ocrx_word' id='word_1_2' title='bbox 505 306 568 359; x_wconf 82' lang='lat' dir='ltr'><strong>urs.</strong></span> <span class='ocrx_word' id='word_1_3' title='bbox 579 309 598 358; x_wconf 91' lang='lat' dir='ltr'><strong>r.</strong></span> <span class='ocrx_word' id='word_1_4' title='bbox 616 309 697 360; x_wconf 84' lang='lat' dir='ltr'><strong>rom.</strong></span> <span class='ocrx_word' id='word_1_5' title='bbox 711 309 742 360; x_wconf 89' lang='lat' dir='ltr'><strong>rr.</strong></span> <span class='ocrx_word' id='word_1_6' title='bbox 759 308 857 360; x_wconf 82' lang='lat' dir='ltr'><strong>uana.</strong></span> <span class='ocrx_word' id='word_1_7' title='bbox 872 309 992 360; x_wconf 83' lang='lat' dir='ltr'><strong>xxrnr.</strong></span> <span class='ocrx_word' id='word_1_8' title='bbox 1186 297 1244 360; x_wconf 73' lang='lat'><strong>221</strong></span> 
     </span>
    </p>
   </div>
   <div class='ocr_carea' id='block_1_2' title="bbox 93 427 1377 1840">
    <p class='ocr_par' dir='ltr' id='par_1_2' title="bbox 93 427 1377 1840">
     <span class='ocr_line' id='line_1_2' title="bbox 97 427 1246 514; baseline 0.005 -28"><span class='ocrx_word' id='word_1_9' title='bbox 97 429 166 486; x_wconf 68' lang='lat' dir='ltr'><strong>nm·</strong></span> <span class='ocrx_word' id='word_1_10' title='bbox 181 429 318 506; x_wconf 66' lang='lat' dir='ltr'><strong>porum,</strong></span> <span class='ocrx_word' id='word_1_11' title='bbox 352 430 427 488; x_wconf 73' lang='lat' dir='ltr'><strong>Van</strong></span> <span class='ocrx_word' id='word_1_12' title='bbox 449 448 511 488; x_wconf 68' lang='lat' dir='ltr'><strong>eum</strong></span> <span class='ocrx_word' id='word_1_13' title='bbox 533 431 867 508; x_wconf 64' lang='lat' dir='ltr'><strong>menstruosum.</strong></span> <span class='ocrx_word' id='word_1_14' title='bbox 914 429 1012 514; x_wconf 75' lang='lat' dir='ltr'><strong>Atque</strong></span> <span class='ocrx_word' id='word_1_15' title='bbox 1034 428 1074 492; x_wconf 82' lang='lat' dir='ltr'><strong>iu</strong></span> <span class='ocrx_word' id='word_1_16' title='bbox 1097 427 1246 513; x_wconf 71' lang='lat' dir='ltr'><strong>uetnoeps,</strong></span> 
     </span>
     <span class='ocr_line' id='line_1_3' title="bbox 97 527 1377 622; baseline 0.004 -32"><span class='ocrx_word' id='word_1_17' title='bbox 97 547 167 610; x_wconf 80' lang='lat' dir='ltr'><strong>quse</strong></span> <span class='ocrx_word' id='word_1_18' title='bbox 189 527 244 590; x_wconf 89' lang='lat' dir='ltr'><strong>sibi</strong></span> <span class='ocrx_word' id='word_1_19' title='bbox 264 527 395 590; x_wconf 79' lang='lat' dir='ltr'><strong>nuntiata</strong></span> <span class='ocrx_word' id='word_1_20' title='bbox 416 539 484 592; x_wconf 92' lang='lat' dir='ltr'><strong>suut</strong></span> <span class='ocrx_word' id='word_1_21' title='bbox 504 528 583 592; x_wconf 86' lang='lat' dir='ltr'><strong>velut</strong></span> <span class='ocrx_word' id='word_1_22' title='bbox 603 549 655 614; x_wconf 90' lang='lat' dir='ltr'><strong>per</strong></span> <span class='ocrx_word' id='word_1_23' title='bbox 672 530 837 613; x_wconf 85' lang='lat' dir='ltr'><strong>parabolam</strong></span> <span class='ocrx_word' id='word_1_24' title='bbox 857 530 1010 609; x_wconf 87' lang='lat' dir='ltr'><strong>edisserit,</strong></span> <span class='ocrx_word' id='word_1_25' title='bbox 1044 551 1098 594; x_wconf 88' lang='lat' dir='ltr'><strong>uec</strong></span> <span class='ocrx_word' id='word_1_26' title='bbox 1117 530 1248 614; x_wconf 88' lang='lat' dir='ltr'><strong>seprius</strong></span> <span class='ocrx_word' id='word_1_27' title='bbox 1372 607 1377 622; x_wconf 36' lang='lat'><strong>¹</strong></span> 
     </span>
     <span class='ocr_line' id='line_1_4' title="bbox 96 629 1248 715; baseline 0.003 -24"><span class='ocrx_word' id='word_1_28' title='bbox 96 629 129 692; x_wconf 83' lang='lat' dir='ltr'><strong>nd</strong></span> <span class='ocrx_word' id='word_1_29' title='bbox 155 629 318 692; x_wconf 88' lang='lat' dir='ltr'><strong>docendum</strong></span> <span class='ocrx_word' id='word_1_30' title='bbox 342 630 505 696; x_wconf 79' lang='lat' dir='ltr'><strong>accessisse</strong></span> <span class='ocrx_word' id='word_1_31' title='bbox 530 653 615 715; x_wconf 92' lang='lat' dir='ltr'><strong>qnam</strong></span> <span class='ocrx_word' id='word_1_32' title='bbox 637 643 737 714; x_wconf 89' lang='lat' dir='ltr'><strong>aperte</strong></span> <span class='ocrx_word' id='word_1_33' title='bbox 762 632 896 695; x_wconf 91' lang='lat' dir='ltr'><strong>domiuus</strong></span> <span class='ocrx_word' id='word_1_34' title='bbox 920 655 955 696; x_wconf 92' lang='lat' dir='ltr'><strong>ea</strong></span> <span class='ocrx_word' id='word_1_35' title='bbox 976 642 1154 696; x_wconf 77' lang='lat' dir='ltr'><strong>monstraret</strong></span> <span class='ocrx_word' id='word_1_36' title='bbox 1172 651 1248 715; x_wconf 86' lang='lat' dir='ltr'><strong>quae</strong></span> 
     </span>
     <span class='ocr_line' id='line_1_5' title="bbox 94 731 1248 819; baseline 0.002 -25"><span class='ocrx_word' id='word_1_37' title='bbox 94 731 297 796; x_wconf 78' lang='lat' dir='ltr'><strong>vendicantes</strong></span> <span class='ocrx_word' id='word_1_38' title='bbox 314 731 469 817; x_wconf 81' lang='lat' dir='ltr'><strong>figurisque</strong></span> <span class='ocrx_word' id='word_1_39' title='bbox 484 733 710 818; x_wconf 82' lang='lat' dir='ltr'><strong>significaverat.</strong></span> <span class='ocrx_word' id='word_1_40' title='bbox 756 731 875 798; x_wconf 88' lang='lat' dir='ltr'><strong>Etenim</strong></span> <span class='ocrx_word' id='word_1_41' title='bbox 894 734 1066 819; x_wconf 77' lang='lat' dir='ltr'><strong>simulatque</strong></span> <span class='ocrx_word' id='word_1_42' title='bbox 1084 755 1117 798; x_wconf 91' lang='lat' dir='ltr'><strong>os</strong></span> <span class='ocrx_word' id='word_1_43' title='bbox 1132 735 1248 818; x_wconf 89' lang='lat' dir='ltr'><strong>aperire</strong></span> 
     </span>
     <span class='ocr_line' id='line_1_6' title="bbox 96 830 1248 920; baseline 0.002 -24"><span class='ocrx_word' id='word_1_44' title='bbox 96 833 268 918; x_wconf 73' lang='lat' dir='ltr'><strong>coepitium</strong></span> <span class='ocrx_word' id='word_1_45' title='bbox 284 855 347 896; x_wconf 90' lang='lat' dir='ltr'><strong>eum</strong></span> <span class='ocrx_word' id='word_1_46' title='bbox 365 830 669 920; x_wconf 83' lang='lat' dir='ltr'><strong>Caesaream-attigit,</strong></span> <span class='ocrx_word' id='word_1_47' title='bbox 693 835 813 920; x_wconf 90' lang='lat' dir='ltr'><strong>spiritns</strong></span> <span class='ocrx_word' id='word_1_48' title='bbox 828 846 947 900; x_wconf 85' lang='lat' dir='ltr'><strong>sanutus</strong></span> <span class='ocrx_word' id='word_1_49' title='bbox 963 837 992 900; x_wconf 90' lang='lat' dir='ltr'><strong>in</strong></span> <span class='ocrx_word' id='word_1_50' title='bbox 1012 833 1182 902; x_wconf 85' lang='lat' dir='ltr'><strong>Cornelium</strong></span> <span class='ocrx_word' id='word_1_51' title='bbox 1198 836 1248 898; x_wconf 94' lang='lat' dir='ltr'><strong>de·</strong></span> 
     </span>
     <span class='ocr_line' id='line_1_7' title="bbox 95 931 1248 1022; baseline 0 -25"><span class='ocrx_word' id='word_1_52' title='bbox 95 936 192 1019; x_wconf 86' lang='lat' dir='ltr'><strong>lapsus</strong></span> <span class='ocrx_word' id='word_1_53' title='bbox 211 945 269 998; x_wconf 89' lang='lat' dir='ltr'><strong>est.</strong></span> <span class='ocrx_word' id='word_1_54' title='bbox 315 931 400 1017; x_wconf 81' lang='lat' dir='ltr'><strong>Quod</strong></span> <span class='ocrx_word' id='word_1_55' title='bbox 418 931 469 1000; x_wconf 89' lang='lat' dir='ltr'><strong>nbi</strong></span> <span class='ocrx_word' id='word_1_56' title='bbox 481 933 588 1000; x_wconf 78' lang='lat' dir='ltr'><strong>Peleus</strong></span> <span class='ocrx_word' id='word_1_57' title='bbox 606 939 780 1022; x_wconf 76' lang='lat' dir='ltr'><strong>conspexit,</strong></span> <span class='ocrx_word' id='word_1_58' title='bbox 802 941 961 1019; x_wconf 80' lang='lat' dir='ltr'><strong>Numquid,</strong></span> <span class='ocrx_word' id='word_1_59' title='bbox 986 941 1044 1018; x_wconf 81' lang='lat' dir='ltr'><strong>sit,</strong></span> <span class='ocrx_word' id='word_1_60' title='bbox 1067 959 1167 1020; x_wconf 85' lang='lat' dir='ltr'><strong>aquam</strong></span> <span class='ocrx_word' id='word_1_61' title='bbox 1183 942 1248 1017; x_wconf 84' lang='lat' dir='ltr'><strong>qur&#39;s</strong></span> 
     </span>
     <span class='ocr_line' id='line_1_8' title="bbox 93 1039 1250 1120; baseline 0 -20"><span class='ocrx_word' id='word_1_62' title='bbox 93 1039 245 1118; x_wconf 76' lang='lat' dir='ltr'><strong>prodidere</strong></span> <span class='ocrx_word' id='word_1_63' title='bbox 262 1049 359 1118; x_wconf 84' lang='lat' dir='ltr'><strong>potest</strong></span> <span class='ocrx_word' id='word_1_64' title='bbox 375 1041 410 1100; x_wconf 86' lang='lat' dir='ltr'><strong>ud</strong></span> <span class='ocrx_word' id='word_1_65' title='bbox 430 1042 477 1100; x_wconf 86' lang='lat' dir='ltr'><strong>dr&#39;s</strong></span> <span class='ocrx_word' id='word_1_66' title='bbox 497 1044 549 1120; x_wconf 82' lang='lat' dir='ltr'><strong>an&#39;</strong></span> <span class='ocrx_word' id='word_1_67' title='bbox 562 1044 666 1120; x_wconf 80' lang='lat' dir='ltr'><strong>sprin&#39;tn</strong></span> <span class='ocrx_word' id='word_1_68' title='bbox 685 1050 798 1115; x_wconf 83' lang='lat' dir='ltr'><strong>sancto,</strong></span> <span class='ocrx_word' id='word_1_69' title='bbox 833 1045 877 1101; x_wconf 87' lang='lat' dir='ltr'><strong>ntr&#39;</strong></span> <span class='ocrx_word' id='word_1_70' title='bbox 894 1053 925 1101; x_wconf 87' lang='lat' dir='ltr'><strong>et</strong></span> <span class='ocrx_word' id='word_1_71' title='bbox 938 1063 990 1102; x_wconf 81' lang='lat' dir='ltr'><strong>nos</strong></span> <span class='ocrx_word' id='word_1_72' title='bbox 1008 1045 1105 1114; x_wconf 85' lang='lat' dir='ltr'><strong>r&#39;nr&#39;tr&#39;o,</strong></span> <span class='ocrx_word' id='word_1_73' title='bbox 1136 1043 1250 1120; x_wconf 79' lang='lat' dir='ltr'><strong>dignati</strong></span> 
     </span>
     <span class='ocr_line' id='line_1_9' title="bbox 96 1138 1247 1226; baseline 0.001 -23"><span class='ocrx_word' id='word_1_74' title='bbox 96 1148 183 1204; x_wconf 80' lang='lat' dir='ltr'><strong>runt?</strong></span> <span class='ocrx_word' id='word_1_75' title='bbox 227 1138 294 1202; x_wconf 85' lang='lat' dir='ltr'><strong>lloc</strong></span> <span class='ocrx_word' id='word_1_76' title='bbox 315 1160 387 1202; x_wconf 86' lang='lat' dir='ltr'><strong>vero</strong></span> <span class='ocrx_word' id='word_1_77' title='bbox 408 1150 499 1206; x_wconf 91' lang='lat' dir='ltr'><strong>totum</strong></span> <span class='ocrx_word' id='word_1_78' title='bbox 519 1141 689 1226; x_wconf 77' lang='lat' dir='ltr'><strong>mysterium</strong></span> <span class='ocrx_word' id='word_1_79' title='bbox 709 1143 851 1225; x_wconf 81' lang='lat' dir='ltr'><strong>quoddam</strong></span> <span class='ocrx_word' id='word_1_80' title='bbox 870 1163 905 1206; x_wconf 88' lang='lat' dir='ltr'><strong>ao</strong></span> <span class='ocrx_word' id='word_1_81' title='bbox 924 1141 1039 1206; x_wconf 87' lang='lat' dir='ltr'><strong>divinae</strong></span> <span class='ocrx_word' id='word_1_82' title='bbox 1060 1141 1247 1225; x_wconf 80' lang='lat' dir='ltr'><strong>benignitatis</strong></span> 
     </span>
     <span class='ocr_line' id='line_1_10' title="bbox 95 1239 1246 1328; baseline 0.002 -24"><span class='ocrx_word' id='word_1_83' title='bbox 95 1262 165 1325; x_wconf 85' lang='lat' dir='ltr'><strong>opus</strong></span> <span class='ocrx_word' id='word_1_84' title='bbox 182 1251 260 1318; x_wconf 87' lang='lat' dir='ltr'><strong>erat,</strong></span> <span class='ocrx_word' id='word_1_85' title='bbox 286 1252 316 1304; x_wconf 90' lang='lat' dir='ltr'><strong>ut</strong></span> <span class='ocrx_word' id='word_1_86' title='bbox 329 1251 386 1304; x_wconf 69' lang='lat' dir='ltr'><strong>um</strong></span> <span class='ocrx_word' id='word_1_87' title='bbox 400 1239 506 1306; x_wconf 89' lang='lat' dir='ltr'><strong>Petrus</strong></span> <span class='ocrx_word' id='word_1_88' title='bbox 519 1263 604 1326; x_wconf 90' lang='lat' dir='ltr'><strong>quam</strong></span> <span class='ocrx_word' id='word_1_89' title='bbox 620 1244 730 1305; x_wconf 90' lang='lat' dir='ltr'><strong>caeteri</strong></span> <span class='ocrx_word' id='word_1_90' title='bbox 748 1265 850 1307; x_wconf 86' lang='lat' dir='ltr'><strong>omnes</strong></span> <span class='ocrx_word' id='word_1_91' title='bbox 867 1243 1065 1328; x_wconf 81' lang='lat' dir='ltr'><strong>intelligerent</strong></span> <span class='ocrx_word' id='word_1_92' title='bbox 1080 1265 1137 1306; x_wconf 91' lang='lat' dir='ltr'><strong>non</strong></span> <span class='ocrx_word' id='word_1_93' title='bbox 1154 1242 1246 1307; x_wconf 87' lang='lat' dir='ltr'><strong>lromi·</strong></span> 
     </span>
     <span class='ocr_line' id='line_1_11' title="bbox 96 1341 1246 1428; baseline 0.003 -23"><span class='ocrx_word' id='word_1_94' title='bbox 96 1341 197 1421; x_wconf 87' lang='lat' dir='ltr'><strong>nibus,</strong></span> <span class='ocrx_word' id='word_1_95' title='bbox 230 1343 283 1406; x_wconf 89' lang='lat' dir='ltr'><strong>sed</strong></span> <span class='ocrx_word' id='word_1_96' title='bbox 301 1343 356 1406; x_wconf 87' lang='lat' dir='ltr'><strong>deo</strong></span> <span class='ocrx_word' id='word_1_97' title='bbox 374 1344 524 1428; x_wconf 82' lang='lat' dir='ltr'><strong>gentilium</strong></span> <span class='ocrx_word' id='word_1_98' title='bbox 543 1344 666 1408; x_wconf 88' lang='lat' dir='ltr'><strong>salntem</strong></span> <span class='ocrx_word' id='word_1_99' title='bbox 684 1366 751 1408; x_wconf 91' lang='lat' dir='ltr'><strong>esse</strong></span> <span class='ocrx_word' id='word_1_100' title='bbox 769 1345 962 1409; x_wconf 87' lang='lat' dir='ltr'><strong>tribuendum.</strong></span> <span class='ocrx_word' id='word_1_101' title='bbox 1007 1345 1124 1410; x_wconf 88' lang='lat' dir='ltr'><strong>Etenim</strong></span> <span class='ocrx_word' id='word_1_102' title='bbox 1142 1364 1246 1409; x_wconf 89' lang='lat' dir='ltr'><strong>munus</strong></span> 
     </span>
     <span class='ocr_line' id='line_1_12' title="bbox 96 1445 1245 1531; baseline 0.002 -23"><span class='ocrx_word' id='word_1_103' title='bbox 96 1445 162 1508; x_wconf 92' lang='lat' dir='ltr'><strong>illud</strong></span> <span class='ocrx_word' id='word_1_104' title='bbox 182 1445 275 1509; x_wconf 83' lang='lat' dir='ltr'><strong>divini</strong></span> <span class='ocrx_word' id='word_1_105' title='bbox 295 1445 413 1531; x_wconf 89' lang='lat' dir='ltr'><strong>spiritus</strong></span> <span class='ocrx_word' id='word_1_106' title='bbox 431 1456 461 1510; x_wconf 95' lang='lat' dir='ltr'><strong>et</strong></span> <span class='ocrx_word' id='word_1_107' title='bbox 477 1445 572 1529; x_wconf 85' lang='lat' dir='ltr'><strong>angeli</strong></span> <span class='ocrx_word' id='word_1_108' title='bbox 588 1458 735 1531; x_wconf 90' lang='lat' dir='ltr'><strong>aspectum</strong></span> <span class='ocrx_word' id='word_1_109' title='bbox 754 1447 857 1531; x_wconf 89' lang='lat' dir='ltr'><strong>largiri</strong></span> <span class='ocrx_word' id='word_1_110' title='bbox 873 1458 958 1510; x_wconf 87' lang='lat' dir='ltr'><strong>antea</strong></span> <span class='ocrx_word' id='word_1_111' title='bbox 977 1447 1085 1525; x_wconf 89' lang='lat' dir='ltr'><strong>voluit,</strong></span> <span class='ocrx_word' id='word_1_112' title='bbox 1114 1469 1169 1510; x_wconf 92' lang='lat' dir='ltr'><strong>nec</strong></span> <span class='ocrx_word' id='word_1_113' title='bbox 1187 1467 1245 1510; x_wconf 91' lang='lat' dir='ltr'><strong>non</strong></span> 
     </span>
     <span class='ocr_line' id='line_1_13' title="bbox 95 1547 1246 1634; baseline 0.003 -26"><span class='ocrx_word' id='word_1_114' title='bbox 95 1557 122 1610; x_wconf 86' lang='lat' dir='ltr'><strong>et</strong></span> <span class='ocrx_word' id='word_1_115' title='bbox 138 1547 218 1612; x_wconf 91' lang='lat' dir='ltr'><strong>illius</strong></span> <span class='ocrx_word' id='word_1_116' title='bbox 238 1547 400 1632; x_wconf 86' lang='lat' dir='ltr'><strong>approbare</strong></span> <span class='ocrx_word' id='word_1_117' title='bbox 420 1568 522 1632; x_wconf 83' lang='lat' dir='ltr'><strong>preces</strong></span> <span class='ocrx_word' id='word_1_118' title='bbox 540 1569 575 1610; x_wconf 89' lang='lat' dir='ltr'><strong>ac</strong></span> <span class='ocrx_word' id='word_1_119' title='bbox 593 1547 718 1627; x_wconf 87' lang='lat' dir='ltr'><strong>ieiunia,</strong></span> <span class='ocrx_word' id='word_1_120' title='bbox 741 1550 909 1634; x_wconf 85' lang='lat' dir='ltr'><strong>reliquaque</strong></span> <span class='ocrx_word' id='word_1_121' title='bbox 928 1549 963 1614; x_wconf 85' lang='lat' dir='ltr'><strong>ab</strong></span> <span class='ocrx_word' id='word_1_122' title='bbox 981 1571 1017 1614; x_wconf 91' lang='lat' dir='ltr'><strong>eo</strong></span> <span class='ocrx_word' id='word_1_123' title='bbox 1032 1551 1180 1634; x_wconf 79' lang='lat' dir='ltr'><strong>praeclare</strong></span> <span class='ocrx_word' id='word_1_124' title='bbox 1194 1569 1246 1632; x_wconf 86' lang='lat' dir='ltr'><strong>ge-</strong></span> 
     </span>
     <span class='ocr_line' id='line_1_14' title="bbox 95 1648 1245 1735; baseline 0.002 -23"><span class='ocrx_word' id='word_1_125' title='bbox 95 1660 155 1728; x_wconf 87' lang='lat' dir='ltr'><strong>sta,</strong></span> <span class='ocrx_word' id='word_1_126' title='bbox 182 1660 214 1711; x_wconf 91' lang='lat' dir='ltr'><strong>nt</strong></span> <span class='ocrx_word' id='word_1_127' title='bbox 231 1649 307 1732; x_wconf 95' lang='lat' dir='ltr'><strong>quod</strong></span> <span class='ocrx_word' id='word_1_128' title='bbox 325 1649 483 1733; x_wconf 90' lang='lat' dir='ltr'><strong>apostolis,</strong></span> <span class='ocrx_word' id='word_1_129' title='bbox 508 1650 720 1735; x_wconf 89' lang='lat' dir='ltr'><strong>praecipueque</strong></span> <span class='ocrx_word' id='word_1_130' title='bbox 738 1648 846 1730; x_wconf 90' lang='lat' dir='ltr'><strong>Petro,</strong></span> <span class='ocrx_word' id='word_1_131' title='bbox 870 1657 1055 1716; x_wconf 90' lang='lat' dir='ltr'><strong>commissum</strong></span> <span class='ocrx_word' id='word_1_132' title='bbox 1073 1653 1184 1730; x_wconf 81' lang='lat' dir='ltr'><strong>lueret,</strong></span> <span class='ocrx_word' id='word_1_133' title='bbox 1208 1671 1245 1716; x_wconf 89' lang='lat' dir='ltr'><strong>eo</strong></span> 
     </span>
     <span class='ocr_line' id='line_1_15' title="bbox 96 1750 1221 1840; baseline 0.004 -28"><span class='ocrx_word' id='word_1_134' title='bbox 96 1771 130 1813; x_wconf 89' lang='lat' dir='ltr'><strong>ne</strong></span> <span class='ocrx_word' id='word_1_135' title='bbox 151 1751 299 1837; x_wconf 85' lang='lat' dir='ltr'><strong>privatum</strong></span> <span class='ocrx_word' id='word_1_136' title='bbox 319 1750 465 1814; x_wconf 88' lang='lat' dir='ltr'><strong>hominem</strong></span> <span class='ocrx_word' id='word_1_137' title='bbox 488 1751 566 1816; x_wconf 90' lang='lat' dir='ltr'><strong>illum</strong></span> <span class='ocrx_word' id='word_1_138' title='bbox 588 1753 712 1832; x_wconf 87' lang='lat' dir='ltr'><strong>vellent,</strong></span> <span class='ocrx_word' id='word_1_139' title='bbox 736 1773 820 1836; x_wconf 89' lang='lat' dir='ltr'><strong>quem</strong></span> <span class='ocrx_word' id='word_1_140' title='bbox 843 1755 914 1818; x_wconf 86' lang='lat' dir='ltr'><strong>deus</strong></span> <span class='ocrx_word' id='word_1_141' title='bbox 936 1755 1032 1840; x_wconf 88' lang='lat' dir='ltr'><strong>reipsa</strong></span> <span class='ocrx_word' id='word_1_142' title='bbox 1051 1765 1221 1818; x_wconf 87' lang='lat' dir='ltr'><strong>vocaverat.</strong></span> 
     </span>
    </p>
   </div>
   <div class='ocr_carea' id='block_1_3' title="bbox 93 1955 1395 4378">
    <p class='ocr_par' dir='ltr' id='par_1_3' title="bbox 93 1955 1395 4378">
     <span class='ocr_line' id='line_1_16' title="bbox 178 1955 1379 2043; baseline 0.004 -24"><span class='ocrx_word' id='word_1_143' title='bbox 178 1955 280 2040; x_wconf 74' lang='lat' dir='ltr'><strong>Atque</strong></span> <span class='ocrx_word' id='word_1_144' title='bbox 299 1956 371 2020; x_wconf 86' lang='lat' dir='ltr'><strong>haee</strong></span> <span class='ocrx_word' id='word_1_145' title='bbox 389 1957 502 2041; x_wconf 86' lang='lat' dir='ltr'><strong>quidem</strong></span> <span class='ocrx_word' id='word_1_146' title='bbox 523 1976 558 2021; x_wconf 85' lang='lat' dir='ltr'><strong>eo</strong></span> <span class='ocrx_word' id='word_1_147' title='bbox 579 1957 663 2022; x_wconf 89' lang='lat' dir='ltr'><strong>modo</strong></span> <span class='ocrx_word' id='word_1_148' title='bbox 683 1967 751 2020; x_wconf 90' lang='lat' dir='ltr'><strong>tnnc</strong></span> <span class='ocrx_word' id='word_1_149' title='bbox 769 1958 970 2023; x_wconf 84' lang='lat' dir='ltr'><strong>administrata</strong></span> <span class='ocrx_word' id='word_1_150' title='bbox 986 1970 1071 2038; x_wconf 88' lang='lat' dir='ltr'><strong>sunt,</strong></span> <span class='ocrx_word' id='word_1_151' title='bbox 1100 1980 1174 2043; x_wconf 83' lang='lat' dir='ltr'><strong>quoe</strong></span> <span class='ocrx_word' id='word_1_152' title='bbox 1192 1958 1245 2022; x_wconf 86' lang='lat' dir='ltr'><strong>lal—</strong></span> <span class='ocrx_word' id='word_1_153' title='bbox 1263 1969 1323 2038; x_wconf 79' lang='lat' dir='ltr'><strong>erp.</strong></span> <span class='ocrx_word' id='word_1_154' title='bbox 1337 1974 1379 2024; x_wconf 87' lang='lat' dir='ltr'><strong>tv.</strong></span> 
     </span>
     <span class='ocr_line' id='line_1_17' title="bbox 97 2055 1245 2145; baseline 0.003 -25"><span class='ocrx_word' id='word_1_155' title='bbox 97 2077 144 2121; x_wconf 86' lang='lat' dir='ltr'><strong>sus</strong></span> <span class='ocrx_word' id='word_1_156' title='bbox 164 2057 215 2122; x_wconf 91' lang='lat' dir='ltr'><strong>ille</strong></span> <span class='ocrx_word' id='word_1_157' title='bbox 237 2058 388 2141; x_wconf 87' lang='lat' dir='ltr'><strong>apostolus</strong></span> <span class='ocrx_word' id='word_1_158' title='bbox 407 2055 566 2124; x_wconf 87' lang='lat' dir='ltr'><strong>Cerinthus</strong></span> <span class='ocrx_word' id='word_1_159' title='bbox 585 2059 723 2122; x_wconf 85' lang='lat' dir='ltr'><strong>seditiose</strong></span> <span class='ocrx_word' id='word_1_160' title='bbox 741 2072 950 2125; x_wconf 78' lang='lat' dir='ltr'><strong>commoverat.</strong></span> <span class='ocrx_word' id='word_1_161' title='bbox 995 2059 1245 2145; x_wconf 79' lang='lat' dir='ltr'><strong>Quemadmodum</strong></span> 
     </span>
     <span class='ocr_line' id='line_1_18' title="bbox 97 2157 1395 2247; baseline 0.002 -25"><span class='ocrx_word' id='word_1_162' title='bbox 97 2159 165 2223; x_wconf 87' lang='lat' dir='ltr'><strong>alias</strong></span> <span class='ocrx_word' id='word_1_163' title='bbox 184 2157 403 2245; x_wconf 80' lang='lat' dir='ltr'><strong>Hierosolymis</strong></span> <span class='ocrx_word' id='word_1_164' title='bbox 419 2181 484 2224; x_wconf 90' lang='lat' dir='ltr'><strong>cum</strong></span> <span class='ocrx_word' id='word_1_165' title='bbox 501 2161 562 2224; x_wconf 87' lang='lat' dir='ltr'><strong>suis</strong></span> <span class='ocrx_word' id='word_1_166' title='bbox 577 2161 652 2223; x_wconf 90' lang='lat' dir='ltr'><strong>idem</strong></span> <span class='ocrx_word' id='word_1_167' title='bbox 669 2160 717 2223; x_wconf 93' lang='lat' dir='ltr'><strong>ille</strong></span> <span class='ocrx_word' id='word_1_168' title='bbox 735 2162 872 2226; x_wconf 88' lang='lat' dir='ltr'><strong>tumultus</strong></span> <span class='ocrx_word' id='word_1_169' title='bbox 886 2163 1030 2242; x_wconf 88' lang='lat' dir='ltr'><strong>concivit,</strong></span> <span class='ocrx_word' id='word_1_170' title='bbox 1055 2164 1169 2247; x_wconf 92' lang='lat' dir='ltr'><strong>quando</strong></span> <span class='ocrx_word' id='word_1_171' title='bbox 1186 2163 1243 2226; x_wconf 88' lang='lat' dir='ltr'><strong>soi·</strong></span> <span class='ocrx_word' id='word_1_172' title='bbox 1256 2180 1304 2224; x_wconf 72' lang='lat' dir='ltr'><strong>nst</strong></span> <span class='ocrx_word' id='word_1_173' title='bbox 1315 2182 1349 2239; x_wconf 83' lang='lat' dir='ltr'><strong>rr,</strong></span> <span class='ocrx_word' id='word_1_174' title='bbox 1362 2183 1395 2226; x_wconf 86' lang='lat' dir='ltr'><strong>rs.</strong></span> 
     </span>
     <span class='ocr_line' id='line_1_19' title="bbox 96 2259 1244 2380; baseline 0.002 -57"><span class='ocrx_word' id='word_1_175' title='bbox 96 2261 161 2325; x_wconf 85' lang='lat' dir='ltr'><strong>licet</strong></span> <span class='ocrx_word' id='word_1_176' title='bbox 177 2283 244 2324; x_wconf 86' lang='lat' dir='ltr'><strong>curn</strong></span> <span class='ocrx_word' id='word_1_177' title='bbox 263 2259 334 2326; x_wconf 75' lang='lat' dir='ltr'><strong>Tiro</strong></span> <span class='ocrx_word' id='word_1_178' title='bbox 352 2259 461 2326; x_wconf 88' lang='lat' dir='ltr'><strong>Puulus</strong></span> <span class='ocrx_word' id='word_1_179' title='bbox 479 2263 608 2340; x_wconf 85' lang='lat' dir='ltr'><strong>advenit,</strong></span> <span class='ocrx_word' id='word_1_180' title='bbox 633 2275 718 2347; x_wconf 88' lang='lat' dir='ltr'><strong>atque</strong></span> <span class='ocrx_word' id='word_1_181' title='bbox 732 2261 773 2325; x_wconf 91' lang='lat' dir='ltr'><strong>ita</strong></span> <span class='ocrx_word' id='word_1_182' title='bbox 791 2263 866 2328; x_wconf 90' lang='lat' dir='ltr'><strong>idem</strong></span> <span class='ocrx_word' id='word_1_183' title='bbox 883 2265 930 2328; x_wconf 91' lang='lat' dir='ltr'><strong>ille</strong></span> <span class='ocrx_word' id='word_1_184' title='bbox 946 2266 1059 2328; x_wconf 86' lang='lat' dir='ltr'><strong>locutus</strong></span> <span class='ocrx_word' id='word_1_185' title='bbox 1075 2272 1136 2326; x_wconf 79' lang='lat' dir='ltr'><strong>est:</strong></span> <span class='ocrx_word' id='word_1_186' title='bbox 1162 2261 1244 2380; x_wconf 70' lang='lat' dir='ltr'><strong>Virqs</strong></span> 
     </span>
     <span class='ocr_line' id='line_1_20' title="bbox 93 2363 1244 2449; baseline 0.004 -26"><span class='ocrx_word' id='word_1_187' title='bbox 93 2369 270 2445; x_wconf 64' lang='lat' dir='ltr'><strong>mammem</strong></span> <span class='ocrx_word' id='word_1_188' title='bbox 287 2365 420 2426; x_wconf 79' lang='lat' dir='ltr'><strong>ludentes</strong></span> <span class='ocrx_word' id='word_1_189' title='bbox 433 2386 526 2426; x_wconf 81' lang='lat' dir='ltr'><strong>secum</strong></span> <span class='ocrx_word' id='word_1_190' title='bbox 542 2369 669 2438; x_wconf 79' lang='lat' dir='ltr'><strong>r‘rrdncit,</strong></span> <span class='ocrx_word' id='word_1_191' title='bbox 700 2363 804 2449; x_wconf 89' lang='lat' dir='ltr'><strong>quibus</strong></span> <span class='ocrx_word' id='word_1_192' title='bbox 821 2368 855 2429; x_wconf 92' lang='lat' dir='ltr'><strong>de</strong></span> <span class='ocrx_word' id='word_1_193' title='bbox 873 2365 944 2429; x_wconf 83' lang='lat' dir='ltr'><strong>Tito</strong></span> <span class='ocrx_word' id='word_1_194' title='bbox 960 2365 1157 2448; x_wconf 79' lang='lat' dir='ltr'><strong>significabat:</strong></span> <span class='ocrx_word' id='word_1_195' title='bbox 1187 2371 1244 2428; x_wconf 81' lang='lat' dir='ltr'><strong>Lo·</strong></span> 
     </span>
     <span class='ocr_line' id='line_1_21' title="bbox 95 2465 1394 2550; baseline 0.003 -22"><span class='ocrx_word' id='word_1_196' title='bbox 95 2487 170 2540; x_wconf 79' lang='lat' dir='ltr'><strong>rem,</strong></span> <span class='ocrx_word' id='word_1_197' title='bbox 195 2465 308 2549; x_wconf 92' lang='lat' dir='ltr'><strong>inquit,</strong></span> <span class='ocrx_word' id='word_1_198' title='bbox 329 2477 456 2528; x_wconf 83' lang='lat' dir='ltr'><strong>sunctum</strong></span> <span class='ocrx_word' id='word_1_199' title='bbox 471 2469 621 2549; x_wconf 79' lang='lat' dir='ltr'><strong>profanum</strong></span> <span class='ocrx_word' id='word_1_200' title='bbox 632 2470 716 2550; x_wconf 84' lang='lat' dir='ltr'><strong>seer&#39;t.</strong></span> <span class='ocrx_word' id='word_1_201' title='bbox 764 2465 865 2550; x_wconf 78' lang='lat' dir='ltr'><strong>Quare</strong></span> <span class='ocrx_word' id='word_1_202' title='bbox 883 2467 922 2530; x_wconf 90' lang='lat' dir='ltr'><strong>ita</strong></span> <span class='ocrx_word' id='word_1_203' title='bbox 938 2465 1046 2530; x_wconf 84' lang='lat' dir='ltr'><strong>Paulus</strong></span> <span class='ocrx_word' id='word_1_204' title='bbox 1063 2466 1154 2531; x_wconf 73' lang='lat' dir='ltr'><strong>dixit:</strong></span> <span class='ocrx_word' id='word_1_205' title='bbox 1186 2472 1244 2530; x_wconf 88' lang='lat' dir='ltr'><strong>Sed</strong></span> <span class='ocrx_word' id='word_1_206' title='bbox 1256 2484 1332 2531; x_wconf 73' lang='lat' dir='ltr'><strong>carae</strong></span> <span class='ocrx_word' id='word_1_207' title='bbox 1342 2488 1394 2545; x_wconf 72' lang='lat' dir='ltr'><strong>na</strong></span> 
     </span>
     <span class='ocr_line' id='line_1_22' title="bbox 95 2571 1243 2649; baseline 0.004 -19"><span class='ocrx_word' id='word_1_208' title='bbox 95 2589 180 2649; x_wconf 80' lang='lat' dir='ltr'><strong>neque</strong></span> <span class='ocrx_word' id='word_1_209' title='bbox 201 2571 281 2630; x_wconf 80' lang='lat' dir='ltr'><strong>Titus</strong></span> <span class='ocrx_word' id='word_1_210' title='bbox 298 2573 351 2649; x_wconf 82' lang='lat' dir='ltr'><strong>qui</strong></span> <span class='ocrx_word' id='word_1_211' title='bbox 367 2589 471 2630; x_wconf 83' lang='lat' dir='ltr'><strong>mecum</strong></span> <span class='ocrx_word' id='word_1_212' title='bbox 487 2580 565 2643; x_wconf 85' lang='lat' dir='ltr'><strong>erat,</strong></span> <span class='ocrx_word' id='word_1_213' title='bbox 597 2591 657 2630; x_wconf 88' lang='lat' dir='ltr'><strong>cnm</strong></span> <span class='ocrx_word' id='word_1_214' title='bbox 676 2581 749 2630; x_wconf 85' lang='lat' dir='ltr'><strong>esset</strong></span> <span class='ocrx_word' id='word_1_215' title='bbox 761 2573 878 2648; x_wconf 77' lang='lat' dir='ltr'><strong>gentilis</strong></span> <span class='ocrx_word' id='word_1_216' title='bbox 893 2572 1051 2648; x_wconf 85' lang='lat' dir='ltr'><strong>compulsus</strong></span> <span class='ocrx_word' id='word_1_217' title='bbox 1066 2582 1111 2632; x_wconf 87' lang='lat' dir='ltr'><strong>ert</strong></span> <span class='ocrx_word' id='word_1_218' title='bbox 1124 2575 1243 2634; x_wconf 83' lang='lat' dir='ltr'><strong>cr&#39;rcrrrn·</strong></span> 
     </span>
     <span class='ocr_line' id='line_1_23' title="bbox 95 2671 1244 2754; baseline 0.004 -24"><span class='ocrx_word' id='word_1_219' title='bbox 95 2676 166 2733; x_wconf 78' lang='lat' dir='ltr'><strong>criti.-</strong></span> <span class='ocrx_word' id='word_1_220' title='bbox 194 2675 247 2732; x_wconf 80' lang='lat' dir='ltr'><strong>sed</strong></span> <span class='ocrx_word' id='word_1_221' title='bbox 259 2681 379 2750; x_wconf 85' lang='lat' dir='ltr'><strong>propter·</strong></span> <span class='ocrx_word' id='word_1_222' title='bbox 394 2671 620 2732; x_wconf 76' lang='lat' dir='ltr'><strong>sudrirtmductos</strong></span> <span class='ocrx_word' id='word_1_223' title='bbox 627 2673 724 2754; x_wconf 81' lang='lat' dir='ltr'><strong>sulcos</strong></span> <span class='ocrx_word' id='word_1_224' title='bbox 732 2672 862 2753; x_wconf 68' lang='lat' dir='ltr'><strong>scena,</strong></span> <span class='ocrx_word' id='word_1_225' title='bbox 893 2676 945 2751; x_wconf 84' lang='lat' dir='ltr'><strong>qui</strong></span> <span class='ocrx_word' id='word_1_226' title='bbox 956 2673 1181 2734; x_wconf 72' lang='lat' dir='ltr'><strong>subintroierunt</strong></span> <span class='ocrx_word' id='word_1_227' title='bbox 1193 2697 1244 2736; x_wconf 78' lang='lat' dir='ltr'><strong>enr-</strong></span> 
     </span>
     <span class='ocr_line' id='line_1_24' title="bbox 93 2773 1244 2857; baseline 0.003 -23"><span class='ocrx_word' id='word_1_228' title='bbox 93 2777 207 2851; x_wconf 80' lang='lat' dir='ltr'><strong>plorure</strong></span> <span class='ocrx_word' id='word_1_229' title='bbox 227 2773 384 2835; x_wconf 80' lang='lat' dir='ltr'><strong>tr&#39;dertctem</strong></span> <span class='ocrx_word' id='word_1_230' title='bbox 402 2783 542 2846; x_wconf 84' lang='lat' dir='ltr'><strong>nostrum,</strong></span> <span class='ocrx_word' id='word_1_231' title='bbox 574 2795 655 2853; x_wconf 83' lang='lat' dir='ltr'><strong>quarn</strong></span> <span class='ocrx_word' id='word_1_232' title='bbox 675 2773 806 2834; x_wconf 77' lang='lat' dir='ltr'><strong>dedemus</strong></span> <span class='ocrx_word' id='word_1_233' title='bbox 826 2777 856 2834; x_wconf 86' lang='lat' dir='ltr'><strong>r&#39;n</strong></span> <span class='ocrx_word' id='word_1_234' title='bbox 874 2777 1003 2835; x_wconf 69' lang='lat' dir='ltr'><strong>Chresto:</strong></span> <span class='ocrx_word' id='word_1_235' title='bbox 1035 2776 1135 2854; x_wconf 85' lang='lat' dir='ltr'><strong>pur&#39;dns</strong></span> <span class='ocrx_word' id='word_1_236' title='bbox 1155 2798 1244 2857; x_wconf 82' lang='lat' dir='ltr'><strong>neque</strong></span> 
     </span>
     <span class='ocr_line' id='line_1_25' title="bbox 95 2872 1243 2960; baseline 0.006 -25"><span class='ocrx_word' id='word_1_237' title='bbox 95 2879 130 2935; x_wconf 87' lang='lat' dir='ltr'><strong>rd</strong></span> <span class='ocrx_word' id='word_1_238' title='bbox 145 2879 246 2936; x_wconf 83' lang='lat' dir='ltr'><strong>dorum</strong></span> <span class='ocrx_word' id='word_1_239' title='bbox 259 2877 392 2934; x_wconf 73' lang='lat' dir='ltr'><strong>nocerinus</strong></span> <span class='ocrx_word' id='word_1_240' title='bbox 406 2875 585 2936; x_wconf 73' lang='lat' dir='ltr'><strong>subtectione.</strong></span> <span class='ocrx_word' id='word_1_241' title='bbox 631 2872 745 2938; x_wconf 88' lang='lat' dir='ltr'><strong>Deinde</strong></span> <span class='ocrx_word' id='word_1_242' title='bbox 759 2873 909 2959; x_wconf 86' lang='lat' dir='ltr'><strong>praeputio</strong></span> <span class='ocrx_word' id='word_1_243' title='bbox 923 2876 1068 2960; x_wconf 89' lang='lat' dir='ltr'><strong>praeditos</strong></span> <span class='ocrx_word' id='word_1_244' title='bbox 1086 2877 1129 2941; x_wconf 88' lang='lat' dir='ltr'><strong>lris</strong></span> <span class='ocrx_word' id='word_1_245' title='bbox 1144 2877 1243 2942; x_wconf 81' lang='lat' dir='ltr'><strong>verbis</strong></span> 
     </span>
     <span class='ocr_line' id='line_1_26' title="bbox 96 2975 1246 3052; baseline 0.003 -16"><span class='ocrx_word' id='word_1_246' title='bbox 96 2975 283 3040; x_wconf 78' lang='lat' dir='ltr'><strong>hortabature</strong></span> <span class='ocrx_word' id='word_1_247' title='bbox 313 2978 603 3052; x_wconf 65' lang='lat' dir='ltr'><strong>montemorenci,</strong></span> <span class='ocrx_word' id='word_1_248' title='bbox 626 2998 689 3038; x_wconf 84' lang='lat' dir='ltr'><strong>narn</strong></span> <span class='ocrx_word' id='word_1_249' title='bbox 706 2981 735 3037; x_wconf 77' lang='grc' dir='ltr'><strong>εἰ</strong></span> <span class='ocrx_word' id='word_1_250' title='bbox 748 2980 1001 3052; x_wconf 67' lang='lat' dir='ltr'><strong>ericumcidnminr&#39;,</strong></span> <span class='ocrx_word' id='word_1_251' title='bbox 1027 2982 1156 3040; x_wconf 79' lang='lat' dir='ltr'><strong>Cdn&#39;stur</strong></span> <span class='ocrx_word' id='word_1_252' title='bbox 1171 2982 1246 3042; x_wconf 74' lang='lat' dir='ltr'><strong>nillil</strong></span> 
     </span>
     <span class='ocr_line' id='line_1_27' title="bbox 96 3072 1244 3163; baseline 0.004 -25"><span class='ocrx_word' id='word_1_253' title='bbox 96 3079 168 3139; x_wconf 63' lang='lat' dir='ltr'><strong>rodei</strong></span> <span class='ocrx_word' id='word_1_254' title='bbox 181 3079 325 3158; x_wconf 78' lang='lat' dir='ltr'><strong>proderit.</strong></span> <span class='ocrx_word' id='word_1_255' title='bbox 373 3072 565 3141; x_wconf 78' lang='lat' dir='ltr'><strong>circumcisio</strong></span> <span class='ocrx_word' id='word_1_256' title='bbox 582 3098 667 3161; x_wconf 91' lang='lat' dir='ltr'><strong>porro</strong></span> <span class='ocrx_word' id='word_1_257' title='bbox 686 3077 794 3141; x_wconf 86' lang='lat' dir='ltr'><strong>tumdiu</strong></span> <span class='ocrx_word' id='word_1_258' title='bbox 812 3099 896 3140; x_wconf 87' lang='lat' dir='ltr'><strong>sunm</strong></span> <span class='ocrx_word' id='word_1_259' title='bbox 913 3088 1025 3163; x_wconf 88' lang='lat' dir='ltr'><strong>tempus</strong></span> <span class='ocrx_word' id='word_1_260' title='bbox 1044 3079 1160 3159; x_wconf 86' lang='lat' dir='ltr'><strong>habuit,</strong></span> <span class='ocrx_word' id='word_1_261' title='bbox 1192 3081 1244 3143; x_wconf 92' lang='lat' dir='ltr'><strong>do·</strong></span> 
     </span>
     <span class='ocr_line' id='line_1_28' title="bbox 97 3175 1242 3264; baseline 0.003 -24"><span class='ocrx_word' id='word_1_262' title='bbox 97 3199 147 3242; x_wconf 87' lang='lat' dir='ltr'><strong>neo</strong></span> <span class='ocrx_word' id='word_1_263' title='bbox 167 3177 267 3242; x_wconf 89' lang='lat' dir='ltr'><strong>maior</strong></span> <span class='ocrx_word' id='word_1_264' title='bbox 286 3175 469 3242; x_wconf 87' lang='lat' dir='ltr'><strong>circumcisio</strong></span> <span class='ocrx_word' id='word_1_265' title='bbox 493 3179 557 3242; x_wconf 89' lang='lat' dir='ltr'><strong>eius</strong></span> <span class='ocrx_word' id='word_1_266' title='bbox 578 3189 624 3243; x_wconf 89' lang='lat' dir='ltr'><strong>est</strong></span> <span class='ocrx_word' id='word_1_267' title='bbox 646 3180 710 3243; x_wconf 90' lang='lat' dir='ltr'><strong>loco</strong></span> <span class='ocrx_word' id='word_1_268' title='bbox 729 3179 902 3256; x_wconf 81' lang='lat' dir='ltr'><strong>substituta,</strong></span> <span class='ocrx_word' id='word_1_269' title='bbox 933 3200 1036 3264; x_wconf 84' lang='lat' dir='ltr'><strong>nempe</strong></span> <span class='ocrx_word' id='word_1_270' title='bbox 1058 3181 1106 3245; x_wconf 84' lang='lat' dir='ltr'><strong>ille</strong></span> <span class='ocrx_word' id='word_1_271' title='bbox 1123 3179 1242 3244; x_wconf 90' lang='lat' dir='ltr'><strong>lotionis</strong></span> 
     </span>
     <span class='ocr_line' id='line_1_29' title="bbox 95 3277 1243 3366; baseline 0.002 -24"><span class='ocrx_word' id='word_1_272' title='bbox 95 3277 198 3344; x_wconf 75' lang='lat' dir='ltr'><strong>iterata</strong></span> <span class='ocrx_word' id='word_1_273' title='bbox 216 3281 387 3363; x_wconf 71' lang='lat' dir='ltr'><strong>generetioe</strong></span> <span class='ocrx_word' id='word_1_274' title='bbox 416 3279 445 3344; x_wconf 93' lang='lat' dir='ltr'><strong>id</strong></span> <span class='ocrx_word' id='word_1_275' title='bbox 464 3280 539 3365; x_wconf 94' lang='lat' dir='ltr'><strong>quod</strong></span> <span class='ocrx_word' id='word_1_276' title='bbox 558 3281 665 3346; x_wconf 89' lang='lat' dir='ltr'><strong>nemini</strong></span> <span class='ocrx_word' id='word_1_277' title='bbox 682 3281 836 3346; x_wconf 87' lang='lat' dir='ltr'><strong>obscurum</strong></span> <span class='ocrx_word' id='word_1_278' title='bbox 856 3291 917 3358; x_wconf 90' lang='lat' dir='ltr'><strong>est,</strong></span> <span class='ocrx_word' id='word_1_279' title='bbox 949 3279 1171 3366; x_wconf 81' lang='lat' dir='ltr'><strong>evidentiusque</strong></span> <span class='ocrx_word' id='word_1_280' title='bbox 1191 3301 1243 3365; x_wconf 92' lang='lat' dir='ltr'><strong>per</strong></span> 
     </span>
     <span class='ocr_line' id='line_1_30' title="bbox 95 3380 1240 3468; baseline 0 -24"><span class='ocrx_word' id='word_1_281' title='bbox 95 3401 126 3444; x_wconf 84' lang='lat' dir='ltr'><strong>ea</strong></span> <span class='ocrx_word' id='word_1_282' title='bbox 151 3401 229 3468; x_wconf 77' lang='lat' dir='ltr'><strong>qnae</strong></span> <span class='ocrx_word' id='word_1_283' title='bbox 252 3401 318 3444; x_wconf 89' lang='lat' dir='ltr'><strong>cnm</strong></span> <span class='ocrx_word' id='word_1_284' title='bbox 336 3381 373 3444; x_wconf 86' lang='lat' dir='ltr'><strong>ab</strong></span> <span class='ocrx_word' id='word_1_285' title='bbox 394 3380 458 3446; x_wconf 86' lang='lat' dir='ltr'><strong>aliis</strong></span> <span class='ocrx_word' id='word_1_286' title='bbox 476 3383 632 3467; x_wconf 89' lang='lat' dir='ltr'><strong>apostolis,</strong></span> <span class='ocrx_word' id='word_1_287' title='bbox 666 3393 724 3447; x_wconf 88' lang='lat' dir='ltr'><strong>tum</strong></span> <span class='ocrx_word' id='word_1_288' title='bbox 745 3383 900 3468; x_wconf 87' lang='lat' dir='ltr'><strong>praecipue</strong></span> <span class='ocrx_word' id='word_1_289' title='bbox 918 3405 935 3446; x_wconf 93' lang='lat' dir='ltr'><strong>a</strong></span> <span class='ocrx_word' id='word_1_290' title='bbox 953 3380 1046 3447; x_wconf 85' lang='lat' dir='ltr'><strong>Paulo</strong></span> <span class='ocrx_word' id='word_1_291' title='bbox 1064 3382 1139 3446; x_wconf 83' lang='lat' dir='ltr'><strong>dicte</strong></span> <span class='ocrx_word' id='word_1_292' title='bbox 1159 3391 1240 3460; x_wconf 90' lang='lat' dir='ltr'><strong>sunt,</strong></span> 
     </span>
     <span class='ocr_line' id='line_1_31' title="bbox 95 3479 1391 3566; baseline 0.003 -19"><span class='ocrx_word' id='word_1_293' title='bbox 95 3484 269 3548; x_wconf 80' lang='lat' dir='ltr'><strong>ostenditur.</strong></span> <span class='ocrx_word' id='word_1_294' title='bbox 300 3479 344 3548; x_wconf 84' lang='lat' dir='ltr'><strong>lle</strong></span> <span class='ocrx_word' id='word_1_295' title='bbox 359 3481 436 3546; x_wconf 86' lang='lat' dir='ltr'><strong>enirn</strong></span> <span class='ocrx_word' id='word_1_296' title='bbox 449 3482 514 3547; x_wconf 80' lang='lat' dir='ltr'><strong>illes</strong></span> <span class='ocrx_word' id='word_1_297' title='bbox 536 3486 640 3561; x_wconf 83' lang='lat' dir='ltr'><strong>Qur&#39;duc</strong></span> <span class='ocrx_word' id='word_1_298' title='bbox 653 3507 742 3566; x_wconf 83' lang='lat' dir='ltr'><strong>neque</strong></span> <span class='ocrx_word' id='word_1_299' title='bbox 754 3488 793 3546; x_wconf 87' lang='lat' dir='ltr'><strong>ud</strong></span> <span class='ocrx_word' id='word_1_300' title='bbox 803 3489 901 3548; x_wconf 82' lang='lat' dir='ltr'><strong>doram</strong></span> <span class='ocrx_word' id='word_1_301' title='bbox 914 3491 1046 3548; x_wconf 75' lang='lat' dir='ltr'><strong>cessemus</strong></span> <span class='ocrx_word' id='word_1_302' title='bbox 1058 3485 1238 3546; x_wconf 68' lang='lat' dir='ltr'><strong>subtectione.</strong></span> <span class='ocrx_word' id='word_1_303' title='bbox 1254 3501 1332 3550; x_wconf 75' lang='lat' dir='ltr'><strong>uene</strong></span> <span class='ocrx_word' id='word_1_304' title='bbox 1340 3507 1391 3562; x_wconf 72' lang='lat' dir='ltr'><strong>ns,</strong></span> 
     </span>
     <span class='ocr_line' id='line_1_32' title="bbox 95 3581 1241 3670; baseline 0.002 -22"><span class='ocrx_word' id='word_1_305' title='bbox 95 3581 177 3666; x_wconf 77' lang='lat' dir='ltr'><strong>Quod</strong></span> <span class='ocrx_word' id='word_1_306' title='bbox 195 3585 223 3650; x_wconf 90' lang='lat' dir='ltr'><strong>si</strong></span> <span class='ocrx_word' id='word_1_307' title='bbox 240 3585 306 3668; x_wconf 91' lang='lat' dir='ltr'><strong>quis</strong></span> <span class='ocrx_word' id='word_1_308' title='bbox 323 3605 359 3648; x_wconf 85' lang='lat' dir='ltr'><strong>ea</strong></span> <span class='ocrx_word' id='word_1_309' title='bbox 377 3605 451 3668; x_wconf 82' lang='lat' dir='ltr'><strong>quoe</strong></span> <span class='ocrx_word' id='word_1_310' title='bbox 470 3595 529 3648; x_wconf 93' lang='lat' dir='ltr'><strong>tum</strong></span> <span class='ocrx_word' id='word_1_311' title='bbox 545 3585 580 3649; x_wconf 85' lang='lat' dir='ltr'><strong>ab</strong></span> <span class='ocrx_word' id='word_1_312' title='bbox 597 3587 736 3670; x_wconf 74' lang='lat' dir='ltr'><strong>apostolis</strong></span> <span class='ocrx_word' id='word_1_313' title='bbox 753 3598 837 3670; x_wconf 89' lang='lat' dir='ltr'><strong>gesta</strong></span> <span class='ocrx_word' id='word_1_314' title='bbox 856 3597 925 3651; x_wconf 90' lang='lat' dir='ltr'><strong>suut</strong></span> <span class='ocrx_word' id='word_1_315' title='bbox 940 3586 1173 3650; x_wconf 80' lang='lat' dir='ltr'><strong>animadvertere</strong></span> <span class='ocrx_word' id='word_1_316' title='bbox 1188 3607 1241 3650; x_wconf 84' lang='lat' dir='ltr'><strong>ro·</strong></span> 
     </span>
     <span class='ocr_line' id='line_1_33' title="bbox 94 3683 1240 3772; baseline 0.007 -26"><span class='ocrx_word' id='word_1_317' title='bbox 94 3683 198 3766; x_wconf 88' lang='lat' dir='ltr'><strong>luerit,</strong></span> <span class='ocrx_word' id='word_1_318' title='bbox 230 3685 298 3750; x_wconf 86' lang='lat' dir='ltr'><strong>huie</strong></span> <span class='ocrx_word' id='word_1_319' title='bbox 315 3685 452 3749; x_wconf 83' lang='lat' dir='ltr'><strong>admirari</strong></span> <span class='ocrx_word' id='word_1_320' title='bbox 470 3686 635 3772; x_wconf 88' lang='lat' dir='ltr'><strong>cumprimis</strong></span> <span class='ocrx_word' id='word_1_321' title='bbox 653 3699 804 3766; x_wconf 86' lang='lat' dir='ltr'><strong>occurret,</strong></span> <span class='ocrx_word' id='word_1_322' title='bbox 834 3688 1071 3771; x_wconf 85' lang='lat' dir='ltr'><strong>quemadmodum</strong></span> <span class='ocrx_word' id='word_1_323' title='bbox 1089 3709 1162 3771; x_wconf 82' lang='lat' dir='ltr'><strong>quse</strong></span> <span class='ocrx_word' id='word_1_324' title='bbox 1181 3699 1240 3754; x_wconf 91' lang='lat' dir='ltr'><strong>turn</strong></span> 
     </span>
     <span class='ocr_line' id='line_1_34' title="bbox 96 3786 1240 3878; baseline 0.007 -30"><span class='ocrx_word' id='word_1_325' title='bbox 96 3786 128 3849; x_wconf 81' lang='lat' dir='ltr'><strong>rb</strong></span> <span class='ocrx_word' id='word_1_326' title='bbox 142 3787 198 3852; x_wconf 81' lang='lat' dir='ltr'><strong>lrre</strong></span> <span class='ocrx_word' id='word_1_327' title='bbox 213 3786 329 3851; x_wconf 84' lang='lat' dir='ltr'><strong>haeresi</strong></span> <span class='ocrx_word' id='word_1_328' title='bbox 345 3787 492 3852; x_wconf 87' lang='lat' dir='ltr'><strong>mendacis</strong></span> <span class='ocrx_word' id='word_1_329' title='bbox 507 3789 645 3852; x_wconf 90' lang='lat' dir='ltr'><strong>instinctu</strong></span> <span class='ocrx_word' id='word_1_330' title='bbox 659 3789 778 3873; x_wconf 89' lang='lat' dir='ltr'><strong>spiritus</strong></span> <span class='ocrx_word' id='word_1_331' title='bbox 792 3789 992 3852; x_wconf 88' lang='lat' dir='ltr'><strong>administrata</strong></span> <span class='ocrx_word' id='word_1_332' title='bbox 1007 3801 1086 3868; x_wconf 89' lang='lat' dir='ltr'><strong>suut,</strong></span> <span class='ocrx_word' id='word_1_333' title='bbox 1107 3793 1240 3878; x_wconf 89' lang='lat' dir='ltr'><strong>proprias</strong></span> 
     </span>
     <span class='ocr_line' id='line_1_35' title="bbox 95 3885 1238 3974; baseline 0.009 -26"><span class='ocrx_word' id='word_1_334' title='bbox 95 3885 207 3952; x_wconf 86' lang='lat' dir='ltr'><strong>illorum</strong></span> <span class='ocrx_word' id='word_1_335' title='bbox 227 3899 311 3954; x_wconf 88' lang='lat' dir='ltr'><strong>notas</strong></span> <span class='ocrx_word' id='word_1_336' title='bbox 331 3889 513 3972; x_wconf 85' lang='lat' dir='ltr'><strong>exprimant,</strong></span> <span class='ocrx_word' id='word_1_337' title='bbox 545 3891 592 3974; x_wconf 93' lang='lat' dir='ltr'><strong>qui</strong></span> <span class='ocrx_word' id='word_1_338' title='bbox 612 3910 663 3974; x_wconf 92' lang='lat' dir='ltr'><strong>per</strong></span> <span class='ocrx_word' id='word_1_339' title='bbox 681 3889 844 3952; x_wconf 88' lang='lat' dir='ltr'><strong>istiusmodi</strong></span> <span class='ocrx_word' id='word_1_340' title='bbox 860 3891 997 3955; x_wconf 87' lang='lat' dir='ltr'><strong>haereses</strong></span> <span class='ocrx_word' id='word_1_341' title='bbox 1016 3902 1111 3956; x_wconf 90' lang='lat' dir='ltr'><strong>motus</strong></span> <span class='ocrx_word' id='word_1_342' title='bbox 1127 3894 1192 3958; x_wconf 92' lang='lat' dir='ltr'><strong>illos</strong></span> <span class='ocrx_word' id='word_1_343' title='bbox 1210 3895 1238 3958; x_wconf 91' lang='lat' dir='ltr'><strong>in</strong></span> 
     </span>
     <span class='ocr_line' id='line_1_36' title="bbox 95 3989 1239 4076; baseline 0.009 -26"><span class='ocrx_word' id='word_1_344' title='bbox 95 3989 234 4072; x_wconf 82' lang='lat' dir='ltr'><strong>apostolis</strong></span> <span class='ocrx_word' id='word_1_345' title='bbox 254 3989 449 4056; x_wconf 86' lang='lat' dir='ltr'><strong>concitarunt.</strong></span> <span class='ocrx_word' id='word_1_346' title='bbox 492 3989 571 4055; x_wconf 91' lang='lat' dir='ltr'><strong>Nam</strong></span> <span class='ocrx_word' id='word_1_347' title='bbox 591 4014 656 4054; x_wconf 89' lang='lat' dir='ltr'><strong>cum</strong></span> <span class='ocrx_word' id='word_1_348' title='bbox 674 3989 723 4056; x_wconf 89' lang='lat' dir='ltr'><strong>isti</strong></span> <span class='ocrx_word' id='word_1_349' title='bbox 746 3991 848 4054; x_wconf 88' lang='lat' dir='ltr'><strong>alidei</strong></span> <span class='ocrx_word' id='word_1_350' title='bbox 867 3993 1033 4076; x_wconf 88' lang='lat' dir='ltr'><strong>integritate</strong></span> <span class='ocrx_word' id='word_1_351' title='bbox 1050 3995 1239 4076; x_wconf 88' lang='lat' dir='ltr'><strong>deiecissent,</strong></span> 
     </span>
     <span class='ocr_line' id='line_1_37' title="bbox 96 4091 1239 4181; baseline 0.006 -29"><span class='ocrx_word' id='word_1_352' title='bbox 96 4100 123 4152; x_wconf 88' lang='lat' dir='ltr'><strong>et</strong></span> <span class='ocrx_word' id='word_1_353' title='bbox 141 4092 172 4156; x_wconf 88' lang='lat' dir='ltr'><strong>iu</strong></span> <span class='ocrx_word' id='word_1_354' title='bbox 192 4091 283 4156; x_wconf 85' lang='lat' dir='ltr'><strong>lalsos</strong></span> <span class='ocrx_word' id='word_1_355' title='bbox 301 4094 450 4178; x_wconf 88' lang='lat' dir='ltr'><strong>apostolos</strong></span> <span class='ocrx_word' id='word_1_356' title='bbox 469 4103 570 4158; x_wconf 87' lang='lat' dir='ltr'><strong>essent</strong></span> <span class='ocrx_word' id='word_1_357' title='bbox 590 4092 744 4170; x_wconf 85' lang='lat' dir='ltr'><strong>conversi,</strong></span> <span class='ocrx_word' id='word_1_358' title='bbox 775 4092 904 4176; x_wconf 91' lang='lat' dir='ltr'><strong>aliosque</strong></span> <span class='ocrx_word' id='word_1_359' title='bbox 924 4095 1043 4178; x_wconf 90' lang='lat' dir='ltr'><strong>perinde</strong></span> <span class='ocrx_word' id='word_1_360' title='bbox 1062 4097 1151 4177; x_wconf 81' lang='lat' dir='ltr'><strong>lalqos</strong></span> <span class='ocrx_word' id='word_1_361' title='bbox 1169 4117 1239 4181; x_wconf 91' lang='lat' dir='ltr'><strong>apo-</strong></span> 
     </span>
     <span class='ocr_line' id='line_1_38' title="bbox 95 4193 1239 4277; baseline 0.005 -25"><span class='ocrx_word' id='word_1_362' title='bbox 95 4193 184 4258; x_wconf 85' lang='lat' dir='ltr'><strong>stolos</strong></span> <span class='ocrx_word' id='word_1_363' title='bbox 203 4194 370 4271; x_wconf 83' lang='lat' dir='ltr'><strong>misissent,</strong></span> <span class='ocrx_word' id='word_1_364' title='bbox 394 4194 441 4277; x_wconf 93' lang='lat' dir='ltr'><strong>qui</strong></span> <span class='ocrx_word' id='word_1_365' title='bbox 460 4195 607 4273; x_wconf 86' lang='lat' dir='ltr'><strong>dicerent,</strong></span> <span class='ocrx_word' id='word_1_366' title='bbox 630 4199 955 4270; x_wconf 70' lang='lat' dir='ltr'><strong>Nncr&#39;cr‘rcumer&#39;dumtirr&#39;,</strong></span> <span class='ocrx_word' id='word_1_367' title='bbox 980 4203 1184 4266; x_wconf 82' lang='lat' dir='ltr'><strong>eterrstodr‘ntr&#39;s</strong></span> <span class='ocrx_word' id='word_1_368' title='bbox 1200 4201 1239 4259; x_wconf 84' lang='lat' dir='ltr'><strong>Ie-</strong></span> 
     </span>
     <span class='ocr_line' id='line_1_39' title="bbox 93 4295 1239 4378; baseline 0.004 -23"><span class='ocrx_word' id='word_1_369' title='bbox 93 4311 154 4370; x_wconf 69' lang='lat' dir='ltr'><strong>gem</strong></span> <span class='ocrx_word' id='word_1_370' title='bbox 171 4299 283 4374; x_wconf 79' lang='lat' dir='ltr'><strong>Mopsr&#39;,</strong></span> <span class='ocrx_word' id='word_1_371' title='bbox 306 4317 362 4357; x_wconf 88' lang='lat' dir='ltr'><strong>non</strong></span> <span class='ocrx_word' id='word_1_372' title='bbox 376 4301 493 4377; x_wconf 83' lang='lat' dir='ltr'><strong>potesn&#39;s</strong></span> <span class='ocrx_word' id='word_1_373' title='bbox 509 4300 631 4369; x_wconf 79' lang='lat' dir='ltr'><strong>sulcari,</strong></span> <span class='ocrx_word' id='word_1_374' title='bbox 655 4296 759 4378; x_wconf 88' lang='lat' dir='ltr'><strong>ingens</strong></span> <span class='ocrx_word' id='word_1_375' title='bbox 774 4295 841 4360; x_wconf 90' lang='lat' dir='ltr'><strong>inde</strong></span> <span class='ocrx_word' id='word_1_376' title='bbox 860 4299 934 4360; x_wconf 83' lang='lat' dir='ltr'><strong>lacta</strong></span> <span class='ocrx_word' id='word_1_377' title='bbox 950 4299 1104 4362; x_wconf 89' lang='lat' dir='ltr'><strong>commotio</strong></span> <span class='ocrx_word' id='word_1_378' title='bbox 1120 4308 1180 4376; x_wconf 89' lang='lat' dir='ltr'><strong>est,</strong></span> <span class='ocrx_word' id='word_1_379' title='bbox 1207 4309 1239 4362; x_wconf 92' lang='lat' dir='ltr'><strong>ut</strong></span> 
     </span>
    </p>
   </div>
   <div class='ocr_carea' id='block_1_4' title="bbox 94 4439 1239 4582">
    <p class='ocr_par' dir='ltr' id='par_1_4' title="bbox 94 4439 1239 4582">
     <span class='ocr_line' id='line_1_40' title="bbox 124 4439 1239 4516; baseline 0.007 -20"><span class='ocrx_word' id='word_1_380' title='bbox 124 4443 151 4496; x_wconf 74' lang='lat'><strong>2.</strong></span> <span class='ocrx_word' id='word_1_381' title='bbox 170 4449 245 4498; x_wconf 68' lang='lat' dir='ltr'><strong>turc</strong></span> <span class='ocrx_word' id='word_1_382' title='bbox 262 4439 302 4500; x_wconf 73' lang='grc' dir='ltr'><strong>ὅτι</strong></span> <span class='ocrx_word' id='word_1_383' title='bbox 318 4443 361 4500; x_wconf 72' lang='lat' dir='ltr'><strong>tto</strong></span> <span class='ocrx_word' id='word_1_384' title='bbox 378 4447 574 4516; x_wconf 62' lang='lat' dir='ltr'><strong>nspredpnchc,</strong></span> <span class='ocrx_word' id='word_1_385' title='bbox 591 4463 651 4512; x_wconf 84' lang='lat' dir='ltr'><strong>quoe</strong></span> <span class='ocrx_word' id='word_1_386' title='bbox 684 4450 737 4499; x_wconf 79' lang='lat' dir='ltr'><strong>edit</strong></span> <span class='ocrx_word' id='word_1_387' title='bbox 750 4452 824 4512; x_wconf 71' lang='lat' dir='ltr'><strong>odrae.</strong></span> <span class='ocrx_word' id='word_1_388' title='bbox 830 4487 839 4513; x_wconf 93' lang='lat'><strong>,</strong></span> <span class='ocrx_word' id='word_1_389' title='bbox 855 4465 885 4501; x_wconf 79' lang='lat' dir='ltr'><strong>cc</strong></span> <span class='ocrx_word' id='word_1_390' title='bbox 898 4453 949 4503; x_wconf 87' lang='lat' dir='ltr'><strong>cod.</strong></span> <span class='ocrx_word' id='word_1_391' title='bbox 965 4455 1076 4504; x_wconf 71' lang='lat' dir='ltr'><strong>tommo</strong></span> <span class='ocrx_word' id='word_1_392' title='bbox 1085 4453 1190 4514; x_wconf 82' lang='lat' dir='ltr'><strong>prr’nrurrr</strong></span> <span class='ocrx_word' id='word_1_393' title='bbox 1202 4453 1239 4504; x_wconf 78' lang='lat' dir='ltr'><strong>irr-</strong></span> 
     </span>
     <span class='ocr_line' id='line_1_41' title="bbox 94 4514 887 4582; baseline 0.009 -17"><span class='ocrx_word' id='word_1_394' title='bbox 94 4514 256 4566; x_wconf 80' lang='lat' dir='ltr'><strong>drrr&#39;derentnr</strong></span> <span class='ocrx_word' id='word_1_395' title='bbox 269 4519 320 4566; x_wconf 84' lang='lat' dir='ltr'><strong>tuns</strong></span> <span class='ocrx_word' id='word_1_396' title='bbox 331 4518 357 4567; x_wconf 80' lang='lat' dir='ltr'><strong>tn</strong></span> <span class='ocrx_word' id='word_1_397' title='bbox 370 4517 423 4568; x_wconf 85' lang='lat' dir='ltr'><strong>cod.</strong></span> <span class='ocrx_word' id='word_1_398' title='bbox 432 4517 528 4581; x_wconf 76' lang='lat' dir='ltr'><strong>ltdedtp.</strong></span> <span class='ocrx_word' id='word_1_399' title='bbox 540 4531 613 4582; x_wconf 82' lang='lat' dir='ltr'><strong>quern</strong></span> <span class='ocrx_word' id='word_1_400' title='bbox 627 4519 652 4567; x_wconf 81' lang='lat' dir='ltr'><strong>r&#39;n</strong></span> <span class='ocrx_word' id='word_1_401' title='bbox 684 4520 754 4568; x_wconf 74' lang='lat' dir='ltr'><strong>arne</strong></span> <span class='ocrx_word' id='word_1_402' title='bbox 771 4521 887 4572; x_wconf 74' lang='lat' dir='ltr'><strong>Pacorus</strong></span> 
     </span>
    </p>
   </div>
   <div class='ocr_carea' id='block_1_5' title="bbox 0 0 1560 4984">
    <p class='ocr_par' dir='ltr' id='par_1_5' title="bbox 0 0 1560 4984">
     <span class='ocr_line' id='line_1_42' title="bbox 0 0 1560 4984; baseline 0 0"><span class='ocrx_word' id='word_1_403' title='bbox 0 0 1560 4984; x_wconf 95' lang='lat' dir='ltr'><strong> </strong></span> 
     </span>
    </p>
   </div>
  </div>
 </body>
</html>
