3080 5002
294 245 356 310 696
718 253 1025 313 ειιιοτιτιιοιιιιιιι

294 374 349 458 τήν
370 373 467 459 σάρκα
490 386 553 453 τοῖς
573 377 687 442 έαντοῖτ
702 384 868 458 μαθηταῖς,
890 377 940 442 καί
964 373 1126 454 άναλάσας,
1149 375 1259 459 φησίν,
1281 373 1382 458 αάτήν
1404 373 1461 458 τήν

294 478 525 563 ἐνανθρτάιτησιν
541 481 648 544 έαυτοιῖ
666 476 821 564 άπεμέρισε
837 477 926 544 πάλιν
945 476 1057 568 έκάστφ
1074 485 1133 544 ταῖν
1150 482 1300 562 στοιχείων
1319 476 1354 544 τά
1377 481 1462 544 ίόταν

295 577 445 662 άττοθοάς,
467 580 500 648 τό
517 581 632 668 θερμόν
647 589 688 668 τῷ
703 589 824 670 θερμῷ,
845 583 878 647 τά
898 578 1017 666 ψυχρόν
1037 588 1078 671 τῷ
1098 587 1220 670 ψυχρῷ,
1241 579 1275 646 τό
1298 579 1396 666 ξηράν
1419 588 1460 669 τῷ

295 688 390 772 ξηρῷ,
413 682 446 750 τό
472 682 564 770 άγρόν
586 691 627 774 τῷ
651 681 746 773 όγρῷ·
768 687 819 750 καί
843 683 938 760 οὕτως
960 683 1100 760 διαλύσας
1122 681 1172 748 τίκτ’
1191 680 1287 748 αὐτοῦ
1308 683 1404 750 πάλιν
1425 684 1458 750 τό

295 789 438 872 ἔνσαριιον
460 794 545 870 σῶμα
567 786 678 870 άνέιττη
699 789 742 864 είς
762 786 814 853 τόν
835 785 979 872 οάρανόν,
1002 785 1076 853 ὅθεν
1098 790 1148 854 καί
1170 781 1233 871 ῆκε.

159 903 225 970 ῐεφ.
242 902 274 974 γ’.
379 892 439 955 Καὶ
455 883 480 956 ὦ
495 897 605 974 πολλῆς
618 894 852 976 θραματονργίας
867 897 927 956 τοῖν
940 889 977 956 τά
993 898 1115 956 τοιαῦτα
1131 888 1284 976 λεγόντων,
1307 887 1350 966 ὥς
1364 896 1459 954 τταντῖ

293 1019 334 1082 τῷ
348 993 442 1073 σαφὲς
456 997 511 1076 τίη,
533 997 631 1076 μίμων
647 1000 755 1076 μῖιλλον
766 991 957 1080 ἐργαστήριον
972 992 1047 1078 ήττερ
1062 997 1232 1080 ἐπαγγελίας
1243 999 1322 1076 ζωῆς
1335 991 1356 1076 τῆ
1371 995 1456 1059 σννέ-

293 1118 366 1172 σεοις
382 1104 551 1182 χαρακτῆρα
565 1098 759 1180 κεκτημένων.
804 1099 846 1160 El
867 1095 922 1183 γάρ
938 1094 1013 1172 ὅλως
1029 1098 1110 1162 ίλνεν
1126 1094 1198 1163 αάτό
1221 1095 1254 1162 τό
1272 1103 1360 1180 σιῖμα
1378 1095 1455 1178 ὅπερ

294 1203 405 1281 είληφε,
422 1203 479 1265 τίνι
495 1207 535 1288 τῷ
551 1199 628 1289 λόγῳ
644 1197 695 1264 ἅττ’
710 1197 802 1284 άρχῆς
817 1197 890 1265 αάτό
903 1201 996 1288 ἐαυτῷ
1011 1197 1232 1278 κατεσκεύαζτνς
1266 1202 1309 1263 Et
1324 1201 1358 1265 θέ
1371 1223 1455 1264 τιστι-

294 1300 411 1379 σκεόαζε
428 1300 478 1365 διά
494 1327 560 1368 τινα
573 1309 691 1388 χρῆσιν,
723 1299 874 1368 ἀπετέλεσε
887 1304 920 1368 δέ
935 1299 968 1369 τό
986 1305 1074 1389 ἔργον
1088 1309 1141 1386 τῆς
1154 1302 1300 1389 χρήσεωςζ
1324 1305 1384 1368 lon
1403 1329 1453 1368 m·

294 1413 431 1486 ταλεῖψαι
451 1402 522 1469 αάτό
547 1406 578 1472 ἐν
599 1413 635 1496 τῆ
658 1413 713 1495 γῆ,
742 1403 865 1489 μάλιστα
881 1402 953 1471 καθ’
967 1402 1044 1488 ὑμᾶς
1062 1412 1114 1488 τῆς
1130 1405 1205 1472 κατά
1220 1404 1277 1490 τήν
1292 1403 1455 1471 α’νάσταττν

292 1515 346 1592 τῆς
363 1503 473 1591 σαρκός
489 1509 606 1584 ἐλπίδος
620 1511 718 1584 τίίονς
739 1507 780 1591 μή
792 1514 892 1593 χρείαν
908 1510 1025 1591 ἔχοντος
1039 1515 1239 1591 τελειωθῆναι
1283 1506 1371 1574 Ἀλλά
1387 1505 1455 1574 τ’τέ·

294 1631 398 1691 στησεν
415 1607 487 1675 αὐτά
505 1611 607 1688 πάλιν,
635 1613 686 1676 ’ίνα
704 1612 745 1688 είς
761 1609 892 1693 κάματον
909 1611 1014 1676 έαοτόν
1028 1611 1083 1695 τήν
1098 1609 1373 1694 μείζονα-ἐμβάλοι,
1403 1615 1455 1676 ἵνα

296 1715 389 1796 μηθέν
404 1711 542 1802 οῖφελήση
554 1712 792 1793 κατασκευάζων,
814 1717 864 1780 καί
880 1717 912 1781 ἐν
925 1712 1053 1798 μνήματι
1068 1712 1300 1798 α’ττοτιθέμενος,
1324 1716 1376 1780 καλ
1390 1718 1455 1780 ιίια·

293 1814 372 1882 λάων
387 1817 438 1882 καί
454 1822 576 1902 μερίζων
590 1814 704 1905 ἑκάστῳ
721 1823 780 1882 τοῖν
796 1822 945 1900 στοιχείων
961 1817 1034 1900 ὅπερ
1052 1815 1120 1902 παρ’
1138 1814 1231 1883 αὐτοῦ
1248 1819 1384 1900 εἴληφεν,
1413 1815 1455 1894 τίς

295 1918 457 2005 εάγνοίμοιν
477 1921 684 2004 χρεοφειλέτης.
730 1923 789 1984 Καί
813 1923 840 1985 εί
859 1919 934 1997 ’όλως
952 1919 1065 2010 ἑκάστῳ
1082 1918 1241 1996 άττεδίδοο,
1271 1921 1402 1986 τουτέστι
1420 1918 1453 1986 τά

296 2021 414 2107 ψυχρόν
430 2029 470 2112 τῷ
487 2028 593 2110 ψυχρῷ
601 2074 610 2101 ,
632 2025 681 2088 καί
700 2021 733 2087 τά
747 2023 864 2108 θερμόν
878 2030 919 2113 τῷ
931 2027 1051 2113 θερμῷ,
1073 2020 1203 2106 ῆιῖόνατο
1218 2029 1312 2088 ταῦτα
1325 2021 1368 2106 μή
1384 2020 1453 2108 605-

294 2136 367 2192 σθαι
386 2134 449 2202 τοῖς
466 2122 559 2191 αὐτοῦ
575 2134 740 2208 μαθηταῖς,
769 2124 827 2192 άλλ’
842 2125 880 2193 οιί
898 2126 956 2209 μήν
973 2125 1005 2192 τό
1024 2131 1108 2208 σῶμα
1127 2124 1160 2190 τό
1178 2127 1278 2210 ξηράν.
1327 2125 1455 2202 Πάπιος

174 2263 224 2308 εει-
237 2253 282 2300 a
296 2228 352 2316 γάρ
368 2228 400 2296 τά
417 2227 506 2313 ξηρόν
522 2227 606 2310 σοῖμά
622 2231 697 2307 ἐστι,
719 2228 792 2314 σάρξ
808 2232 858 2296 καί
873 2227 974 2308 σ’στέα,
996 2231 1047 2293 καλ
1062 2228 1094 2294 τό
1108 2225 1202 2313 άγρόν
1216 2227 1336 2304 πάντως
1351 2231 1455 2312 ίχόρές
1534 2273 1535 2282 1

296 2336 361 2412 ελσε,
386 2334 436 2397 καλ
452 2330 524 2417 σάρξ
539 2334 581 2407 είς
595 2328 741 2416 ὑγρότητα
757 2334 945 2416 θιαλνομένη·
968 2331 1053 2396 άτινα
1067 2331 1185 2406 πάντως
1200 2341 1263 2408 τοῖς
1275 2329 1454 2408 άττοστάλοις

295 2433 486 2520 φανεράτατοι
504 2431 718 2516 άττοτιθέμενος
735 2433 887 2518 ἐσήμανεν,
910 2432 951 2512 οῖς
967 2438 1019 2500 καί
1035 2433 1069 2500 τό
1086 2441 1219 2520 πρῶτον,
1242 2433 1290 2501 ὅτε
1306 2434 1452 2500 ἐθάπτετο

294 2539 327 2605 τό
344 2535 437 2603 αὐτοῦ
453 2543 552 2619 σῶμα,
580 2543 754 2619 κατηξιοῦτο
767 2534 876 2622 Ἰωσήφ
898 2535 917 2602 ό
933 2535 993 2602 α’ττιί
1008 2537 1203 2622 Ἁριμαθαίας
1218 2540 1363 2616 έντνλίξαι
1380 2535 1451 2603 αάτά

296 2645 328 2708 ἐν
347 2638 478 2718 σινδόνι,
500 2642 550 2705 καλ
566 2637 737 2706 άτιοθέσθαι
754 2642 786 2705 έν
801 2639 938 2725 μνήματι.
972 2639 1055 2722 ’Ἇμα
1067 2641 1100 2706 δέ
1115 2642 1165 2705 καλ
1179 2643 1214 2706 αί
1223 2649 1365 2726 γυναῖκες
1375 2637 1452 2722 είχον
1535 2721 1536 2730 ¹

296 2747 370 2808 ίῖεῖν
385 2769 445 2808 που
462 2745 641 2825 κατελείφθη
663 2743 699 2808 τά
716 2747 859 2823 λείψανα,
887 2747 938 2808 ἵνα
956 2741 1031 2807 αάτά
1048 2742 1193 2826 τιμήσωσι
1209 2741 1260 2808 διά
1279 2741 1385 2828 μόρια
1400 2745 1452 2808 καί

208 2897 209 2904 ι
296 2845 477 2931 άροιμάτων,
500 2843 541 2921 οῖς
558 2841 591 2910 τό
607 2852 733 2931 πρῶτον.
777 2842 848 2910 Ἀλλ’
863 2843 1000 2928 οάιλαμοῦ
1018 2845 1051 2911 τά
1068 2848 1182 2926 ψτῠάος
1197 2843 1283 2929 όμιιν
1296 2853 1387 2913 τοῦτο
1404 2851 1450 2912 θε-

296 2947 437 3032 ιλῆλωται,
468 2975 491 3016 ω
510 2945 727 3031 Ἀττελληϊανοί,
756 2945 816 3015 άιτό
840 2948 906 3025 ένός
926 2957 983 3014 τοῖν
1003 2945 1096 3034 άγίοιν
1115 2946 1302 3014 άτιοστόλων·
1337 2947 1377 3015 οά
1395 2949 1448 3035 γάρ

297 3055 380 3119 ἔστιν.
423 3049 506 3116 Ἀλλά
523 3050 594 3127 τούς
608 3051 663 3134 μέν
677 3049 824 3137 άοράτοος
838 3048 952 3138 όρατιῖς
969 3049 1049 3117 είίον
1064 3049 1119 3117 δάο
1136 3049 1262 3137 ἄνδρας,
1291 3055 1345 3118 καί
1361 3051 1449 3118 τιν’τόν

296 3158 338 3232 τίς
350 3152 480 3240 οὐρανόν
492 3151 696 3239 άνερχόμενον,
718 3155 770 3219 καί
783 3150 843 3221 ὖαό
857 3155 979 3236 νεφέλης
992 3161 1139 3238 φωτεινῆς
1153 3152 1447 3240 άιτολαμβανάμετοτ,

296 3262 436 3340 λείψανον
454 3258 486 3321 δὲ
503 3254 596 3322 αάτοῦ
612 3253 746 3338 οὐθαμοῦ
760 3259 1028 3340 καταλελειμμένον·
1052 3256 1090 3322 οὗ
1106 3255 1162 3343 γάρ
1180 3260 1282 3343 ἐχρῆν,
1306 3257 1377 3325 οὖλέ
1392 3261 1448 3324 ἐκε-

296 3362 400 3444 δέχετο.
446 3362 505 3424 Καί
525 3357 666 3440 ψεύδεται
688 3357 840 3444 Ἀπελλῆς,
863 3361 965 3426 καλοί
985 3357 1034 3424 ἄττ’
1056 3358 1149 3426 αὐτοῦ
1170 3358 1381 3444 Ἀττελληῖανοί

161 3783 228 3856 Κεφ.
245 3786 277 3844 σ.
385 3769 428 3836 Τά
442 3770 531 3854 ὅμοια
543 3772 576 3838 δέ
589 3779 629 3862 τῷ
644 3773 751 3838 ἑαυτοῦ
762 3771 901 3863 έτιτστάτη
918 3777 1078 3860 Μαρκίανι
1090 3776 1159 3858 περί
1169 3797 1201 3838 τε
1214 3780 1268 3856 τῆς
1281 3771 1370 3858 ἄλλης
1382 3797 1448 3860 τερ

296 3873 350 3951 κός
371 3878 422 3940 καί
443 3881 503 3940 τοῖν
522 3872 616 3942 άλλοιν
633 3873 744 3958 ὁμοίως
761 3873 952 3962 ῆίογμάτισε,
984 3874 1108 3957 φάσκον
1129 3873 1169 3960 μή
1191 3871 1265 3941 τίνοι
1289 3875 1448 3944 άνάσταειτ

296 3985 423 4061 νεκροῖν,
452 3979 502 4042 καί
518 3976 554 4042 τά
569 3977 655 4057 ἄλλα,
686 3977 797 4065 ’όοαττερ
813 3981 862 4044 έτιί
880 3985 932 4062 τῆς
949 3985 1003 4064 γῆς
1018 3980 1118 4057 ἔδοξεν
1134 3975 1244 4062 ὁμοίως
1258 3983 1446 4066 δογματίζειν.

297 4078 544 4166 ’Λνατραττῆσεται
556 4079 588 4146 δέ
601 4077 620 4146 ό
635 4077 727 4146 αάτοῠ
739 4081 877 4167 λογισμός
890 4079 980 4167 ληρός
993 4107 1037 4157 τις
1052 4079 1104 4162 οῖν,
1119 4084 1170 4146 καλ
1183 4079 1258 4146 κατά
1271 4081 1371 4148 πάντα
1383 4083 1448 4166 τρά-

299 4209 357 4250 ττον
372 4186 599 4267 πεπλανημένος.
646 4181 722 4249 Οιῖτε
737 4183 792 4271 γάρ
808 4182 918 4268 ίσχάσει
930 4183 1035 4260 σκότος
1048 4186 1125 4249 ἐνθα
1138 4183 1172 4250 τό
1187 4190 1253 4265 φῶς
1267 4191 1448 4270 παραφαίνο-

299 4311 363 4365 ται,
393 4285 460 4354 οάτε
481 4286 514 4354 τά
534 4287 647 4368 ψεῦδος
664 4285 842 4370 σταθήσεται
860 4285 954 4370 οὔσης
974 4295 1025 4370 τῆς
1042 4283 1192 4368 άληθείας.
1236 4290 1278 4352 El
1297 4288 1354 4374 γάρ
1373 4287 1448 4366 ὅλος

300 4389 436 4474 κέχρησαι
457 4399 522 4466 ταῖς
539 4397 683 4475 γραφαῖς,
714 4382 876 4474 άἈιτελλῆ
896 4392 948 4455 καλ
970 4393 1002 4456 οί
1020 4387 1079 4456 άιτά
1101 4395 1157 4455 σοιῖ
1171 4386 1387 4474 Ἀττιλληῖονοί,
1418 4395 1446 4472 ἐξ
