3112 4984
334 233 395 294 200
473 280 480 293 .
531 315 540 333 ὓ
757 238 877 293 SANCTI
895 239 1062 292 ΕΡῙΡΗΑΝΠ

337 357 408 436 ἀςνε
425 355 497 442 μετά
513 349 546 421 τό
565 352 732 441 ἀναγνῶναι
754 352 833 438 ἡμᾶς
854 352 953 421 αάτοῑν
974 353 1027 432 τάς
1047 357 1168 439 βίβλους
1189 356 1240 420 καί
1262 357 1415 438 ἐπιστῆσαι
1437 353 1490 421 τόν

337 466 410 525 νοῆν
425 466 461 548 τῆ
479 456 620 548 ἀληθείς,
642 458 693 522 καί
708 455 750 540 μῆ
766 465 1009 542 συναποχθῆναι,
1031 455 1201 542 ἀποδράσαι
1217 482 1248 522 τε
1266 459 1317 522 καί
1335 456 1376 540 μῆ
1393 459 1490 522 δελεα-

338 568 465 644 σθῆναι,
487 558 521 626 τό
536 566 696 642 τηνικαῦτα
714 557 940 642 ἐσπουδάσαμεν
960 561 1011 624 καί
1032 568 1094 635 τοῖς
1113 557 1289 636 ἐπισκόποις
1308 569 1372 635 τοῖς
1392 561 1425 625 ἐν
1445 565 1488 647 τῷ

337 661 421 752 τόπρι
445 664 546 750 ἐκείνω
566 657 676 736 αδτοάς
696 657 867 738 ἀποδεῖξαι,
889 663 939 726 καί
962 659 997 726 τά
1018 658 1148 744 όνόματα
1171 663 1203 727 ἐν
1224 667 1261 752 τῆ
1284 663 1420 750 ἐκκλησίᾳ
1441 687 1490 726 κε-

336 765 489 850 κρυμμένα
512 762 665 848 φωράοαι,
686 765 738 828 καί
752 761 822 839 τούς
842 760 952 840 αότοιίς
969 761 1179 846 ῡάπελαθῆναι
1197 769 1251 846 τῆς
1269 761 1398 844 πόλεως,
1420 759 1488 829 δνό-

338 893 415 951 ματα
428 868 495 952 περί
509 889 570 930 που
586 862 778 950 ἀγδοήκοντα,
800 865 851 930 καί
864 862 918 948 τῆν
932 863 1020 931 πόλιν
1034 873 1088 949 τῆς
1100 862 1199 930 νότων
1213 863 1401 943 ζιζανιόδους
1416 863 1490 948 ῧλης

338 969 390 1034 καί
410 964 613 1043 ἀκανθόδους
632 973 836 1052 καθαρθῆναι.

196 1073 263 1142 Κεφ
281 1068 324 1141 ιη’·
424 1067 645 1152 Μνημονεόσας
661 1069 695 1133 δέ
709 1093 752 1145 τις
767 1074 820 1150 τῆς
834 1066 898 1136 ἀνω
914 1065 1000 1152 ῆμοῖν
1020 1066 1202 1152 ὑποσχέσεως
1216 1066 1290 1152 τάχα
1307 1071 1357 1134 καί
1374 1069 1492 1134 ἐπαινί-

339 1195 430 1250 σειεν,
453 1168 494 1248 ἀς
515 1168 602 1254 ἡμῶν
620 1169 873 1256 προαγγειλάντων
897 1169 942 1236 ὅτε
968 1171 1043 1236 τισίν
1066 1169 1165 1236 αότοῑν
1188 1169 1402 1256 παρετόχομεν,
1424 1166 1490 1234 τινά

340 1275 372 1340 δέ
387 1270 437 1339 διά
452 1270 685 1358 συγγραμμάτων
701 1270 882 1357 ἐγνόκαμεν,
903 1269 969 1337 τενά
986 1273 1018 1338 δέ
1033 1271 1069 1338 δι’
1085 1269 1250 1356 ἐνηχῆσεόν
1268 1297 1297 1336 τε
1313 1274 1364 1338 καί
1380 1298 1490 1357 μαρτυ-

340 1379 414 1461 ρίων
437 1371 616 1452 ἀξιοπίστων
638 1371 771 1458 ἀνδρῶν,
793 1375 964 1456 δυναμένων
981 1371 1055 1457 ῆμίν
1077 1373 1131 1458 τῆν
1153 1371 1298 1457 ἀλήθειαν
1315 1371 1491 1440 όποδεικνό-

339 1503 397 1542 ναι.
428 1473 481 1552 Ὡς
496 1478 546 1542 καί
563 1479 696 1542 ἐνταῦθα
710 1473 885 1558 φιλαλήθως
901 1472 955 1558 οόχ
969 1472 1213 1562 όπερβεβῆιιαμεν
1229 1473 1281 1540 τόν
1294 1473 1395 1554 τόπον,
1417 1472 1491 1540 ἀλλά

343 1579 491 1660 ἐδείξαμεν
508 1574 549 1653 οἷς
566 1581 619 1660 μία
637 1578 714 1643 ἐστίν
732 1575 808 1659 αὕτη
828 1583 887 1642 τοῖν
904 1574 976 1660 ῆμίν
993 1583 1213 1663 περιτυχονσοῖν
1235 1578 1382 1664 αίρέσεων.
1427 1579 1492 1641 Καί

344 1686 449 1760 σοφοῖς
463 1680 532 1764 περί
546 1677 655 1761 ταύτης
673 1676 868 1762 ἠδυνήθημεν
888 1681 978 1765 λέγειν
1004 1682 1058 1757 ῑέξ
1072 1671 1130 1759 όν,
1152 1677 1193 1763 μῆ
1208 1681 1338 1766 γίνοιτο,
1362 1675 1400 1743 οό
1414 1677 1491 1763 πρά-

342 1785 458 1860 ξαντες,
480 1775 551 1846 ἀλλά
570 1779 774 1863 μεμαθηκότες
792 1778 923 1866 ἀκριβοῦς
937 1778 1018 1867 παρά
1034 1788 1093 1846 τῶν
1108 1779 1186 1864 ἡμᾶς
1206 1784 1247 1857 είς
1263 1787 1351 1846 τοῦτο
1369 1778 1493 1845 πειθόν-

342 1909 418 1964 των,
439 1883 491 1948 καί
507 1879 548 1966 μῆ
568 1880 817 1966 κατισχνσάντων,
845 1878 916 1948 ἀλλά
936 1880 991 1966 τῆν
1015 1885 1129 1950 ἐαντοδν
1153 1886 1255 1950 ἐλπίδα
1275 1889 1328 1964 τῆς
1350 1883 1392 1958 είς
1411 1878 1492 1964 ἡμᾶς

343 1982 488 2061 ἀπωλείας
507 1981 713 2051 ἀπολεσάντων
734 1985 785 2048 καί
805 1981 846 2066 μῆ
869 1983 1064 2068 ἐπιτυχόντων
1088 1991 1141 2051 τοῦ
1162 1991 1276 2050 σκοποῦ
1298 1990 1352 2066 τῆς
1372 1986 1415 2060 είς
1436 1981 1492 2066 τῆν

343 2085 483 2152 τάλαιναν
500 2083 586 2170 ἡμῶν
600 2084 702 2169 ψυχῆν
718 2088 958 2170 ἐπιχειρονμένης
971 2083 1021 2150 ἀπ’
1038 2083 1137 2152 αδτῶν
1151 2113 1182 2152 τε
1196 2088 1246 2152 καί
1262 2093 1316 2152 τοῦ
1338 2087 1370 2152 ἐν
1390 2082 1493 2161 οότοῖς

344 2187 485 2273 διαβόλου
508 2195 665 2270 σνσκευῆς·
689 2184 730 2263 ἀς
745 2189 794 2252 καί
810 2177 935 2276 Ισυνριδοί
951 2185 1030 2271 ῆμάς
1051 2190 1143 2274 λέγειν
1165 2195 1207 2277 τῷ
1223 2185 1373 2276 ἀγιωτότρι
1390 2189 1492 2268 Δαβίδ

343 2291 407 2370 δτι,
430 2291 506 2372 Βέλη
520 2293 634 2372 νηπίων
648 2287 830 2374 ἐγενήθησαν
844 2292 878 2353 αί
890 2292 998 2374 πληγαλ
1014 2288 1127 2370 αὐτῶν,
1149 2292 1201 2355 καί
1215 2287 1252 2355 τά
1268 2292 1346 2372 λξῆς·
1367 2290 1419 2354 καί
1433 2287 1492 2366 ὅτι,

223 2422 274 2468 μς.
288 2411 332 2455 εει.
344 2390 530 2478 Ἑπιστρέψει
547 2388 564 2457 ό
581 2389 677 2467 πόνος
699 2387 798 2455 αότολν
820 2393 862 2466 είς
879 2389 1010 2476 κεφαλῆν
1033 2390 1147 2472 αὐτῶν,
1168 2392 1220 2458 καί
1236 2388 1257 2474 ῆ
1274 2387 1371 2456 ἀδικία
1392 2387 1493 2455 αὐτῶν

343 2497 394 2561 ἐπλ
409 2491 547 2579 κορυφῆν
561 2489 660 2558 αάτῶν
675 2490 877 2576 καταβήσεται
918 2490 970 2569 Ὡς
986 2485 1042 2559 οὖν
1055 2492 1258 2579 περιτυχόντες
1275 2496 1325 2560 καί
1341 2491 1492 2578 ἀποδράν-

344 2621 405 2677 τες,
425 2597 478 2661 καί
493 2592 669 2680 ἀναγνόντες
684 2597 735 2660 καί
755 2593 871 2681 γνόντες
886 2598 936 2660 καί
956 2595 1163 2681 καταγνόντες,
1183 2597 1328 2671 σωθέντες
1348 2597 1383 2660 δέ
1402 2592 1493 2680 ἀπερ-

344 2695 528 2781 βεβῆταμεν,
551 2695 628 2762 οὕτω
644 2700 694 2762 καί
715 2719 747 2762 σε
763 2697 815 2763 τάν
832 2694 1071 2783 ἀναγινώσκοντα
1085 2707 1310 2784 παρακαλοῦμεν
1326 2695 1495 2782 ἀναγνόντα

344 2802 395 2866 καί
412 2798 593 2885 καταγνόντα
610 2805 723 2864 ’τοῦτο
740 2795 922 2884 όπερβῆναι,
944 2803 986 2876 είς
1005 2799 1039 2866 τδ
1062 2798 1103 2883 μῆ
1120 2803 1254 2884 ἐμπεσεῖν
1271 2802 1303 2866 ἐν
1320 2805 1361 2887 τῷ
1382 2801 1418 2886 ίρῑ
1440 2806 1496 2880 τῆς

344 2908 405 2966 τδν
420 2903 548 2985 ἐρπετολν
563 2899 676 2965 τούτων
691 2905 862 2985 μοχθηρίας.
898 2898 969 2966 Ἀλλ’
984 2905 1011 2967 εί
1025 2906 1075 2968 καί
1093 2927 1163 2968 ποτε
1177 2900 1344 2989 περιεόχοις
1357 2903 1415 2966 τισί
1432 2907 1496 2965 τοῖν

344 2999 403 3070 ἀπό
421 3009 475 3084 τῆς
492 2999 644 3084 όφιοίδους
660 2999 767 3085 ταύτης
789 3010 908 3086 σχολῆς,
931 3002 1024 3081 εόθείς
1042 3002 1075 3070 τό
1098 3003 1185 3082 ξόλον
1207 3001 1363 3086 ἀναλαβοίν
1382 2999 1416 3067 τό
1441 3000 1495 3068 διαί

343 3109 398 3172 τοῦ
415 3108 521 3189 κυρίου
538 3100 610 3186 ῆμῖν
626 3104 810 3187 ἐτοιμασθέν,
832 3107 864 3170 ἐν
879 3097 903 3194 ᾦ
918 3103 1053 3192 όκόριος
1066 3103 1150 3189 ῆμοδν
1166 3103 1334 3192 προςεπάγη
1350 3103 1495 3190 Χριστάς,

342 3203 418 3272 κατά
432 3213 485 3289 τῆς
501 3213 630 3289 κεφαλῆς
641 3212 696 3272 τοῦ
712 3204 810 3288 δφεως
825 3197 917 3283 εδθδς
932 3206 1029 3290 λαβάν
1044 3212 1140 3285 είποις
1158 3207 1219 3289 ὅτι,
1244 3206 1373 3291 Χριστός
1388 3207 1494 3272 ἐσταύ-

343 3333 434 3393 ρωται
447 3305 523 3394 δπέρ
537 3305 639 3392 ῆμοῑν,
660 3305 857 3394 όπογραμμδν
873 3305 944 3392 ῆμῐν
959 3307 1169 3392 ἀπολιμπάνων
1184 3313 1344 3395 σωτηρίας,
1367 3307 1414 3374 ὅτι
1431 3307 1493 3375 οόκ

343 3406 381 3474 ἀν
405 3411 598 3495 ἐσταυροῦτο,
620 3413 648 3475 εί
670 3409 710 3493 μῆ
731 3408 826 3495 σόριια
845 3407 916 3493 είχε·
939 3409 1033 3496 σάρκα
1058 3413 1090 3477 δέ
1112 3413 1201 3496 ἔχων,
1223 3414 1274 3478 καί
1292 3413 1495 3496 σταυρωθείς,

345 3509 568 3596 ἐσταόρωσεν’
547 3538 633 3595 ημων
655 3509 707 3588 τάς
732 3509 884 3597 ἀμαρτίας.
931 3517 1030 3578 Πίστει
1054 3516 1156 3598 ἔχομαι
1178 3521 1231 3597 τῆς
1255 3511 1411 3596 ἀληθείας,
1442 3515 1497 3578 καί

344 3611 398 3736 υδχ
411 3609 561 3700 ὖπάγομαι
584 3621 737 3704 ’πλανητῆ
753 3617 865 3701 νωθείρι
881 3621 934 3680 τοῦ
951 3612 1065 3698 ὄφεως,
1086 3619 1137 3682 καί
1154 3621 1416 3768 παραψιθνρισμρῖ
1441 3623 1497 3698 τῆς

344 3711 436 3780 αὐτοῦ
457 3718 652 3793 διδασκαλίας.

202 4141 269 4210 Κςφ,
286 4137 328 4196 ις’
430 4121 550 4187 Λοιπδν
566 4123 673 4207 ταύτην
688 4125 861 4212 παρελθοίν,
884 4125 1046 4213 ἀγαπητοί,
1069 4130 1175 4210 ἐφεξῆς
1194 4130 1355 4209 βαδιοῦμαι
1372 4129 1424 4193 ἐπί
1443 4129 1500 4206 τάς

391 4327 416 4378 5.
433 4321 574 4390 ἀπελθῆναι
590 4332 626 4380 εδ.
641 4335 716 4392 princ.
730 4336 844 4384 mendose.
935 4334 1031 4436 μηγέι
1019 4351 1097 4396 ιοιτο,
1114 4329 1177 4386 ἀλλά
1195 4339 1245 4384 cen

391 4395 450 4445 θεν.
468 4395 611 4448 Xv1n.-
651 4401 671 4449 ί.
689 4403 730 4450 So
731 4415 758 4451 υτ
774 4401 854 4454 ταῦτα
870 4401 898 4466 ἐξ
984 4402 1096 4454 λτοῦτο
1120 4417 1161 4462 ερο
1176 4404 1292 4482 rescripsi.
1329 4403 1394 4452 Libri
1409 4405 1500 4456 habent

340 4452 375 4516 ιδι
402 4457 566 4532 ἠδυνήθημεν
592 4464 670 4532 λέγειν
695 4461 726 4520 οδ
750 4465 895 4536 πράξαντες,
930 4471 982 4524 τοῦ.
1016 4473 1113 4522 Ρείοιίο
1129 4471 1219 4532 placuit
1233 4463 1336 4522 τούτων
