<?xml version="1.0" encoding="UTF-8"?>
<!DOCTYPE html PUBLIC "-//W3C//DTD XHTML 1.0 Transitional//EN"
    "http://www.w3.org/TR/xhtml1/DTD/xhtml1-transitional.dtd">
<html xmlns="http://www.w3.org/1999/xhtml" xml:lang="en" lang="en">
 <head>
  <title>
</title>
<meta http-equiv="Content-Type" content="text/html;charset=utf-8" />
  <meta name='ocr-system' content='tesseract 3.04.00' />
  <meta name='ocr-capabilities' content='ocr_page ocr_carea ocr_par ocr_line ocrx_word'/>
</head>
<body>
  <div class='ocr_page' id='page_1' title='image "./corporishaerese01oehlgoog_0515.png"; bbox 0 0 3106 4990; ppageno 0'>
   <div class='ocr_carea' id='block_1_1' title="bbox 320 271 1049 338">
    <p class='ocr_par' dir='ltr' id='par_1_1' title="bbox 320 271 1049 338">
     <span class='ocr_line' id='line_1_1' title="bbox 320 271 1049 338; baseline -0.003 -2"><span class='ocrx_word' id='word_1_1' title='bbox 320 271 382 338; x_wconf 78' lang='lat'><strong><em>502</em></strong></span> <span class='ocrx_word' id='word_1_2' title='bbox 741 281 862 335; x_wconf 84' lang='grc' dir='ltr'><strong><em>ειυοτι</em></strong></span> <span class='ocrx_word' id='word_1_3' title='bbox 880 281 1049 336; x_wconf 82' lang='grc' dir='ltr'><strong><em>εειειιιιιιι</em></strong></span> 
     </span>
    </p>
   </div>
   <div class='ocr_carea' id='block_1_2' title="bbox 192 391 1534 3562">
    <p class='ocr_par' dir='ltr' id='par_1_2' title="bbox 319 391 1482 688">
     <span class='ocr_line' id='line_1_2' title="bbox 321 391 1482 484; baseline 0 -18"><span class='ocrx_word' id='word_1_4' title='bbox 321 402 380 466; x_wconf 84' lang='grc' dir='ltr'><strong><em>Καί</em></strong></span> <span class='ocrx_word' id='word_1_5' title='bbox 403 398 513 478; x_wconf 77' lang='grc' dir='ltr'><strong><em>οὕτως,</em></strong></span> <span class='ocrx_word' id='word_1_6' title='bbox 541 391 630 475; x_wconf 82' lang='grc' dir='ltr'><strong><em>οῦτός</em></strong></span> <span class='ocrx_word' id='word_1_7' title='bbox 651 419 758 479; x_wconf 87' lang='grc' dir='ltr'><strong><em>φησιν,</em></strong></span> <span class='ocrx_word' id='word_1_8' title='bbox 788 395 935 483; x_wconf 83' lang='grc' dir='ltr'><strong><em>όπεστοίλη</em></strong></span> <span class='ocrx_word' id='word_1_9' title='bbox 956 402 1007 466; x_wconf 83' lang='grc' dir='ltr'><strong><em>καλ</em></strong></span> <span class='ocrx_word' id='word_1_10' title='bbox 1026 397 1160 483; x_wconf 76' lang='grc' dir='ltr'><strong><em>ἤπότησι</em></strong></span> <span class='ocrx_word' id='word_1_11' title='bbox 1180 399 1235 484; x_wconf 71' lang='grc' dir='ltr'><strong><em>τήν</em></strong></span> <span class='ocrx_word' id='word_1_12' title='bbox 1253 398 1348 466; x_wconf 76' lang='grc' dir='ltr'><strong><em>Εὕαν.</em></strong></span> <span class='ocrx_word' id='word_1_13' title='bbox 1391 396 1482 466; x_wconf 72' lang='grc' dir='ltr'><strong><em>Ἡδὲ</em></strong></span> 
     </span>
     <span class='ocr_line' id='line_1_3' title="bbox 319 498 1479 591; baseline -0.002 -21"><span class='ocrx_word' id='word_1_14' title='bbox 319 502 446 586; x_wconf 75' lang='grc' dir='ltr'><strong><em>ἤκουσεν</em></strong></span> <span class='ocrx_word' id='word_1_15' title='bbox 461 499 570 580; x_wconf 85' lang='grc' dir='ltr'><strong><em>ιιιίτοῦ,</em></strong></span> <span class='ocrx_word' id='word_1_16' title='bbox 600 501 650 565; x_wconf 83' lang='grc' dir='ltr'><strong><em>καί</em></strong></span> <span class='ocrx_word' id='word_1_17' title='bbox 667 503 792 583; x_wconf 73' lang='grc' dir='ltr'><strong><em>ἐπείσθη</em></strong></span> <span class='ocrx_word' id='word_1_18' title='bbox 809 498 849 578; x_wconf 81' lang='grc' dir='ltr'><strong><em>τίς</em></strong></span> <span class='ocrx_word' id='word_1_19' title='bbox 864 505 919 591; x_wconf 78' lang='grc' dir='ltr'><strong><em>νίῷ</em></strong></span> <span class='ocrx_word' id='word_1_20' title='bbox 936 510 1026 584; x_wconf 79' lang='grc' dir='ltr'><strong><em>θεοῦ,</em></strong></span> <span class='ocrx_word' id='word_1_21' title='bbox 1056 505 1107 570; x_wconf 84' lang='grc' dir='ltr'><strong><em>καλ</em></strong></span> <span class='ocrx_word' id='word_1_22' title='bbox 1123 513 1278 570; x_wconf 77' lang='grc' dir='ltr'><strong><em>πεισθεῖσα</em></strong></span> <span class='ocrx_word' id='word_1_23' title='bbox 1292 507 1404 589; x_wconf 77' lang='grc' dir='ltr'><strong><em>ἔφαγεν</em></strong></span> <span class='ocrx_word' id='word_1_24' title='bbox 1418 500 1479 568; x_wconf 73' lang='grc' dir='ltr'><strong><em>ἀπό</em></strong></span> 
     </span>
     <span class='ocr_line' id='line_1_4' title="bbox 321 601 722 688; baseline -0.005 -18"><span class='ocrx_word' id='word_1_25' title='bbox 321 613 374 672; x_wconf 89' lang='grc' dir='ltr'><strong><em>τοῦ</em></strong></span> <span class='ocrx_word' id='word_1_26' title='bbox 396 604 484 683; x_wconf 79' lang='grc' dir='ltr'><strong><em>ξύλου</em></strong></span> <span class='ocrx_word' id='word_1_27' title='bbox 506 612 558 685; x_wconf 84' lang='grc' dir='ltr'><strong><em>τῆς</em></strong></span> <span class='ocrx_word' id='word_1_28' title='bbox 579 601 722 688; x_wconf 81' lang='grc' dir='ltr'><strong><em>γνοίσεως.</em></strong></span> 
     </span>
    </p>

    <p class='ocr_par' dir='ltr' id='par_1_3' title="bbox 192 704 1532 1512">
     <span class='ocr_line' id='line_1_5' title="bbox 192 704 1474 794; baseline 0 -22"><span class='ocrx_word' id='word_1_29' title='bbox 192 712 252 779; x_wconf 79' lang='grc' dir='ltr'><strong><em>Κεφ</em></strong></span> <span class='ocrx_word' id='word_1_30' title='bbox 276 708 304 766; x_wconf 80' lang='grc' dir='ltr'><strong><em>ε’.</em></strong></span> <span class='ocrx_word' id='word_1_31' title='bbox 405 704 483 772; x_wconf 85' lang='grc' dir='ltr'><strong><em>Είτα</em></strong></span> <span class='ocrx_word' id='word_1_32' title='bbox 496 706 567 773; x_wconf 85' lang='grc' dir='ltr'><strong><em>όταν</em></strong></span> <span class='ocrx_word' id='word_1_33' title='bbox 581 705 689 788; x_wconf 80' lang='grc' dir='ltr'><strong><em>ταύτην</em></strong></span> <span class='ocrx_word' id='word_1_34' title='bbox 701 704 756 788; x_wconf 75' lang='grc' dir='ltr'><strong><em>τήν</em></strong></span> <span class='ocrx_word' id='word_1_35' title='bbox 770 710 884 790; x_wconf 79' lang='grc' dir='ltr'><strong><em>μωρίαν</em></strong></span> <span class='ocrx_word' id='word_1_36' title='bbox 897 706 1095 793; x_wconf 77' lang='grc' dir='ltr'><strong><em>διηγήσωνται</em></strong></span> <span class='ocrx_word' id='word_1_37' title='bbox 1110 710 1159 774; x_wconf 86' lang='grc' dir='ltr'><strong><em>καί</em></strong></span> <span class='ocrx_word' id='word_1_38' title='bbox 1173 707 1207 774; x_wconf 89' lang='grc' dir='ltr'><strong><em>τό</em></strong></span> <span class='ocrx_word' id='word_1_39' title='bbox 1222 710 1334 794; x_wconf 86' lang='grc' dir='ltr'><strong><em>γέλοιον</em></strong></span> <span class='ocrx_word' id='word_1_40' title='bbox 1347 714 1401 789; x_wconf 74' lang='grc' dir='ltr'><strong><em>τῆς</em></strong></span> <span class='ocrx_word' id='word_1_41' title='bbox 1414 709 1474 774; x_wconf 82' lang='grc' dir='ltr'><strong><em>ἐπι·</em></strong></span> 
     </span>
     <span class='ocr_line' id='line_1_6' title="bbox 320 807 1477 894; baseline -0.001 -17"><span class='ocrx_word' id='word_1_42' title='bbox 320 809 494 891; x_wconf 85' lang='grc' dir='ltr'><strong><em>τηδεῦσεως,</em></strong></span> <span class='ocrx_word' id='word_1_43' title='bbox 524 807 633 892; x_wconf 78' lang='grc' dir='ltr'><strong><em>ταύτην</em></strong></span> <span class='ocrx_word' id='word_1_44' title='bbox 649 807 702 891; x_wconf 76' lang='grc' dir='ltr'><strong><em>την</em></strong></span> <span class='ocrx_word' id='word_1_45' title='bbox 719 807 875 894; x_wconf 74' lang='grc' dir='ltr'><strong><em>τραγικὴν,</em></strong></span> <span class='ocrx_word' id='word_1_46' title='bbox 898 807 938 886; x_wconf 68' lang='grc' dir='ltr'><strong><em>οἷς</em></strong></span> <span class='ocrx_word' id='word_1_47' title='bbox 952 814 1061 890; x_wconf 87' lang='grc' dir='ltr'><strong><em>είπείν,</em></strong></span> <span class='ocrx_word' id='word_1_48' title='bbox 1093 809 1287 894; x_wconf 84' lang='grc' dir='ltr'><strong><em>ποιησόμενοι</em></strong></span> <span class='ocrx_word' id='word_1_49' title='bbox 1307 807 1477 876; x_wconf 72' lang='grc' dir='ltr'><strong><em>ιὑπόθεσιν</em></strong></span> 
     </span>
     <span class='ocr_line' id='line_1_7' title="bbox 319 910 1472 997; baseline -0.001 -19"><span class='ocrx_word' id='word_1_50' title='bbox 319 916 370 978; x_wconf 82' lang='grc' dir='ltr'><strong><em>καί</em></strong></span> <span class='ocrx_word' id='word_1_51' title='bbox 386 911 419 979; x_wconf 91' lang='grc' dir='ltr'><strong><em>τό</em></strong></span> <span class='ocrx_word' id='word_1_52' title='bbox 436 911 570 995; x_wconf 83' lang='grc' dir='ltr'><strong><em>κωμικόν</em></strong></span> <span class='ocrx_word' id='word_1_53' title='bbox 584 919 671 978; x_wconf 91' lang='grc' dir='ltr'><strong><em>τοῦτο</em></strong></span> <span class='ocrx_word' id='word_1_54' title='bbox 690 915 788 995; x_wconf 86' lang='grc' dir='ltr'><strong><em>δρᾶμα</em></strong></span> <span class='ocrx_word' id='word_1_55' title='bbox 805 911 942 997; x_wconf 83' lang='grc' dir='ltr'><strong><em>όργονταί</em></strong></span> <span class='ocrx_word' id='word_1_56' title='bbox 958 939 1023 978; x_wconf 92' lang='grc' dir='ltr'><strong><em>τινα</em></strong></span> <span class='ocrx_word' id='word_1_57' title='bbox 1038 910 1111 996; x_wconf 74' lang='grc' dir='ltr'><strong><em>ἡμῖν</em></strong></span> <span class='ocrx_word' id='word_1_58' title='bbox 1126 911 1306 993; x_wconf 70' lang='grc' dir='ltr'><strong><em>ὑποφαίνειν</em></strong></span> <span class='ocrx_word' id='word_1_59' title='bbox 1321 915 1364 989; x_wconf 82' lang='grc' dir='ltr'><strong><em>είς</em></strong></span> <span class='ocrx_word' id='word_1_60' title='bbox 1379 912 1472 996; x_wconf 80' lang='grc' dir='ltr'><strong><em>παρό-</em></strong></span> 
     </span>
     <span class='ocr_line' id='line_1_8' title="bbox 319 1011 1471 1100; baseline -0.002 -18"><span class='ocrx_word' id='word_1_61' title='bbox 319 1035 420 1083; x_wconf 88' lang='grc' dir='ltr'><strong><em>στασιν</em></strong></span> <span class='ocrx_word' id='word_1_62' title='bbox 434 1022 493 1080; x_wconf 85' lang='grc' dir='ltr'><strong><em>τιῦν</em></strong></span> <span class='ocrx_word' id='word_1_63' title='bbox 508 1012 576 1098; x_wconf 87' lang='grc' dir='ltr'><strong><em>παρ’</em></strong></span> <span class='ocrx_word' id='word_1_64' title='bbox 591 1011 692 1088; x_wconf 85' lang='grc' dir='ltr'><strong><em>αότοίς</em></strong></span> <span class='ocrx_word' id='word_1_65' title='bbox 705 1016 867 1100; x_wconf 90' lang='grc' dir='ltr'><strong><em>λεγομένων</em></strong></span> <span class='ocrx_word' id='word_1_66' title='bbox 882 1018 1006 1096; x_wconf 74' lang='grc' dir='ltr'><strong><em>ψευδοῖν</em></strong></span> <span class='ocrx_word' id='word_1_67' title='bbox 1023 1021 1115 1082; x_wconf 75' lang='grc' dir='ltr'><strong><em>θεῶν·</em></strong></span> <span class='ocrx_word' id='word_1_68' title='bbox 1138 1015 1199 1096; x_wconf 82' lang='grc' dir='ltr'><strong><em>ὅτι,</em></strong></span> <span class='ocrx_word' id='word_1_69' title='bbox 1225 1014 1300 1100; x_wconf 82' lang='grc' dir='ltr'><strong><em>Οιίγί</em></strong></span> <span class='ocrx_word' id='word_1_70' title='bbox 1314 1018 1366 1081; x_wconf 84' lang='grc' dir='ltr'><strong><em>τινί</em></strong></span> <span class='ocrx_word' id='word_1_71' title='bbox 1379 1014 1415 1080; x_wconf 79' lang='grc' dir='ltr'><strong><em>τό</em></strong></span> <span class='ocrx_word' id='word_1_72' title='bbox 1429 1019 1471 1100; x_wconf 92' lang='grc' dir='ltr'><strong><em>ἐγ-</em></strong></span> 
     </span>
     <span class='ocr_line' id='line_1_9' title="bbox 320 1107 1532 1204; baseline -0.002 -20"><span class='ocrx_word' id='word_1_73' title='bbox 320 1145 395 1185; x_wconf 85' lang='grc' dir='ltr'><strong><em>καια</em></strong></span> <span class='ocrx_word' id='word_1_74' title='bbox 409 1115 509 1200; x_wconf 72' lang='grc' dir='ltr'><strong><em>ἡμῶν,</em></strong></span> <span class='ocrx_word' id='word_1_75' title='bbox 541 1114 578 1182; x_wconf 89' lang='grc' dir='ltr'><strong><em>δι’</em></strong></span> <span class='ocrx_word' id='word_1_76' title='bbox 596 1107 639 1182; x_wconf 75' lang='grc' dir='ltr'><strong><em>νίν</em></strong></span> <span class='ocrx_word' id='word_1_77' title='bbox 653 1123 747 1198; x_wconf 77' lang='grc' dir='ltr'><strong><em>ζῶμεν</em></strong></span> <span class='ocrx_word' id='word_1_78' title='bbox 763 1119 814 1182; x_wconf 90' lang='grc' dir='ltr'><strong><em>καλ</em></strong></span> <span class='ocrx_word' id='word_1_79' title='bbox 828 1116 1017 1202; x_wconf 78' lang='grc' dir='ltr'><strong><em>τρεφόμεθα,</em></strong></span> <span class='ocrx_word' id='word_1_80' title='bbox 1049 1116 1195 1200; x_wconf 83' lang='grc' dir='ltr'><strong><em>όφιοευδεί</em></strong></span> <span class='ocrx_word' id='word_1_81' title='bbox 1207 1115 1351 1204; x_wconf 77' lang='grc' dir='ltr'><strong><em>όποίρχεις</em></strong></span> <span class='ocrx_word' id='word_1_82' title='bbox 1385 1115 1474 1182; x_wconf 66' lang='lat' dir='ltr'><strong><em>”Ana</em></strong></span> <span class='ocrx_word' id='word_1_83' title='bbox 1531 1169 1532 1200; x_wconf 56' lang='lat'>3</span> 
     </span>
     <span class='ocr_line' id='line_1_10' title="bbox 321 1213 1532 1305; baseline -0.003 -17"><span class='ocrx_word' id='word_1_84' title='bbox 321 1222 353 1288; x_wconf 80' lang='grc' dir='ltr'><strong><em>δέ</em></strong></span> <span class='ocrx_word' id='word_1_85' title='bbox 375 1220 430 1286; x_wconf 84' lang='grc' dir='ltr'><strong><em>όσα</em></strong></span> <span class='ocrx_word' id='word_1_86' title='bbox 452 1228 513 1295; x_wconf 87' lang='grc' dir='ltr'><strong><em>τοῖς</em></strong></span> <span class='ocrx_word' id='word_1_87' title='bbox 530 1216 728 1302; x_wconf 78' lang='grc' dir='ltr'><strong><em>ήπατημένοις</em></strong></span> <span class='ocrx_word' id='word_1_88' title='bbox 746 1223 994 1305; x_wconf 86' lang='grc' dir='ltr'><strong><em>παρειςφέρουσιν</em></strong></span> <span class='ocrx_word' id='word_1_89' title='bbox 1019 1223 1061 1297; x_wconf 84' lang='grc' dir='ltr'><strong><em>είς</em></strong></span> <span class='ocrx_word' id='word_1_90' title='bbox 1081 1219 1136 1303; x_wconf 75' lang='grc' dir='ltr'><strong><em>τὴν</em></strong></span> <span class='ocrx_word' id='word_1_91' title='bbox 1157 1222 1270 1286; x_wconf 81' lang='grc' dir='ltr'><strong><em>ἓαυτιῦν</em></strong></span> <span class='ocrx_word' id='word_1_92' title='bbox 1290 1219 1404 1301; x_wconf 79' lang='grc' dir='ltr'><strong><em>πλόνην</em></strong></span> <span class='ocrx_word' id='word_1_93' title='bbox 1424 1222 1472 1285; x_wconf 79' lang='grc' dir='ltr'><strong><em>καί</em></strong></span> <span class='ocrx_word' id='word_1_94' title='bbox 1531 1213 1532 1226; x_wconf 58' lang='grc'>’</span> 
     </span>
     <span class='ocr_line' id='line_1_11' title="bbox 320 1319 1471 1410; baseline -0.003 -20"><span class='ocrx_word' id='word_1_95' title='bbox 320 1323 437 1410; x_wconf 82' lang='grc' dir='ltr'><strong><em>ληροίδη</em></strong></span> <span class='ocrx_word' id='word_1_96' title='bbox 456 1319 611 1388; x_wconf 84' lang='grc' dir='ltr'><strong><em>ῦπόνοιαν.</em></strong></span> <span class='ocrx_word' id='word_1_97' title='bbox 656 1319 715 1386; x_wconf 86' lang='grc' dir='ltr'><strong><em>Διοί</em></strong></span> <span class='ocrx_word' id='word_1_98' title='bbox 731 1321 870 1405; x_wconf 79' lang='grc' dir='ltr'><strong><em>τοιαύτην</em></strong></span> <span class='ocrx_word' id='word_1_99' title='bbox 887 1324 918 1388; x_wconf 80' lang='grc' dir='ltr'><strong><em>δέ</em></strong></span> <span class='ocrx_word' id='word_1_100' title='bbox 935 1325 1046 1400; x_wconf 90' lang='grc' dir='ltr'><strong><em>αίτίαν,</em></strong></span> <span class='ocrx_word' id='word_1_101' title='bbox 1076 1327 1167 1403; x_wconf 90' lang='grc' dir='ltr'><strong><em>φασί,</em></strong></span> <span class='ocrx_word' id='word_1_102' title='bbox 1196 1320 1249 1388; x_wconf 88' lang='grc' dir='ltr'><strong><em>τόν</em></strong></span> <span class='ocrx_word' id='word_1_103' title='bbox 1266 1320 1339 1403; x_wconf 86' lang='grc' dir='ltr'><strong><em>όφιν</em></strong></span> <span class='ocrx_word' id='word_1_104' title='bbox 1357 1320 1471 1400; x_wconf 77' lang='grc' dir='ltr'><strong><em>δοξοίζο-</em></strong></span> 
     </span>
     <span class='ocr_line' id='line_1_12' title="bbox 322 1421 1472 1512; baseline -0.004 -19"><span class='ocrx_word' id='word_1_105' title='bbox 322 1452 390 1511; x_wconf 85' lang='grc' dir='ltr'><strong><em>μεν,</em></strong></span> <span class='ocrx_word' id='word_1_106' title='bbox 421 1425 467 1491; x_wconf 81' lang='grc' dir='ltr'><strong><em>ότι</em></strong></span> <span class='ocrx_word' id='word_1_107' title='bbox 481 1421 499 1490; x_wconf 88' lang='grc' dir='ltr'><strong><em>ό</em></strong></span> <span class='ocrx_word' id='word_1_108' title='bbox 515 1422 589 1499; x_wconf 81' lang='grc' dir='ltr'><strong><em>θεός</em></strong></span> <span class='ocrx_word' id='word_1_109' title='bbox 605 1427 698 1498; x_wconf 84' lang='grc' dir='ltr'><strong><em>αίτιος</em></strong></span> <span class='ocrx_word' id='word_1_110' title='bbox 714 1430 766 1506; x_wconf 80' lang='grc' dir='ltr'><strong><em>τῆς</em></strong></span> <span class='ocrx_word' id='word_1_111' title='bbox 782 1424 916 1510; x_wconf 78' lang='grc' dir='ltr'><strong><em>γνοέσεως</em></strong></span> <span class='ocrx_word' id='word_1_112' title='bbox 931 1425 1081 1510; x_wconf 85' lang='grc' dir='ltr'><strong><em>γεγένηται</em></strong></span> <span class='ocrx_word' id='word_1_113' title='bbox 1095 1433 1137 1512; x_wconf 77' lang='grc' dir='ltr'><strong><em>τῷ</em></strong></span> <span class='ocrx_word' id='word_1_114' title='bbox 1152 1424 1270 1508; x_wconf 75' lang='grc' dir='ltr'><strong><em>πλήθει.</em></strong></span> <span class='ocrx_word' id='word_1_115' title='bbox 1311 1421 1346 1490; x_wconf 88' lang='lat'><strong><em>‘0</em></strong></span> <span class='ocrx_word' id='word_1_116' title='bbox 1361 1427 1394 1490; x_wconf 88' lang='grc' dir='ltr'><strong><em>δέ</em></strong></span> <span class='ocrx_word' id='word_1_117' title='bbox 1407 1423 1472 1488; x_wconf 81' lang='grc' dir='ltr'><strong><em>Ἰαλ-</em></strong></span> 
     </span>
    </p>

    <p class='ocr_par' dir='ltr' id='par_1_4' title="bbox 202 1523 1533 1716">
     <span class='ocr_line' id='line_1_13' title="bbox 202 1523 1473 1612; baseline 0.002 -22"><span class='ocrx_word' id='word_1_118' title='bbox 202 1546 308 1605; x_wconf 67' lang='grc' dir='ltr'><strong><em>ηιμτι.</em></strong></span> <span class='ocrx_word' id='word_1_119' title='bbox 323 1526 468 1612; x_wconf 75' lang='grc' dir='ltr'><strong><em>δαβοιοίθ,</em></strong></span> <span class='ocrx_word' id='word_1_120' title='bbox 496 1529 604 1608; x_wconf 85' lang='grc' dir='ltr'><strong><em>φασίν,</em></strong></span> <span class='ocrx_word' id='word_1_121' title='bbox 634 1523 690 1592; x_wconf 84' lang='grc' dir='ltr'><strong><em>οῦκ</em></strong></span> <span class='ocrx_word' id='word_1_122' title='bbox 712 1525 799 1610; x_wconf 76' lang='grc' dir='ltr'><strong><em>ἤθελε</em></strong></span> <span class='ocrx_word' id='word_1_123' title='bbox 818 1534 988 1610; x_wconf 79' lang='grc' dir='ltr'><strong><em>μνησθῆναι</em></strong></span> <span class='ocrx_word' id='word_1_124' title='bbox 1008 1526 1063 1610; x_wconf 76' lang='grc' dir='ltr'><strong><em>τήν</em></strong></span> <span class='ocrx_word' id='word_1_125' title='bbox 1080 1525 1142 1592; x_wconf 83' lang='grc' dir='ltr'><strong><em>ι’ίνω</em></strong></span> <span class='ocrx_word' id='word_1_126' title='bbox 1161 1529 1305 1612; x_wconf 91' lang='grc' dir='ltr'><strong><em>Μητέρα,</em></strong></span> <span class='ocrx_word' id='word_1_127' title='bbox 1336 1526 1404 1592; x_wconf 84' lang='grc' dir='ltr'><strong><em>οῦτε</em></strong></span> <span class='ocrx_word' id='word_1_128' title='bbox 1424 1525 1473 1592; x_wconf 84' lang='grc' dir='ltr'><strong><em>τόν</em></strong></span> 
     </span>
     <span class='ocr_line' id='line_1_14' title="bbox 325 1627 1533 1716; baseline -0.005 -18"><span class='ocrx_word' id='word_1_129' title='bbox 325 1633 446 1716; x_wconf 88' lang='grc' dir='ltr'><strong><em>Πατέρα</em></strong></span> <span class='ocrx_word' id='word_1_130' title='bbox 461 1639 524 1706; x_wconf 85' lang='grc' dir='ltr'><strong><em>τοῖς</em></strong></span> <span class='ocrx_word' id='word_1_131' title='bbox 541 1627 726 1714; x_wconf 80' lang='grc' dir='ltr'><strong><em>ιίνθροόποις.</em></strong></span> <span class='ocrx_word' id='word_1_132' title='bbox 762 1628 882 1696; x_wconf 77' lang='grc' dir='ltr'><strong><em>Ἐ’πεισε</em></strong></span> <span class='ocrx_word' id='word_1_133' title='bbox 898 1631 930 1695; x_wconf 84' lang='grc' dir='ltr'><strong><em>δέ</em></strong></span> <span class='ocrx_word' id='word_1_134' title='bbox 946 1628 964 1695; x_wconf 87' lang='grc' dir='ltr'><strong><em>ό</em></strong></span> <span class='ocrx_word' id='word_1_135' title='bbox 978 1628 1050 1712; x_wconf 86' lang='grc' dir='ltr'><strong><em>ὄφις</em></strong></span> <span class='ocrx_word' id='word_1_136' title='bbox 1065 1632 1117 1696; x_wconf 89' lang='grc' dir='ltr'><strong><em>καί</em></strong></span> <span class='ocrx_word' id='word_1_137' title='bbox 1132 1636 1242 1715; x_wconf 75' lang='grc' dir='ltr'><strong><em>γνοῦσιν</em></strong></span> <span class='ocrx_word' id='word_1_138' title='bbox 1258 1629 1397 1715; x_wconf 82' lang='grc' dir='ltr'><strong><em>ἤνεγκεν,</em></strong></span> <span class='ocrx_word' id='word_1_139' title='bbox 1419 1631 1472 1694; x_wconf 86' lang='grc' dir='ltr'><strong><em>ἐδί·</em></strong></span> <span class='ocrx_word' id='word_1_140' title='bbox 1532 1694 1533 1702; x_wconf 57' lang='grc'><strong><em>,</em></strong></span> 
     </span>
    </p>

    <p class='ocr_par' dir='ltr' id='par_1_5' title="bbox 293 1729 1534 3562">
     <span class='ocr_line' id='line_1_15' title="bbox 293 1729 1474 1820; baseline -0.005 -19"><span class='ocrx_word' id='word_1_141' title='bbox 293 1806 295 1820; x_wconf 50' lang='lat'><em>,</em></span> <span class='ocrx_word' id='word_1_142' title='bbox 323 1736 391 1812; x_wconf 79' lang='grc' dir='ltr'><strong><em>δαξέ</em></strong></span> <span class='ocrx_word' id='word_1_143' title='bbox 412 1759 442 1798; x_wconf 89' lang='grc' dir='ltr'><strong><em>τε</em></strong></span> <span class='ocrx_word' id='word_1_144' title='bbox 462 1731 514 1796; x_wconf 90' lang='grc' dir='ltr'><strong><em>τόν</em></strong></span> <span class='ocrx_word' id='word_1_145' title='bbox 531 1729 696 1816; x_wconf 83' lang='grc' dir='ltr'><strong><em>όνθρωπον</em></strong></span> <span class='ocrx_word' id='word_1_146' title='bbox 719 1733 770 1797; x_wconf 85' lang='grc' dir='ltr'><strong><em>καί</em></strong></span> <span class='ocrx_word' id='word_1_147' title='bbox 791 1731 843 1816; x_wconf 73' lang='grc' dir='ltr'><strong><em>τήν</em></strong></span> <span class='ocrx_word' id='word_1_148' title='bbox 864 1741 991 1818; x_wconf 87' lang='grc' dir='ltr'><strong><em>γυναῖκα</em></strong></span> <span class='ocrx_word' id='word_1_149' title='bbox 1011 1741 1071 1798; x_wconf 83' lang='grc' dir='ltr'><strong><em>τιῦν</em></strong></span> <span class='ocrx_word' id='word_1_150' title='bbox 1092 1731 1153 1798; x_wconf 80' lang='grc' dir='ltr'><strong><em>ῦνω</em></strong></span> <span class='ocrx_word' id='word_1_151' title='bbox 1173 1737 1342 1816; x_wconf 78' lang='grc' dir='ltr'><strong><em>μυστηρίων</em></strong></span> <span class='ocrx_word' id='word_1_152' title='bbox 1358 1730 1394 1798; x_wconf 87' lang='grc' dir='ltr'><strong><em>τό</em></strong></span> <span class='ocrx_word' id='word_1_153' title='bbox 1416 1739 1474 1796; x_wconf 78' lang='grc' dir='ltr'><strong><em>πᾶν</em></strong></span> 
     </span>
     <span class='ocr_line' id='line_1_16' title="bbox 322 1830 1474 1922; baseline -0.006 -19"><span class='ocrx_word' id='word_1_154' title='bbox 322 1845 375 1920; x_wconf 81' lang='grc' dir='ltr'><strong><em>τῆς</em></strong></span> <span class='ocrx_word' id='word_1_155' title='bbox 390 1835 534 1922; x_wconf 82' lang='grc' dir='ltr'><strong><em>γνοίσεως.</em></strong></span> <span class='ocrx_word' id='word_1_156' title='bbox 578 1832 635 1900; x_wconf 89' lang='grc' dir='ltr'><strong><em>Διό</em></strong></span> <span class='ocrx_word' id='word_1_157' title='bbox 654 1831 672 1900; x_wconf 86' lang='grc' dir='ltr'><strong><em>ό</em></strong></span> <span class='ocrx_word' id='word_1_158' title='bbox 692 1833 796 1921; x_wconf 73' lang='grc' dir='ltr'><strong><em>Πατὴρ</em></strong></span> <span class='ocrx_word' id='word_1_159' title='bbox 815 1831 982 1922; x_wconf 85' lang='grc' dir='ltr'><strong><em>όργισθελς,</em></strong></span> <span class='ocrx_word' id='word_1_160' title='bbox 1013 1837 1162 1902; x_wconf 75' lang='grc' dir='ltr'><strong><em>τουτέστιν</em></strong></span> <span class='ocrx_word' id='word_1_161' title='bbox 1178 1832 1413 1917; x_wconf 77' lang='grc' dir='ltr'><strong><em>δ’ίαλδαβαεόθ,</em></strong></span> <span class='ocrx_word' id='word_1_162' title='bbox 1441 1830 1474 1898; x_wconf 89' lang='grc' dir='ltr'><strong><em>δι’</em></strong></span> 
     </span>
     <span class='ocr_line' id='line_1_17' title="bbox 323 1933 1476 2025; baseline -0.006 -19"><span class='ocrx_word' id='word_1_163' title='bbox 323 1939 362 2023; x_wconf 75' lang='grc' dir='ltr'><strong><em>ἣν</em></strong></span> <span class='ocrx_word' id='word_1_164' title='bbox 375 1935 507 2016; x_wconf 84' lang='grc' dir='ltr'><strong><em>ῦπέδειξε</em></strong></span> <span class='ocrx_word' id='word_1_165' title='bbox 519 1945 581 2013; x_wconf 87' lang='grc' dir='ltr'><strong><em>τοῖς</em></strong></span> <span class='ocrx_word' id='word_1_166' title='bbox 595 1933 770 2021; x_wconf 80' lang='grc' dir='ltr'><strong><em>α’νθροίποις</em></strong></span> <span class='ocrx_word' id='word_1_167' title='bbox 783 1945 892 2023; x_wconf 77' lang='grc' dir='ltr'><strong><em>γνοῦσιν</em></strong></span> <span class='ocrx_word' id='word_1_168' title='bbox 906 1939 1063 2025; x_wconf 72' lang='grc' dir='ltr'><strong><em>κατέβαλεν</em></strong></span> <span class='ocrx_word' id='word_1_169' title='bbox 1075 1934 1167 2006; x_wconf 83' lang='grc' dir='ltr'><strong><em>αῦτδν</em></strong></span> <span class='ocrx_word' id='word_1_170' title='bbox 1183 1934 1232 2002; x_wconf 75' lang='grc' dir='ltr'><strong><em>εἶπ’</em></strong></span> <span class='ocrx_word' id='word_1_171' title='bbox 1246 1934 1390 2021; x_wconf 83' lang='grc' dir='ltr'><strong><em>οόρανοῦ.</em></strong></span> <span class='ocrx_word' id='word_1_172' title='bbox 1419 1937 1476 2000; x_wconf 81' lang='grc' dir='ltr'><strong><em>Καί</em></strong></span> 
     </span>
     <span class='ocr_line' id='line_1_18' title="bbox 324 2037 1476 2127; baseline -0.005 -17"><span class='ocrx_word' id='word_1_173' title='bbox 324 2044 412 2110; x_wconf 83' lang='grc' dir='ltr'><strong><em>ένθεν</em></strong></span> <span class='ocrx_word' id='word_1_174' title='bbox 427 2042 546 2123; x_wconf 75' lang='grc' dir='ltr'><strong><em>βασιλέα</em></strong></span> <span class='ocrx_word' id='word_1_175' title='bbox 560 2037 613 2104; x_wconf 90' lang='grc' dir='ltr'><strong><em>τόν</em></strong></span> <span class='ocrx_word' id='word_1_176' title='bbox 626 2037 699 2120; x_wconf 85' lang='grc' dir='ltr'><strong><em>όφιν</em></strong></span> <span class='ocrx_word' id='word_1_177' title='bbox 712 2038 764 2104; x_wconf 74' lang='grc' dir='ltr'><strong><em>ἄπ’</em></strong></span> <span class='ocrx_word' id='word_1_178' title='bbox 778 2038 909 2126; x_wconf 87' lang='grc' dir='ltr'><strong><em>οόρανοῦ</em></strong></span> <span class='ocrx_word' id='word_1_179' title='bbox 923 2043 1056 2127; x_wconf 86' lang='grc' dir='ltr'><strong><em>λέγουσιν</em></strong></span> <span class='ocrx_word' id='word_1_180' title='bbox 1072 2043 1103 2108; x_wconf 86' lang='grc' dir='ltr'><strong><em>οί</em></strong></span> <span class='ocrx_word' id='word_1_181' title='bbox 1114 2038 1168 2123; x_wconf 74' lang='grc' dir='ltr'><strong><em>τὴν</em></strong></span> <span class='ocrx_word' id='word_1_182' title='bbox 1183 2043 1287 2124; x_wconf 86' lang='grc' dir='ltr'><strong><em>μερίδα</em></strong></span> <span class='ocrx_word' id='word_1_183' title='bbox 1299 2046 1354 2104; x_wconf 89' lang='grc' dir='ltr'><strong><em>τοῦ</em></strong></span> <span class='ocrx_word' id='word_1_184' title='bbox 1368 2037 1476 2119; x_wconf 77' lang='grc' dir='ltr'><strong><em>ὄφεος,</em></strong></span> 
     </span>
     <span class='ocr_line' id='line_1_19' title="bbox 324 2135 1534 2232; baseline -0.004 -22"><span class='ocrx_word' id='word_1_185' title='bbox 324 2146 374 2210; x_wconf 88' lang='grc' dir='ltr'><strong><em>καί</em></strong></span> <span class='ocrx_word' id='word_1_186' title='bbox 389 2141 476 2209; x_wconf 82' lang='grc' dir='ltr'><strong><em>οῦδὲν</em></strong></span> <span class='ocrx_word' id='word_1_187' title='bbox 490 2145 781 2228; x_wconf 81' lang='grc' dir='ltr'><strong><em>ένερονκεκκημένοι.</em></strong></span> <span class='ocrx_word' id='word_1_188' title='bbox 827 2141 1008 2222; x_wconf 78' lang='grc' dir='ltr'><strong><em>Δοξιίζουσιν</em></strong></span> <span class='ocrx_word' id='word_1_189' title='bbox 1022 2135 1077 2209; x_wconf 84' lang='grc' dir='ltr'><strong><em>οῦν</em></strong></span> <span class='ocrx_word' id='word_1_190' title='bbox 1091 2140 1183 2208; x_wconf 83' lang='grc' dir='ltr'><strong><em>αότόν</em></strong></span> <span class='ocrx_word' id='word_1_191' title='bbox 1197 2141 1248 2208; x_wconf 80' lang='grc' dir='ltr'><strong><em>διό</em></strong></span> <span class='ocrx_word' id='word_1_192' title='bbox 1261 2141 1314 2224; x_wconf 84' lang='grc' dir='ltr'><strong><em>τη“ν</em></strong></span> <span class='ocrx_word' id='word_1_193' title='bbox 1327 2139 1476 2222; x_wconf 75' lang='grc' dir='ltr'><strong><em>τοιαῦτην,</em></strong></span> <span class='ocrx_word' id='word_1_194' title='bbox 1533 2225 1534 2232; x_wconf 14' lang='lat'>¹</span> 
     </span>
     <span class='ocr_line' id='line_1_20' title="bbox 327 2241 1477 2335; baseline -0.005 -23"><span class='ocrx_word' id='word_1_195' title='bbox 327 2249 440 2326; x_wconf 58' lang='grc' dir='ltr'><strong><em>Ἃφασί,</em></strong></span> <span class='ocrx_word' id='word_1_196' title='bbox 469 2252 592 2331; x_wconf 74' lang='grc' dir='ltr'><strong><em>γνοῦσιν,</em></strong></span> <span class='ocrx_word' id='word_1_197' title='bbox 621 2246 672 2310; x_wconf 86' lang='grc' dir='ltr'><strong><em>καλ</em></strong></span> <span class='ocrx_word' id='word_1_198' title='bbox 691 2244 781 2330; x_wconf 75' lang='grc' dir='ltr'><strong><em>ἄρτον</em></strong></span> <span class='ocrx_word' id='word_1_199' title='bbox 803 2243 883 2335; x_wconf 79' lang='grc' dir='ltr'><strong><em>αῦτρῦ</em></strong></span> <span class='ocrx_word' id='word_1_200' title='bbox 904 2248 1132 2332; x_wconf 88' lang='grc' dir='ltr'><strong><em>προςφέρονσιν.</em></strong></span> <span class='ocrx_word' id='word_1_201' title='bbox 1168 2243 1290 2328; x_wconf 72' lang='grc' dir='ltr'><strong><em>Ἔχουσι</em></strong></span> <span class='ocrx_word' id='word_1_202' title='bbox 1311 2241 1369 2328; x_wconf 81' lang='grc' dir='ltr'><strong><em>γιίρ</em></strong></span> <span class='ocrx_word' id='word_1_203' title='bbox 1392 2243 1477 2322; x_wconf 80' lang='grc' dir='ltr'><strong><em>φύσει</em></strong></span> 
     </span>
     <span class='ocr_line' id='line_1_21' title="bbox 325 2341 1476 2438; baseline -0.008 -19"><span class='ocrx_word' id='word_1_204' title='bbox 325 2350 397 2432; x_wconf 80' lang='grc' dir='ltr'><strong><em>ὅφιν</em></strong></span> <span class='ocrx_word' id='word_1_205' title='bbox 412 2351 570 2434; x_wconf 77' lang='grc' dir='ltr'><strong><em>τρέφοντες</em></strong></span> <span class='ocrx_word' id='word_1_206' title='bbox 586 2349 617 2414; x_wconf 90' lang='grc' dir='ltr'><strong><em>ἐν</em></strong></span> <span class='ocrx_word' id='word_1_207' title='bbox 633 2352 718 2438; x_wconf 80' lang='grc' dir='ltr'><strong><em>κίστη</em></strong></span> <span class='ocrx_word' id='word_1_208' title='bbox 735 2351 807 2428; x_wconf 82' lang='grc' dir='ltr'><strong><em>τινί,</em></strong></span> <span class='ocrx_word' id='word_1_209' title='bbox 842 2341 902 2413; x_wconf 71' lang='grc' dir='ltr'><strong><em>8οῦ</em></strong></span> <span class='ocrx_word' id='word_1_210' title='bbox 919 2348 995 2436; x_wconf 83' lang='grc' dir='ltr'><strong><em>πρός</em></strong></span> <span class='ocrx_word' id='word_1_211' title='bbox 1012 2347 1064 2432; x_wconf 76' lang='grc' dir='ltr'><strong><em>τήν</em></strong></span> <span class='ocrx_word' id='word_1_212' title='bbox 1081 2347 1163 2434; x_wconf 77' lang='grc' dir='ltr'><strong><em>δέραν</em></strong></span> <span class='ocrx_word' id='word_1_213' title='bbox 1178 2355 1238 2413; x_wconf 78' lang='grc' dir='ltr'><strong><em>τῶν</em></strong></span> <span class='ocrx_word' id='word_1_214' title='bbox 1252 2342 1353 2412; x_wconf 73' lang='grc' dir='ltr'><strong><em>αὐτῶν</em></strong></span> <span class='ocrx_word' id='word_1_215' title='bbox 1370 2367 1476 2428; x_wconf 83' lang='grc' dir='ltr'><strong><em>μυστη·</em></strong></span> 
     </span>
     <span class='ocr_line' id='line_1_22' title="bbox 325 2447 1480 2540; baseline -0.005 -22"><span class='ocrx_word' id='word_1_216' title='bbox 325 2457 399 2538; x_wconf 89' lang='grc' dir='ltr'><strong><em>ρίων</em></strong></span> <span class='ocrx_word' id='word_1_217' title='bbox 423 2459 463 2540; x_wconf 74' lang='grc' dir='ltr'><strong><em>τῷ</em></strong></span> <span class='ocrx_word' id='word_1_218' title='bbox 487 2457 592 2540; x_wconf 74' lang='grc' dir='ltr'><strong><em>φωλεῷ</em></strong></span> <span class='ocrx_word' id='word_1_219' title='bbox 612 2452 826 2535; x_wconf 87' lang='grc' dir='ltr'><strong><em>προςφέροντες</em></strong></span> <span class='ocrx_word' id='word_1_220' title='bbox 852 2453 902 2517; x_wconf 82' lang='grc' dir='ltr'><strong><em>καί</em></strong></span> <span class='ocrx_word' id='word_1_221' title='bbox 924 2450 1106 2536; x_wconf 79' lang='grc' dir='ltr'><strong><em>στιβοίζοντες</em></strong></span> <span class='ocrx_word' id='word_1_222' title='bbox 1132 2451 1181 2518; x_wconf 81' lang='grc' dir='ltr'><strong><em>ἐπί</em></strong></span> <span class='ocrx_word' id='word_1_223' title='bbox 1203 2451 1349 2533; x_wconf 73' lang='grc' dir='ltr'><strong><em>τραπέζης</em></strong></span> <span class='ocrx_word' id='word_1_224' title='bbox 1370 2447 1480 2534; x_wconf 83' lang='grc' dir='ltr'><strong><em>ι’ίρτους</em></strong></span> 
     </span>
     <span class='ocr_line' id='line_1_23' title="bbox 327 2550 1479 2640; baseline -0.006 -20"><span class='ocrx_word' id='word_1_225' title='bbox 327 2561 582 2640; x_wconf 67' lang='grc' dir='ltr'><strong><em>4προςκαλοῦνται</em></strong></span> <span class='ocrx_word' id='word_1_226' title='bbox 597 2551 650 2618; x_wconf 88' lang='grc' dir='ltr'><strong><em>τόν</em></strong></span> <span class='ocrx_word' id='word_1_227' title='bbox 665 2551 745 2634; x_wconf 84' lang='grc' dir='ltr'><strong><em>όφιν.</em></strong></span> <span class='ocrx_word' id='word_1_228' title='bbox 787 2551 990 2638; x_wconf 81' lang='grc' dir='ltr'><strong><em>Ἀνοιγδέντος</em></strong></span> <span class='ocrx_word' id='word_1_229' title='bbox 1005 2555 1037 2619; x_wconf 81' lang='grc' dir='ltr'><strong><em>δὲ</em></strong></span> <span class='ocrx_word' id='word_1_230' title='bbox 1053 2561 1106 2620; x_wconf 90' lang='grc' dir='ltr'><strong><em>τοῦ</em></strong></span> <span class='ocrx_word' id='word_1_231' title='bbox 1121 2559 1240 2634; x_wconf 77' lang='grc' dir='ltr'><strong><em>φωλεοῦ</em></strong></span> <span class='ocrx_word' id='word_1_232' title='bbox 1254 2550 1382 2636; x_wconf 77' lang='grc' dir='ltr'><strong><em>πρόεισι.</em></strong></span> <span class='ocrx_word' id='word_1_233' title='bbox 1422 2553 1479 2614; x_wconf 78' lang='grc' dir='ltr'><strong><em>Καὶ</em></strong></span> 
     </span>
     <span class='ocr_line' id='line_1_24' title="bbox 327 2653 1479 2742; baseline -0.004 -19"><span class='ocrx_word' id='word_1_234' title='bbox 327 2655 422 2732; x_wconf 83' lang='grc' dir='ltr'><strong><em>οῦτοις</em></strong></span> <span class='ocrx_word' id='word_1_235' title='bbox 443 2654 578 2721; x_wconf 82' lang='grc' dir='ltr'><strong><em>οίνελθιόν</em></strong></span> <span class='ocrx_word' id='word_1_236' title='bbox 598 2655 673 2722; x_wconf 83' lang='grc' dir='ltr'><strong><em>ιιατιί</em></strong></span> <span class='ocrx_word' id='word_1_237' title='bbox 697 2654 751 2739; x_wconf 78' lang='grc' dir='ltr'><strong><em>τήν</em></strong></span> <span class='ocrx_word' id='word_1_238' title='bbox 776 2654 893 2722; x_wconf 58' lang='grc' dir='ltr'><strong><em>ἀότοῦ</em></strong></span> <span class='ocrx_word' id='word_1_239' title='bbox 917 2656 1063 2742; x_wconf 77' lang='grc' dir='ltr'><strong><em>φρόνησιν</em></strong></span> <span class='ocrx_word' id='word_1_240' title='bbox 1085 2654 1103 2722; x_wconf 88' lang='grc' dir='ltr'><strong><em>ό</em></strong></span> <span class='ocrx_word' id='word_1_241' title='bbox 1127 2653 1199 2737; x_wconf 81' lang='grc' dir='ltr'><strong><em>ὄφις</em></strong></span> <span class='ocrx_word' id='word_1_242' title='bbox 1219 2657 1270 2720; x_wconf 79' lang='grc' dir='ltr'><strong><em>ταί</em></strong></span> <span class='ocrx_word' id='word_1_243' title='bbox 1292 2657 1479 2740; x_wconf 71' lang='grc' dir='ltr'><strong><em>πανουργίαν</em></strong></span> 
     </span>
     <span class='ocr_line' id='line_1_25' title="bbox 325 2755 1479 2844; baseline -0.003 -20"><span class='ocrx_word' id='word_1_244' title='bbox 325 2757 385 2841; x_wconf 78' lang='grc' dir='ltr'><strong><em>ἤδη</em></strong></span> <span class='ocrx_word' id='word_1_245' title='bbox 399 2757 552 2843; x_wconf 83' lang='grc' dir='ltr'><strong><em>γινοίσκων</em></strong></span> <span class='ocrx_word' id='word_1_246' title='bbox 566 2757 620 2842; x_wconf 79' lang='grc' dir='ltr'><strong><em>τήν</em></strong></span> <span class='ocrx_word' id='word_1_247' title='bbox 636 2755 734 2824; x_wconf 76' lang='grc' dir='ltr'><strong><em>αὐτῶν</em></strong></span> <span class='ocrx_word' id='word_1_248' title='bbox 749 2763 862 2844; x_wconf 89' lang='grc' dir='ltr'><strong><em>μωρίαν</em></strong></span> <span class='ocrx_word' id='word_1_249' title='bbox 879 2757 989 2826; x_wconf 86' lang='grc' dir='ltr'><strong><em>όίνεισιν</em></strong></span> <span class='ocrx_word' id='word_1_250' title='bbox 1004 2761 1054 2825; x_wconf 81' lang='grc' dir='ltr'><strong><em>ἐπὶ</em></strong></span> <span class='ocrx_word' id='word_1_251' title='bbox 1070 2757 1122 2842; x_wconf 72' lang='grc' dir='ltr'><strong><em>τὴν</em></strong></span> <span class='ocrx_word' id='word_1_252' title='bbox 1138 2756 1283 2844; x_wconf 75' lang='grc' dir='ltr'><strong><em>τράπεζαν</em></strong></span> <span class='ocrx_word' id='word_1_253' title='bbox 1299 2758 1353 2822; x_wconf 89' lang='grc' dir='ltr'><strong><em>ιιαλ</em></strong></span> <span class='ocrx_word' id='word_1_254' title='bbox 1369 2759 1479 2822; x_wconf 72' lang='grc' dir='ltr'><strong><em>ἐνειλεί</em></strong></span> 
     </span>
     <span class='ocr_line' id='line_1_26' title="bbox 327 2858 1480 2944; baseline -0.002 -18"><span class='ocrx_word' id='word_1_255' title='bbox 327 2887 375 2926; x_wconf 92' lang='grc' dir='ltr'><strong><em>ται</em></strong></span> <span class='ocrx_word' id='word_1_256' title='bbox 395 2868 458 2935; x_wconf 85' lang='grc' dir='ltr'><strong><em>τοῖς</em></strong></span> <span class='ocrx_word' id='word_1_257' title='bbox 479 2859 586 2944; x_wconf 85' lang='grc' dir='ltr'><strong><em>ι’ίρτοις.</em></strong></span> <span class='ocrx_word' id='word_1_258' title='bbox 632 2863 693 2926; x_wconf 78' lang='grc' dir='ltr'><strong><em>Καὶ</em></strong></span> <span class='ocrx_word' id='word_1_259' title='bbox 707 2859 818 2944; x_wconf 87' lang='grc' dir='ltr'><strong><em>ταῦτην</em></strong></span> <span class='ocrx_word' id='word_1_260' title='bbox 833 2864 924 2944; x_wconf 87' lang='grc' dir='ltr'><strong><em>φαολν</em></strong></span> <span class='ocrx_word' id='word_1_261' title='bbox 941 2859 1017 2928; x_wconf 82' lang='grc' dir='ltr'><strong><em>εἶναι</em></strong></span> <span class='ocrx_word' id='word_1_262' title='bbox 1031 2867 1139 2928; x_wconf 87' lang='grc' dir='ltr'><strong><em>τελείαν</em></strong></span> <span class='ocrx_word' id='word_1_263' title='bbox 1153 2865 1271 2926; x_wconf 81' lang='grc' dir='ltr'><strong><em>θυσίαν.</em></strong></span> <span class='ocrx_word' id='word_1_264' title='bbox 1306 2858 1407 2942; x_wconf 79' lang='grc' dir='ltr'><strong><em>Ὅθεν</em></strong></span> <span class='ocrx_word' id='word_1_265' title='bbox 1421 2859 1480 2935; x_wconf 82' lang='grc' dir='ltr'><strong><em>τοί,</em></strong></span> 
     </span>
     <span class='ocr_line' id='line_1_27' title="bbox 328 2959 1481 3048; baseline -0.002 -20"><span class='ocrx_word' id='word_1_266' title='bbox 328 2960 369 3039; x_wconf 79' lang='grc' dir='ltr'><strong><em>νίς</em></strong></span> <span class='ocrx_word' id='word_1_267' title='bbox 391 2959 451 3028; x_wconf 88' lang='grc' dir='ltr'><strong><em>οίπό</em></strong></span> <span class='ocrx_word' id='word_1_268' title='bbox 472 2989 552 3039; x_wconf 89' lang='grc' dir='ltr'><strong><em>τινος</em></strong></span> <span class='ocrx_word' id='word_1_269' title='bbox 573 2960 705 3045; x_wconf 76' lang='grc' dir='ltr'><strong><em>αἰιήκοα,</em></strong></span> <span class='ocrx_word' id='word_1_270' title='bbox 734 2963 772 3029; x_wconf 89' lang='grc' dir='ltr'><strong><em>ου’</em></strong></span> <span class='ocrx_word' id='word_1_271' title='bbox 789 2963 881 3048; x_wconf 91' lang='grc' dir='ltr'><strong><em>μόνον</em></strong></span> <span class='ocrx_word' id='word_1_272' title='bbox 897 2971 984 3030; x_wconf 76' lang='grc' dir='ltr'><strong><em>κλοῦσι</em></strong></span> <span class='ocrx_word' id='word_1_273' title='bbox 1002 2964 1073 3042; x_wconf 84' lang='grc' dir='ltr'><strong><em>τοῦς</em></strong></span> <span class='ocrx_word' id='word_1_274' title='bbox 1089 2963 1214 3048; x_wconf 82' lang='grc' dir='ltr'><strong><em>ι’ίρτονς,</em></strong></span> <span class='ocrx_word' id='word_1_275' title='bbox 1244 2965 1275 3029; x_wconf 86' lang='grc' dir='ltr'><strong><em>ἐν</em></strong></span> <span class='ocrx_word' id='word_1_276' title='bbox 1292 2959 1341 3038; x_wconf 85' lang='grc' dir='ltr'><strong><em>ολς</em></strong></span> <span class='ocrx_word' id='word_1_277' title='bbox 1357 2959 1378 3028; x_wconf 86' lang='grc' dir='ltr'><strong><em>ό</em></strong></span> <span class='ocrx_word' id='word_1_278' title='bbox 1395 2959 1481 3036; x_wconf 79' lang='grc' dir='ltr'><strong><em>αότδς</em></strong></span> 
     </span>
     <span class='ocr_line' id='line_1_28' title="bbox 327 3062 1479 3152; baseline -0.003 -21"><span class='ocrx_word' id='word_1_279' title='bbox 327 3063 398 3146; x_wconf 85' lang='grc' dir='ltr'><strong><em>όφις</em></strong></span> <span class='ocrx_word' id='word_1_280' title='bbox 412 3065 528 3149; x_wconf 82' lang='grc' dir='ltr'><strong><em>είλήθη,</em></strong></span> <span class='ocrx_word' id='word_1_281' title='bbox 550 3069 600 3132; x_wconf 79' lang='grc' dir='ltr'><strong><em>ιιαὶ</em></strong></span> <span class='ocrx_word' id='word_1_282' title='bbox 615 3065 782 3134; x_wconf 74' lang='grc' dir='ltr'><strong><em>ἐπιδιδόασι</em></strong></span> <span class='ocrx_word' id='word_1_283' title='bbox 794 3075 855 3143; x_wconf 83' lang='grc' dir='ltr'><strong><em>τοῖς</em></strong></span> <span class='ocrx_word' id='word_1_284' title='bbox 868 3065 1077 3152; x_wconf 81' lang='grc' dir='ltr'><strong><em>λομβόνουοιν,</em></strong></span> <span class='ocrx_word' id='word_1_285' title='bbox 1100 3064 1171 3132; x_wconf 80' lang='grc' dir='ltr'><strong><em>όλλοί</em></strong></span> <span class='ocrx_word' id='word_1_286' title='bbox 1184 3067 1236 3132; x_wconf 87' lang='grc' dir='ltr'><strong><em>ιιαλ</em></strong></span> <span class='ocrx_word' id='word_1_287' title='bbox 1249 3066 1375 3142; x_wconf 81' lang='grc' dir='ltr'><strong><em>ἐκαστος</em></strong></span> <span class='ocrx_word' id='word_1_288' title='bbox 1388 3062 1479 3130; x_wconf 73' lang='grc' dir='ltr'><strong><em>οἴοιτό·</em></strong></span> 
     </span>
     <span class='ocr_line' id='line_1_29' title="bbox 327 3165 1481 3259; baseline 0 -25"><span class='ocrx_word' id='word_1_289' title='bbox 327 3175 404 3246; x_wconf 84' lang='grc' dir='ltr'><strong><em>ζεται</em></strong></span> <span class='ocrx_word' id='word_1_290' title='bbox 424 3166 476 3236; x_wconf 88' lang='grc' dir='ltr'><strong><em>τόν</em></strong></span> <span class='ocrx_word' id='word_1_291' title='bbox 492 3167 564 3249; x_wconf 88' lang='grc' dir='ltr'><strong><em>όφιν</em></strong></span> <span class='ocrx_word' id='word_1_292' title='bbox 585 3171 617 3235; x_wconf 92' lang='grc' dir='ltr'><strong><em>ἐκ</em></strong></span> <span class='ocrx_word' id='word_1_293' title='bbox 635 3168 794 3254; x_wconf 87' lang='grc' dir='ltr'><strong><em>στόματος,</em></strong></span> <span class='ocrx_word' id='word_1_294' title='bbox 824 3167 890 3254; x_wconf 81' lang='grc' dir='ltr'><strong><em>ἤτοι</em></strong></span> <span class='ocrx_word' id='word_1_295' title='bbox 905 3175 1022 3259; x_wconf 73' lang='grc' dir='ltr'><strong><em>γοητείην</em></strong></span> <span class='ocrx_word' id='word_1_296' title='bbox 1037 3173 1095 3236; x_wconf 89' lang='grc' dir='ltr'><strong><em>τινί</em></strong></span> <span class='ocrx_word' id='word_1_297' title='bbox 1113 3170 1297 3257; x_wconf 71' lang='grc' dir='ltr'><strong><em>ἐπᾳσθέντας</em></strong></span> <span class='ocrx_word' id='word_1_298' title='bbox 1312 3175 1370 3234; x_wconf 87' lang='grc' dir='ltr'><strong><em>τοῦ</em></strong></span> <span class='ocrx_word' id='word_1_299' title='bbox 1385 3165 1481 3248; x_wconf 75' lang='grc' dir='ltr'><strong><em>ὄφεος</em></strong></span> 
     </span>
     <span class='ocr_line' id='line_1_30' title="bbox 328 3267 1480 3359; baseline -0.005 -23"><span class='ocrx_word' id='word_1_300' title='bbox 328 3273 371 3346; x_wconf 84' lang='grc' dir='ltr'><strong><em>είς</em></strong></span> <span class='ocrx_word' id='word_1_301' title='bbox 392 3267 569 3356; x_wconf 77' lang='grc' dir='ltr'><strong><em>ἡμερότητα,</em></strong></span> <span class='ocrx_word' id='word_1_302' title='bbox 600 3270 621 3354; x_wconf 77' lang='grc' dir='ltr'><em>ἢ</em></span> <span class='ocrx_word' id='word_1_303' title='bbox 642 3274 672 3349; x_wconf 84' lang='grc' dir='ltr'><strong><em>ἐξ</em></strong></span> <span class='ocrx_word' id='word_1_304' title='bbox 694 3274 794 3358; x_wconf 86' lang='grc' dir='ltr'><strong><em>έτέρας</em></strong></span> <span class='ocrx_word' id='word_1_305' title='bbox 812 3275 957 3357; x_wconf 87' lang='grc' dir='ltr'><strong><em>ἐνεργείας</em></strong></span> <span class='ocrx_word' id='word_1_306' title='bbox 978 3273 1118 3357; x_wconf 80' lang='grc' dir='ltr'><strong><em>διαβόλου</em></strong></span> <span class='ocrx_word' id='word_1_307' title='bbox 1139 3268 1216 3359; x_wconf 87' lang='grc' dir='ltr'><strong><em>πρός</em></strong></span> <span class='ocrx_word' id='word_1_308' title='bbox 1230 3267 1353 3352; x_wconf 84' lang='grc' dir='ltr'><strong><em>α’πότην</em></strong></span> <span class='ocrx_word' id='word_1_309' title='bbox 1370 3267 1480 3336; x_wconf 78' lang='grc' dir='ltr'><strong><em>τοῦτον</em></strong></span> 
     </span>
     <span class='ocr_line' id='line_1_31' title="bbox 328 3370 1477 3458; baseline -0.004 -19"><span class='ocrx_word' id='word_1_310' title='bbox 328 3371 578 3458; x_wconf 74' lang='grc' dir='ltr'><strong><em>ὑποκοριζομένου</em></strong></span> <span class='ocrx_word' id='word_1_311' title='bbox 598 3381 652 3440; x_wconf 90' lang='grc' dir='ltr'><strong><em>τοῦ</em></strong></span> <span class='ocrx_word' id='word_1_312' title='bbox 674 3373 759 3453; x_wconf 79' lang='grc' dir='ltr'><strong><em>ζνίον.</em></strong></span> <span class='ocrx_word' id='word_1_313' title='bbox 805 3381 1013 3458; x_wconf 85' lang='grc' dir='ltr'><strong><em>Προςκυνοῦοι</em></strong></span> <span class='ocrx_word' id='word_1_314' title='bbox 1030 3377 1061 3442; x_wconf 81' lang='grc' dir='ltr'><strong><em>δέ</em></strong></span> <span class='ocrx_word' id='word_1_315' title='bbox 1076 3375 1128 3441; x_wconf 87' lang='grc' dir='ltr'><strong><em>τόν</em></strong></span> <span class='ocrx_word' id='word_1_316' title='bbox 1145 3381 1299 3452; x_wconf 88' lang='grc' dir='ltr'><strong><em>τοιοῦτον,</em></strong></span> <span class='ocrx_word' id='word_1_317' title='bbox 1331 3375 1386 3439; x_wconf 88' lang='grc' dir='ltr'><strong><em>ιιαλ</em></strong></span> <span class='ocrx_word' id='word_1_318' title='bbox 1399 3370 1477 3454; x_wconf 76' lang='grc' dir='ltr'><strong><em>ειίχα-</em></strong></span> 
     </span>
     <span class='ocr_line' id='line_1_32' title="bbox 328 3475 1477 3562; baseline 0 -20"><span class='ocrx_word' id='word_1_319' title='bbox 328 3481 440 3561; x_wconf 88' lang='grc' dir='ltr'><strong><em>ριστίαν</em></strong></span> <span class='ocrx_word' id='word_1_320' title='bbox 455 3475 565 3558; x_wconf 81' lang='grc' dir='ltr'><strong><em>ταύτην</em></strong></span> <span class='ocrx_word' id='word_1_321' title='bbox 580 3478 802 3560; x_wconf 77' lang='grc' dir='ltr'><strong><em>ἐπιφημίζουοι,</em></strong></span> <span class='ocrx_word' id='word_1_322' title='bbox 825 3475 879 3562; x_wconf 74' lang='grc' dir='ltr'><strong><em>την</em></strong></span> <span class='ocrx_word' id='word_1_323' title='bbox 894 3475 932 3543; x_wconf 92' lang='grc' dir='ltr'><strong><em>δι’</em></strong></span> <span class='ocrx_word' id='word_1_324' title='bbox 950 3476 1043 3544; x_wconf 73' lang='grc' dir='ltr'><strong><em>αὐτοῦ</em></strong></span> <span class='ocrx_word' id='word_1_325' title='bbox 1060 3478 1262 3559; x_wconf 82' lang='grc' dir='ltr'><strong><em>ἐνειληθίντος</em></strong></span> <span class='ocrx_word' id='word_1_326' title='bbox 1276 3477 1477 3562; x_wconf 79' lang='grc' dir='ltr'><strong><em>γεγενημένην,</em></strong></span> 
     </span>
    </p>
   </div>
   <div class='ocr_carea' id='block_1_3' title="bbox 195 3679 1476 4180">
    <p class='ocr_par' dir='ltr' id='par_1_6' title="bbox 329 3679 961 3768">
     <span class='ocr_line' id='line_1_33' title="bbox 329 3679 961 3768; baseline -0.005 -20"><span class='ocrx_word' id='word_1_327' title='bbox 329 3679 425 3758; x_wconf 75' lang='grc' dir='ltr'><strong><em>οὕτως</em></strong></span> <span class='ocrx_word' id='word_1_328' title='bbox 444 3681 480 3746; x_wconf 82' lang='grc' dir='ltr'><strong><em>τό</em></strong></span> <span class='ocrx_word' id='word_1_329' title='bbox 502 3679 647 3768; x_wconf 76' lang='grc' dir='ltr'><strong><em>μυστήρια</em></strong></span> <span class='ocrx_word' id='word_1_330' title='bbox 669 3679 767 3748; x_wconf 75' lang='grc' dir='ltr'><strong><em>αότοίν</em></strong></span> <span class='ocrx_word' id='word_1_331' title='bbox 789 3685 961 3749; x_wconf 84' lang='grc' dir='ltr'><strong><em>ἐπιτελοῦσι.</em></strong></span> 
     </span>
    </p>

    <p class='ocr_par' dir='ltr' id='par_1_7' title="bbox 195 3780 1476 4180">
     <span class='ocr_line' id='line_1_34' title="bbox 195 3780 1476 3886; baseline 0 -37"><span class='ocrx_word' id='word_1_332' title='bbox 195 3785 263 3856; x_wconf 72' lang='grc' dir='ltr'><strong><em>Κεφ·</em></strong></span> <span class='ocrx_word' id='word_1_333' title='bbox 284 3783 311 3849; x_wconf 73' lang='grc' dir='ltr'><strong><em>τ’·</em></strong></span> <span class='ocrx_word' id='word_1_334' title='bbox 414 3788 543 3869; x_wconf 81' lang='grc' dir='ltr'><strong><em>Μαρίαν</em></strong></span> <span class='ocrx_word' id='word_1_335' title='bbox 565 3785 597 3850; x_wconf 83' lang='grc' dir='ltr'><strong><em>δέ</em></strong></span> <span class='ocrx_word' id='word_1_336' title='bbox 617 3788 696 3852; x_wconf 78' lang='grc' dir='ltr'><strong><em>εἴποι</em></strong></span> <span class='ocrx_word' id='word_1_337' title='bbox 717 3811 761 3861; x_wconf 87' lang='grc' dir='ltr'><strong><em>τις</em></strong></span> <span class='ocrx_word' id='word_1_338' title='bbox 781 3783 819 3850; x_wconf 82' lang='grc' dir='ltr'><strong><em>ιίν</em></strong></span> <span class='ocrx_word' id='word_1_339' title='bbox 840 3787 891 3852; x_wconf 88' lang='grc' dir='ltr'><strong><em>καλ</em></strong></span> <span class='ocrx_word' id='word_1_340' title='bbox 907 3784 1010 3870; x_wconf 78' lang='grc' dir='ltr'><strong><em>χλεύης</em></strong></span> <span class='ocrx_word' id='word_1_341' title='bbox 1026 3788 1174 3867; x_wconf 75' lang='grc' dir='ltr'><strong><em>ἔμπλεων,</em></strong></span> <span class='ocrx_word' id='word_1_342' title='bbox 1203 3785 1254 3850; x_wconf 87' lang='grc' dir='ltr'><strong><em>ιιαλ</em></strong></span> <span class='ocrx_word' id='word_1_343' title='bbox 1270 3780 1339 3850; x_wconf 85' lang='grc' dir='ltr'><strong><em>οῦτε</em></strong></span> <span class='ocrx_word' id='word_1_344' title='bbox 1357 3780 1476 3886; x_wconf 50' lang='grc' dir='ltr'><strong><em>νίνστρνγ</em></strong></span> 
     </span>
     <span class='ocr_line' id='line_1_35' title="bbox 328 3882 1470 3972; baseline -0.003 -22"><span class='ocrx_word' id='word_1_345' title='bbox 328 3891 388 3966; x_wconf 77' lang='grc' dir='ltr'><strong><em>πῆς</em></strong></span> <span class='ocrx_word' id='word_1_346' title='bbox 414 3882 474 3950; x_wconf 87' lang='grc' dir='ltr'><strong><em>οίπό</em></strong></span> <span class='ocrx_word' id='word_1_347' title='bbox 501 3891 586 3964; x_wconf 78' lang='grc' dir='ltr'><strong><em>θείας</em></strong></span> <span class='ocrx_word' id='word_1_348' title='bbox 606 3893 723 3972; x_wconf 79' lang='grc' dir='ltr'><strong><em>γραφῆς</em></strong></span> <span class='ocrx_word' id='word_1_349' title='bbox 744 3889 972 3972; x_wconf 67' lang='grc' dir='ltr'><strong><em>ἐπιζητουμένης</em></strong></span> <span class='ocrx_word' id='word_1_350' title='bbox 1001 3892 1071 3955; x_wconf 81' lang='grc' dir='ltr'><strong><em>Ιδεῖ</em></strong></span> <span class='ocrx_word' id='word_1_351' title='bbox 1093 3895 1195 3968; x_wconf 88' lang='grc' dir='ltr'><strong><em>τοῦτο,</em></strong></span> <span class='ocrx_word' id='word_1_352' title='bbox 1227 3883 1287 3952; x_wconf 72' lang='grc' dir='ltr'><strong><em>ἄλλ’</em></strong></span> <span class='ocrx_word' id='word_1_353' title='bbox 1311 3883 1386 3952; x_wconf 86' lang='grc' dir='ltr'><strong><em>αῦτδ</em></strong></span> <span class='ocrx_word' id='word_1_354' title='bbox 1409 3891 1470 3950; x_wconf 74' lang='grc' dir='ltr'><strong><em>τοῦ</em></strong></span> 
     </span>
     <span class='ocr_line' id='line_1_36' title="bbox 330 3984 1475 4078; baseline 0 -24"><span class='ocrx_word' id='word_1_355' title='bbox 330 3986 417 4054; x_wconf 86' lang='grc' dir='ltr'><strong><em>ἐαυτό</em></strong></span> <span class='ocrx_word' id='word_1_356' title='bbox 441 3995 483 4076; x_wconf 74' lang='grc' dir='ltr'><strong><em>τῷ</em></strong></span> <span class='ocrx_word' id='word_1_357' title='bbox 508 3987 559 4054; x_wconf 91' lang='grc' dir='ltr'><strong><em>τόν</em></strong></span> <span class='ocrx_word' id='word_1_358' title='bbox 582 3995 656 4054; x_wconf 85' lang='grc' dir='ltr'><strong><em>νοῦν</em></strong></span> <span class='ocrx_word' id='word_1_359' title='bbox 678 3991 774 4073; x_wconf 85' lang='grc' dir='ltr'><strong><em>ἐγοντι</em></strong></span> <span class='ocrx_word' id='word_1_360' title='bbox 797 3993 966 4078; x_wconf 81' lang='grc' dir='ltr'><strong><em>ἐρρωμένον</em></strong></span> <span class='ocrx_word' id='word_1_361' title='bbox 991 3989 1066 4058; x_wconf 84' lang='grc' dir='ltr'><strong><em>κατοί</em></strong></span> <span class='ocrx_word' id='word_1_362' title='bbox 1090 3989 1166 4058; x_wconf 77' lang='grc' dir='ltr'><strong><em>θεόν</em></strong></span> <span class='ocrx_word' id='word_1_363' title='bbox 1190 3991 1343 4077; x_wconf 85' lang='grc' dir='ltr'><strong><em>γελοιῦδες</em></strong></span> <span class='ocrx_word' id='word_1_364' title='bbox 1364 3984 1475 4070; x_wconf 66' lang='grc' dir='ltr'><strong><em>δειχθή-</em></strong></span> 
     </span>
     <span class='ocr_line' id='line_1_37' title="bbox 330 4087 1475 4180; baseline -0.004 -23"><span class='ocrx_word' id='word_1_365' title='bbox 330 4112 417 4157; x_wconf 91' lang='grc' dir='ltr'><strong><em>σεται.</em></strong></span> <span class='ocrx_word' id='word_1_366' title='bbox 462 4087 572 4166; x_wconf 56' lang='lat' dir='ltr'><strong><em>Eme</em></strong></span> <span class='ocrx_word' id='word_1_367' title='bbox 592 4090 648 4178; x_wconf 81' lang='grc' dir='ltr'><strong><em>γόρ</em></strong></span> <span class='ocrx_word' id='word_1_368' title='bbox 669 4099 751 4158; x_wconf 86' lang='grc' dir='ltr'><strong><em>πῦσα</em></strong></span> <span class='ocrx_word' id='word_1_369' title='bbox 773 4089 794 4175; x_wconf 78' lang='grc' dir='ltr'><em>ἦ</em></span> <span class='ocrx_word' id='word_1_370' title='bbox 815 4091 913 4160; x_wconf 75' lang='grc' dir='ltr'><strong><em>αῦτοῖν</em></strong></span> <span class='ocrx_word' id='word_1_371' title='bbox 930 4098 1098 4176; x_wconf 87' lang='grc' dir='ltr'><strong><em>κινοφωνλα</em></strong></span> <span class='ocrx_word' id='word_1_372' title='bbox 1113 4091 1250 4180; x_wconf 80' lang='grc' dir='ltr'><strong><em>ληροίδης</em></strong></span> <span class='ocrx_word' id='word_1_373' title='bbox 1264 4117 1309 4168; x_wconf 90' lang='grc' dir='ltr'><strong><em>τις</em></strong></span> <span class='ocrx_word' id='word_1_374' title='bbox 1325 4087 1475 4177; x_wconf 75' lang='grc' dir='ltr'><strong><em>εῦρεδήσε·</em></strong></span> 
     </span>
    </p>
   </div>
   <div class='ocr_carea' id='block_1_4' title="bbox 332 4311 1474 4592">
    <p class='ocr_par' dir='ltr' id='par_1_8' title="bbox 332 4311 1472 4454">
     <span class='ocr_line' id='line_1_38' title="bbox 365 4311 1472 4380; baseline -0.003 -13"><span class='ocrx_word' id='word_1_375' title='bbox 365 4317 423 4370; x_wconf 76' lang='grc' dir='ltr'><strong><em>ῦιε.</em></strong></span> <span class='ocrx_word' id='word_1_376' title='bbox 441 4318 472 4368; x_wconf 86' lang='lat' dir='ltr'><strong><em>V.</em></strong></span> <span class='ocrx_word' id='word_1_377' title='bbox 496 4345 529 4356; x_wconf 91' lang='lat'>-</span> <span class='ocrx_word' id='word_1_378' title='bbox 556 4320 577 4368; x_wconf 85' lang='lat'><strong><em>1.</em></strong></span> <span class='ocrx_word' id='word_1_379' title='bbox 600 4311 720 4370; x_wconf 63' lang='grc' dir='ltr'><strong><em>ότόθεοιι</em></strong></span> <span class='ocrx_word' id='word_1_380' title='bbox 742 4321 793 4370; x_wconf 81' lang='lat' dir='ltr'>cod.</span> <span class='ocrx_word' id='word_1_381' title='bbox 813 4321 887 4370; x_wconf 79' lang='grc' dir='ltr'><strong><em>λὀλίο.</em></strong></span> <span class='ocrx_word' id='word_1_382' title='bbox 921 4321 998 4372; x_wconf 77' lang='grc' dir='ltr'><strong><em>δολία.</em></strong></span> <span class='ocrx_word' id='word_1_383' title='bbox 1021 4320 1159 4370; x_wconf 64' lang='lat' dir='ltr'><strong><em>timeam</em></strong></span> <span class='ocrx_word' id='word_1_384' title='bbox 1170 4319 1404 4380; x_wconf 76' lang='grc' dir='ltr'><strong><em>λοσειιίιιήρλιιτοτι</em></strong></span> <span class='ocrx_word' id='word_1_385' title='bbox 1416 4326 1472 4364; x_wconf 79' lang='grc' dir='ltr'><strong><em>τιτι·</em></strong></span> 
     </span>
     <span class='ocr_line' id='line_1_39' title="bbox 332 4379 1331 4454; baseline -0.002 -17"><span class='ocrx_word' id='word_1_386' title='bbox 332 4387 405 4450; x_wconf 74' lang='grc' dir='ltr'><strong><em>λ’νλςο</em></strong></span> <span class='ocrx_word' id='word_1_387' title='bbox 423 4384 576 4454; x_wconf 85' lang='grc' dir='ltr'><strong><em>συμφωνίαν.</em></strong></span> <span class='ocrx_word' id='word_1_388' title='bbox 921 4391 1005 4440; x_wconf 80' lang='grc' dir='ltr'><strong><em>δαισιν</em></strong></span> <span class='ocrx_word' id='word_1_389' title='bbox 1022 4379 1050 4442; x_wconf 78' lang='grc' dir='ltr'><strong><em>όν</em></strong></span> <span class='ocrx_word' id='word_1_390' title='bbox 1064 4415 1097 4427; x_wconf 97' lang='grc'>-</span> <span class='ocrx_word' id='word_1_391' title='bbox 1112 4415 1145 4426; x_wconf 89' lang='lat'>-</span> <span class='ocrx_word' id='word_1_392' title='bbox 1160 4385 1205 4439; x_wconf 82' lang='grc' dir='ltr'><strong><em>τοῦ</em></strong></span> <span class='ocrx_word' id='word_1_393' title='bbox 1222 4383 1331 4452; x_wconf 84' lang='grc' dir='ltr'><strong><em>φωλεοῦ.</em></strong></span> 
     </span>
    </p>

    <p class='ocr_par' dir='ltr' id='par_1_9' title="bbox 363 4453 1312 4522">
     <span class='ocr_line' id='line_1_40' title="bbox 363 4453 1312 4522; baseline -0.003 -16"><span class='ocrx_word' id='word_1_394' title='bbox 363 4459 387 4506; x_wconf 75' lang='lat'><strong><em>¹2.</em></strong></span> <span class='ocrx_word' id='word_1_395' title='bbox 406 4458 502 4506; x_wconf 79' lang='grc' dir='ltr'><strong><em>σπειτι·</em></strong></span> <span class='ocrx_word' id='word_1_396' title='bbox 522 4453 592 4522; x_wconf 75' lang='grc' dir='ltr'><strong><em>φασί.</em></strong></span> <span class='ocrx_word' id='word_1_397' title='bbox 628 4455 693 4504; x_wconf 63' lang='lat' dir='ltr'><strong><em>Lem</em></strong></span> <span class='ocrx_word' id='word_1_398' title='bbox 709 4457 793 4506; x_wconf 80' lang='grc' dir='ltr'><strong><em>λοσικι</em></strong></span> <span class='ocrx_word' id='word_1_399' title='bbox 812 4453 888 4522; x_wconf 77' lang='grc' dir='ltr'><strong><em>φησί.</em></strong></span> <span class='ocrx_word' id='word_1_400' title='bbox 954 4457 979 4507; x_wconf 82' lang='lat'><strong><em>4.</em></strong></span> <span class='ocrx_word' id='word_1_401' title='bbox 998 4459 1109 4519; x_wconf 76' lang='grc' dir='ltr'><strong><em>ενιμίοοτ</em></strong></span> <span class='ocrx_word' id='word_1_402' title='bbox 1124 4453 1312 4520; x_wconf 77' lang='grc' dir='ltr'><strong><em>προκαλοῦνται.</em></strong></span> 
     </span>
    </p>

    <p class='ocr_par' dir='ltr' id='par_1_10' title="bbox 363 4513 1474 4592">
     <span class='ocr_line' id='line_1_41' title="bbox 363 4513 1474 4592; baseline -0.003 -17"><span class='ocrx_word' id='word_1_403' title='bbox 363 4519 388 4575; x_wconf 79' lang='grc' dir='ltr'><strong><em>δ.</em></strong></span> <span class='ocrx_word' id='word_1_404' title='bbox 404 4513 435 4576; x_wconf 81' lang='grc' dir='ltr'><strong><em>οῦ</em></strong></span> <span class='ocrx_word' id='word_1_405' title='bbox 448 4549 482 4562; x_wconf 91' lang='grc'>-</span> <span class='ocrx_word' id='word_1_406' title='bbox 494 4551 525 4562; x_wconf 93' lang='grc'>-</span> <span class='ocrx_word' id='word_1_407' title='bbox 538 4522 576 4592; x_wconf 72' lang='grc' dir='ltr'><strong><em>τῷ</em></strong></span> <span class='ocrx_word' id='word_1_408' title='bbox 591 4521 684 4592; x_wconf 80' lang='grc' dir='ltr'><strong><em>φωλεῷ</em></strong></span> <span class='ocrx_word' id='word_1_409' title='bbox 696 4537 749 4575; x_wconf 75' lang='lat' dir='ltr'><strong><em>mea</em></strong></span> <span class='ocrx_word' id='word_1_410' title='bbox 763 4530 797 4575; x_wconf 82' lang='grc' dir='ltr'><strong><em>ιιι</em></strong></span> <span class='ocrx_word' id='word_1_411' title='bbox 810 4539 886 4576; x_wconf 84' lang='grc' dir='ltr'><strong><em>επιπ-</em></strong></span> <span class='ocrx_word' id='word_1_412' title='bbox 953 4525 978 4576; x_wconf 83' lang='grc'><strong><em>5.</em></strong></span> <span class='ocrx_word' id='word_1_413' title='bbox 997 4527 1071 4576; x_wconf 74' lang='lat' dir='ltr'>verba</span> <span class='ocrx_word' id='word_1_414' title='bbox 1088 4517 1166 4577; x_wconf 83' lang='grc' dir='ltr'><strong><em>αιίτοῦ</em></strong></span> <span class='ocrx_word' id='word_1_415' title='bbox 1184 4517 1306 4590; x_wconf 84' lang='grc' dir='ltr'><strong><em>φρόνησιν</em></strong></span> <span class='ocrx_word' id='word_1_416' title='bbox 1328 4517 1344 4578; x_wconf 86' lang='grc' dir='ltr'><strong><em>δ</em></strong></span> <span class='ocrx_word' id='word_1_417' title='bbox 1364 4515 1420 4590; x_wconf 78' lang='grc' dir='ltr'><strong><em>ὄφις</em></strong></span> <span class='ocrx_word' id='word_1_418' title='bbox 1435 4515 1474 4572; x_wconf 70' lang='lat' dir='ltr'><strong><em>ml</em></strong></span> 
     </span>
    </p>
   </div>
   <div class='ocr_carea' id='block_1_5' title="bbox 0 0 1568 4990">
    <p class='ocr_par' dir='ltr' id='par_1_11' title="bbox 0 0 1568 4990">
     <span class='ocr_line' id='line_1_42' title="bbox 0 0 1568 4990; baseline 0 0"><span class='ocrx_word' id='word_1_419' title='bbox 0 0 1568 4990; x_wconf 95' lang='lat' dir='ltr'><strong><em> </em></strong></span> 
     </span>
    </p>
   </div>
  </div>
 </body>
</html>
