3072 4986
350 355 356 362 ’
376 361 624 416 sestaronus
640 361 748 415 acuon
765 363 810 416 ET
827 363 936 416 ranst.
1209 355 1230 416 9

83 479 299 546 aeecclesiae
321 481 407 550 lidear
428 503 447 546 a
470 479 555 546 nobis
575 501 748 566 expressam
767 493 970 569 percurrentes
992 486 1158 550 condonare
1179 502 1231 550 re·

82 583 158 662 litis,
191 593 290 669 utpote
310 583 491 663 hominibus,
520 595 551 650 et
572 583 612 648 ita
632 584 814 670 potissimum
832 585 963 664 affectis,
994 597 1027 650 nt
1044 608 1108 650 cnm
1128 587 1230 652 labore

81 707 115 748 ae
134 687 236 750 divino
257 686 325 750 selo
348 683 465 772 pietatis
484 696 582 772 partes
601 707 785 771 propugnare
803 707 959 766 conemur,
986 687 1075 769 illud,
1098 689 1228 774 inquam,

80 786 258 871 ignoscatis,
289 788 403 873 siquid
423 790 509 874 panlo
533 786 655 874 amplias
676 809 711 852 ac
727 791 922 873 praestantius
946 791 981 853 ad
1000 791 1177 856 sanctissimi
1201 801 1230 854 et

80 891 158 954 omni
185 891 376 954 veneratione
400 889 562 976 dignissimi
589 890 779 976 patrocinium
804 891 930 955 nominis
955 913 1097 978 usurpare
1123 893 1230 958 divinis
1338 929 1342 937 ·

80 992 145 1055 lseb'
162 991 278 1056 viribus
294 993 358 1056 ansi
375 993 527 1072 fuerimus,
551 993 580 1056 id
598 992 690 1077 ipsum
709 994 888 1056 concedente
906 993 974 1070 deo,
998 995 1228 1078 quandoquidem

80 1111 112 1156 es
128 1113 206 1178 quae
222 1094 389 1158 facultatem
406 1106 535 1160 nostram
554 1103 694 1178 superant
711 1094 896 1178 inquirimus.
939 1093 1018 1159 Nam
1034 1107 1065 1160 ct
1083 1118 1135 1182 pro
1151 1097 1231 1162 ueri·

80 1206 137 1258 tate
154 1195 254 1260 oratio
269 1197 340 1276 ista,
364 1207 394 1260 et
407 1218 460 1281 pro
476 1197 583 1282 pietate
598 1195 760 1260 lucubratio
774 1195 944 1282 suscipitur.
987 1197 1036 1262 Aa
1052 1197 1125 1262 haec
1140 1199 1230 1262 vehe-

80 1309 195 1360 menter
210 1319 229 1361 a
245 1297 328 1362 vobis
343 1299 469 1383 postulo,
493 1309 526 1361 nt
542 1297 567 1361 si
586 1297 653 1383 qnid
668 1299 744 1363 lorte
759 1298 969 1382 reperiatis-
984 1319 1155 1384 quamquam
1171 1321 1229 1364 nnn

79 1399 145 1461 illud
162 1399 240 1462 adeo
259 1400 350 1465 moris
365 1412 410 1464 est
425 1400 521 1480 nobis,
544 1399 683 1464 vellicare
701 1401 875 1487 quempiam,
900 1401 995 1467 autin
1013 1421 1079 1466 eum
1095 1401 1172 1465 diota
1187 1401 1231 1466 ia·

79 1521 163 1579 cere3
181 1538 222 1549 —
237 1522 341 1566 ueram
356 1503 382 1564 si
399 1523 451 1588 pro
464 1502 669 1567 ardentissimo
685 1513 786 1567 nostro
805 1503 947 1568 adversus
964 1504 1103 1568 haereses
1120 1503 1228 1581 studio,

78 1615 106 1665 ct
121 1615 153 1668 nt
168 1602 301 1667 lectores
317 1605 353 1666 ab
368 1603 404 1668 iis
423 1605 642 1682 deterreamus,
666 1604 841 1668 concitatius
854 1605 961 1690 aliquid
976 1605 1153 1684 dixerimus,
1184 1615 1230 1669 ut·

78 1717 141 1788 pata
159 1706 192 1768 si
210 1705 403 1790 impostores,
427 1707 635 1786 circulatores,
659 1715 711 1770 ant
728 1705 852 1772 misoeos
871 1707 1063 1791 appellemus,
1087 1709 1115 1772 id
1134 1706 1231 1772 velitis

77 1806 249 1890 ignoscere.
292 1805 371 1870 Nam
389 1818 419 1872 et
434 1807 497 1894 ipsa
514 1807 682 1872 certaminis
699 1827 733 1870 ac
751 1808 953 1894 disputationis
970 1809 1133 1874 necessitas
1151 1808 1230 1872 eius-

76 1910 151 1972 modi
170 1908 304 1972 laborem
320 1909 404 1972 nobis
421 1911 574 1995 imposuit,
599 1931 656 1992 quo
673 1909 710 1974 ab
727 1909 784 1973 illis
799 1911 926 1986 lectores
941 1923 1148 1991 avocarentur,
1173 1910 1231 1975 nti*

76 2031 131 2093 qne
145 2011 268 2074 illoram
282 2011 447 2076 sanctiones
462 2013 602 2097 mysteria
619 2033 654 2075 aa
667 2012 802 2096 dogmata
819 2014 855 2077 ab
872 2014 1004 2078 instituta
1018 2023 1120 2078 nostro
1133 2013 1231 2078 aliena

77 2133 141 2176 esse
161 2123 253 2196 atque
275 2113 432 2178 interdicta
454 2125 619 2192 constaret,
651 2124 738 2199 atque
758 2125 791 2179 ut
811 2136 851 2180 es
871 2116 1003 2178 aratione
1025 2115 1089 2201 ipsa
1112 2127 1142 2180 et
1161 2136 1230 2179 acu·

75 2215 153 2277 mine
182 2215 386 2300 disputationis
406 2215 548 2280 libertatis
573 2217 719 2300 ingenuae
740 2217 888 2301 specimen
908 2217 1080 2297 ederemus,
1113 2227 1173 2280 tum
1199 2225 1231 2280 ut

76 2317 205 2401 deniqne
227 2317 331 2380 maiori
353 2316 404 2380 illa
426 2318 583 2381 verborum
606 2318 764 2404 asperitate
788 2317 901 2402 aliquos
924 2319 1027 2382 saltem
1055 2317 1229 2383 abillaeum

76 2419 256 2503 maugisus
276 2439 420 2484 revocare
442 2441 608 2504 possemus.

161 2517 251 2602 Quae
266 2522 381 2605 quidem
399 2522 495 2585 omnia
513 2522 568 2586 hoo
584 2521 615 2585 in
634 2541 723 2608 opere
741 2522 952 2607 comprehensa
967 2523 1059 2588 tribas
1076 2521 1157 2586 libris
1174 2541 1229 2585 ex·
1248 2533 1308 2601 cap.
1326 2535 1358 2586 ιι.

74 2623 241 2706 plicantur,
269 2623 379 2708 primo,
403 2623 585 2687 secandune
605 2625 703 2688 tertia.
749 2621 839 2688 lidem
864 2645 952 2708 porro
974 2624 1040 2689 libri
1065 2633 1175 2708 septem
1198 2622 1229 2687 in

74 2736 176 2787 tomos
196 2725 338 2788 distributi
357 2735 437 2804 snut,
462 2747 582 2810 quorum
602 2725 708 2810 singuli
727 2735 837 2790 certum
856 2726 1020 2790 haereseon
1038 2748 1073 2790 ao
1088 2725 1230 2790 schisma·

73 2841 135 2890 tun
165 2847 319 2891 nnmerum
344 2827 512 2906 continent,
547 2847 620 2913 quae
648 2827 734 2892 simul
759 2829 882 2892 collecta
905 2825 1033 2892 LXXX
1057 2828 1227 2892 coniciunt.

73 2927 214 3012 Quorum
225 2928 435 3014 appellationes
448 2929 502 2992 bae
515 2941 584 2993 sunt
595 2949 630 2992 ao
643 2930 795 3014 dogmata:
815 2927 842 2994 l.
860 2928 1077 3009 barbarismus,
1094 2927 1134 2994 ll.
1153 2925 1229 3014 Sey-

71 3032 216 3108 tbismus,
238 3027 297 3094 lll.
321 3029 534 3110 Helleuismus,
559 3028 614 3096 lV.
638 3029 815 3111 ludaismas,
841 3030 881 3096 V.
906 3029 1139 3098 Samaritismus.
1178 3030 1229 3094 Ab

72 3134 108 3195 iis
129 3132 274 3217 deinceps
291 3132 422 3217 reliquae
443 3144 543 3196 sectae
558 3134 775 3218 profluxerunt.
819 3133 897 3199 Nam
918 3143 986 3198 aute
1002 3130 1112 3199 Christi
1131 3133 1230 3197 salra-

71 3235 147 3298 tcris
164 3233 323 3297 adrentum
342 3245 408 3318 post
421 3234 576 3298 barbaram
591 3247 622 3300 et
639 3233 805 3322 Scythicam
824 3237 1060 3322 superstitionem
1076 3256 1093 3299 e
1111 3233 1228 3299 Graeca

69 3337 148 3400 istae
170 3336 360 3420 prodierunt:
394 3335 451 3401 Vl.
475 3334 739 3422 Pythagoreorum,
764 3338 811 3422 qui
834 3349 864 3402 et
881 3335 1082 3423 Peripatetici,
1106 3346 1227 3401 anctore

69 3437 232 3502 divisionis
245 3437 421 3518 Aristotele,
438 3436 509 3502 Vll.
527 3436 757 3518 Platonicorum,
777 3437 863 3504 Vlll.
883 3437 1062 3517 Stoicorum,
1083 3435 1140 3501 lX.
1156 3434 1229 3522 Epi-

70 3561 245 3605 enreornnr.
285 3539 365 3604 Tana
382 3538 672 3622 Samaritanasecta‚
697 3563 771 3626 quae
789 3561 828 3604 ex
845 3539 963 3606 ludaico
981 3537 1141 3625 pullulavit.
1181 3537 1229 3603 lla

70 3665 163 3728 porro
185 3653 312 3724 quatuor
328 3643 358 3704 in
380 3642 522 3706 lectiones
539 3643 627 3722 abiit,
657 3640 707 3706 X.
727 3641 962 3721 Gurthenoram,
991 3636 1051 3704 Xl.
1077 3634 1228 3706 Sebnaeb·

68 3767 155 3822 ram,
190 3739 265 3806 Xll.
287 3741 490 3823 Essennrum,
517 3741 608 3808 Xlll.
628 3743 848 3809 Dositheornm.
895 3740 1034 3826 Sequitur
1050 3740 1225 3823 ludaismas,

68 3851 106 3910 de
121 3866 188 3932 qno
201 3845 308 3910 dictum
322 3857 380 3924 est,
402 3845 452 3931 qui
467 3845 613 3932 propriant
627 3846 664 3910 ab
679 3847 830 3911 Abraamo
845 3847 965 3929 liguram
982 3864 1016 3908 ac
1030 3856 1127 3908 notam
1143 3865 1228 3908 acce-

67 3950 123 4034 pit.
174 3943 291 4011 Deinde
310 3969 364 4033 per
377 3945 494 4036 Moysis
516 3951 610 4035 legem
631 3949 785 4014 collatatns
804 3947 840 4011 ah
861 3944 932 4010 luda
952 3944 1051 4010 lacnbi
1071 3947 1149 4025 lilio,
1178 3945 1229 4031 qui

67 4049 167 4114 lsrael
190 4050 350 4134 appellatus
366 4063 428 4131 est,
460 4075 514 4139 per
530 4051 671 4117 Davidem
688 4051 784 4136 populi
803 4049 887 4113 istius
904 4069 945 4112 ex
962 4049 1063 4112 eadem
1082 4049 1132 4111 illa
1151 4047 1228 4112 tribu

68 4173 176 4236 regem
194 4147 332 4216 ludaismi
350 4155 570 4239 appellationem
587 4153 720 4218 obtinuit.
766 4151 815 4216 ab
835 4152 890 4217 hcc
910 4162 1020 4236 septem
1040 4149 1095 4214 hae
1112 4149 1229 4233 prodie-

70 4265 140 4316 rant
157 4253 316 4316 haeresees
340 4251 430 4317 XlV.
449 4251 631 4332 Scribarum,
653 4252 727 4318 XV.
744 4250 983 4331 Pharisaeorum,
1006 4249 1096 4316 XVI.
1114 4247 1228 4316 Saddu-

103 4387 129 4441 4.
146 4387 391 4458 perrebememtiam
402 4395 486 4441 restim
497 4395 565 4442 oerttt
580 4393 637 4442 Gor·
672 4384 787 4456 piscant
807 4393 953 4444 taboastttue
975 4395 1116 4452 compotum
1137 4389 1230 4438 iuventa

71 4463 164 4510 ιω.
671 4461 742 4510 &aar
756 4466 864 4512 Anemnt.
880 4473 934 4522 cop.
951 4457 990 4510 tt.
1006 4460 1032 4509 r'a
1045 4460 1095 4508 toea
1108 4457 1211 4520 amath.

105 4527 167 4577 Car.
187 4525 218 4574 ll.
232 4553 268 4565 ·-
291 4525 314 4578 l.
330 4528 468 4589 achabum
481 4525 567 4594 pisca
589 4529 637 4578 Sed
704 4529 729 4579 2
748 4529 821 4592 Vutpc
834 4525 873 4589 ts

706 4595 731 4648 d.
752 4599 824 4659 Vatipo
841 4591 974 4661 Γορᾶηιοὶ.
