3100 4984
368 333 502 386 rnunnn
518 334 582 387 nun.
594 336 615 386 ι.
631 335 713 388 rou.
725 334 757 387 ιι.
774 333 874 388 uunn
881 333 984 388 xxxo.
1187 323 1249 387 dit

186 451 261 521 Cum
278 455 368 539 igitur
383 454 509 520 eeclesia
527 455 687 521 doctrinam
704 454 845 520 eiusmodi
861 454 1022 540 iidemque,
1053 456 1094 520 uti
1110 456 1248 537 diximus,
1264 453 1379 575 xgdltl

98 558 265 644 acceperit,
289 579 353 622 eam
371 559 417 624 rel
432 557 503 622 orle
518 568 579 622 toto
595 559 699 624 dill'usa
713 557 843 622 studiose
856 568 1026 637 conseruat,
1051 559 1132 642 quasi
1148 558 1178 624 in
1194 579 1250 623 uua
1381 559 1387 572 '

97 661 222 746 quadam
246 663 332 725 domo
354 660 504 739 habitans,
537 681 572 724 ac
593 661 728 724 similiter
744 660 878 724 omnibns
899 659 957 724 illis
975 661 1152 740 assentitur,
1186 672 1250 726 tan-

96 783 183 848 quam
202 763 298 828 anima
318 785 374 828 una
392 765 553 848 eodemque
570 763 658 828 corde
675 763 820 849 praedita,
845 763 1004 846 eademque
1021 763 1250 828 concordissime

95 867 160 944 sic,
185 867 266 950 quasi
282 887 368 930 uuum
386 887 419 930 os
438 866 559 944 habeat,
584 866 669 930 docet
684 887 718 928 ac
733 865 892 951 praedicat,
936 862 1054 928 Etenim
1069 866 1184 929 tametsi
1200 865 1251 930 luo·

96 970 209 1032 minum
231 967 349 1053 linguae
370 969 429 1032 sint
451 969 627 1048 dissimiles,
658 969 758 1042 eadem
776 979 873 1031 tamon
894 967 1018 1031 traditae
1036 967 1187 1030 doctrinae
1204 967 1250 1031 vis

97 1081 146 1135 est
162 1069 287 1155 ultique;
312 1091 405 1155 neque
423 1082 473 1134 out
487 1071 661 1134 constitutae
676 1069 706 1133 in
726 1067 886 1134 Germania
902 1069 1044 1134 ccclesiae
1060 1069 1182 1134 credunt
1197 1067 1249 1133 ali·

96 1185 145 1237 ter
160 1193 194 1237 ac
212 1193 283 1237 suos
297 1175 467 1258 perdocent,
491 1182 542 1237 aut
558 1172 677 1256 quaein
693 1171 842 1258 Hispaniis
857 1193 891 1236 ac
906 1170 1010 1236 Galliis
1026 1182 1077 1235 aut
1091 1173 1127 1236 ad
1141 1167 1248 1238 Oricu-

95 1287 176 1354 tcm,
200 1287 251 1339 aut
268 1276 297 1338 in
315 1276 452 1360 Aegypto
473 1274 522 1338 vel
539 1271 636 1360 Libya
655 1275 788 1340 mediove
807 1274 878 1338 orbe
897 1273 1053 1338 stabilitae.
1099 1271 1159 1340 Sed
1179 1295 1249 1359 que·

95 1379 281 1442 madanodum
297 1377 341 1442 sol
360 1375 569 1442 nobilissimum
586 1377 632 1440 dei
648 1397 722 1462 opus
740 1398 814 1441 uuus
829 1377 860 1440 in
876 1388 937 1440 toto
954 1379 1060 1442 mundo
1072 1389 1158 1464 atque
1173 1377 1249 1442 idem

95 1492 143 1546 est
161 1501 295 1567 semper,
325 1481 368 1544 sic
387 1479 520 1544 veritatis
538 1480 716 1564 praedicatio
738 1479 844 1564 ulique
864 1490 1006 1545 terrarum
1025 1479 1186 1559 illucescit,
1216 1501 1250 1544 ac

94 1581 238 1648 mortales
254 1603 356 1646 omnes
369 1583 512 1663 illustrat,
536 1582 585 1666 qui
602 1583 716 1666 quidem
732 1581 810 1646 illius
826 1583 861 1645 ad
880 1581 1011 1647 notitiam
1030 1583 1184 1669 pervenire
1197 1603 1250 1647 vo·

95 1684 218 1750 luerint.
264 1687 348 1750 Adeo
363 1697 394 1750 ut
409 1705 502 1769 neque
517 1683 543 1748 is
559 1684 608 1770 qui
624 1685 702 1748 inter
716 1685 906 1749 ecclesiarum
920 1685 1065 1750 antistites
1079 1685 1192 1750 dicandi
1207 1688 1250 1749 la·
1321 1755 1326 1764 ,

96 1788 211 1853 cnltalc
226 1787 326 1872 pollet,
351 1787 458 1852 abillis
474 1787 590 1851 diversa
608 1789 779 1872 profiteatur
795 1791 897 1867 (nemo
911 1788 989 1852 enirn
1004 1799 1050 1852 est
1063 1798 1251 1874 praeceptore

94 1915 151 1958 sno
175 1889 344 1976 superior),
376 1911 470 1975 neque
494 1890 542 1975 qui
563 1890 660 1954 inlons
684 1900 730 1955 est
751 1901 781 1954 et
801 1890 976 1971 indisertus,
1009 1893 1045 1956 de
1068 1890 1173 1954 tradita
1194 1889 1249 1954 silti

94 1993 251 2080 disciplina
264 1991 413 2078 quicquam
426 1992 577 2058 diminuat.
612 1989 759 2075 Quoniam
774 1993 851 2056 enim
864 2015 920 2058 una
934 2007 979 2059 est
993 1994 1151 2078 eademqne
1164 1992 1247 2070 fides,

94 2117 192 2181 neque
216 2095 264 2180 qui
286 2097 323 2158 da
344 2115 378 2159 ea
400 2096 519 2181 copiose
542 2105 638 2180 potest
659 2096 759 2159 dicore
780 2095 844 2182 plus
868 2096 972 2180 aliquid
996 2097 1124 2176 obtinet,
1156 2115 1249 2180 neque

95 2201 206 2276 minus,
231 2197 279 2283 qui
296 2219 385 2282 pauca
400 2199 543 2261 duntaxat
558 2198 653 2281 eloqui
672 2207 777 2283 potest.
824 2195 911 2282 Quod
925 2209 1021 2262 antem
1037 2195 1100 2284 plus
1116 2197 1248 2262 minusve

96 2301 229 2366 nonnulli
243 2299 434 2383 intelligentia
450 2321 485 2364 ac
501 2301 623 2364 scicntia
641 2311 869 2384 consequantur,
893 2299 964 2363 nihil
979 2301 1034 2364 hoc
1049 2301 1084 2364 ad
1098 2301 1249 2364 immutan-

96 2405 161 2468 dam
178 2402 341 2467 doctrinam
362 2402 505 2487 pertinct3
536 2423 630 2486 neque
652 2402 761 2466 idcireo
778 2402 863 2466 deom
880 2402 966 2466 alium
985 2413 1100 2488 praeter
1119 2403 1249 2466 condito·

95 2527 157 2570 rem
176 2503 352 2588 excogitant
366 2515 453 2590 atque
470 2506 554 2569 luins
574 2505 774 2569 universitatis
790 2505 931 2568 antidosin
948 2516 978 2568 et
994 2504 1134 2584 altorem,
1167 2505 1248 2592 quasi

95 2609 216 2674 minima
233 2609 294 2671 sint
309 2609 402 2671 altero
419 2607 468 2672 illo
484 2608 631 2685 conteuti,
655 2627 749 2691 neque
763 2607 851 2670 alium
868 2603 1028 2686 Christum,
1053 2627 1147 2694 neque
1161 2628 1248 2694 porro

96 2709 287 2796 Unigenitum
311 2711 409 2773 alium.
456 2706 515 2774 Sed
539 2709 617 2773 inid
642 2711 782 2775 duntaxat
804 2710 918 2774 illorum
941 2709 1072 2775 elaborat
1095 2710 1246 2789 industria,

96 2825 127 2878 ut
145 2833 222 2900 qnae
242 2813 435 2896 aenigmatum
454 2810 624 2896 quibusdam
642 2811 802 2876 involueris
821 2813 936 2876 obtecta
956 2825 1024 2877 suut
1042 2814 1192 2900 expoliant
1206 2824 1248 2877 at·

96 2937 151 3000 qne
172 2916 339 3001 explicent,
371 2925 401 2978 et
420 2917 455 2978 ad
472 2915 633 2978 communis
652 2914 717 2978 lidei
735 2914 897 2979 institutum
917 2918 1153 2995 accommodent,
1184 2915 1247 2980 sive

96 3029 128 3082 ut
142 3017 276 3082 divinum
292 3017 362 3081 illud
382 3017 411 3080 in
429 3015 576 3081 hominurn
593 3017 686 3081 salute
702 3019 884 3102 procuranda
900 3019 1045 3103 negotium
1065 3017 1248 3082 administra·

97 3121 267 3204 lienemque
284 3139 398 3183 omnem
418 3129 584 3205 exponant,
608 3118 694 3204 idque
712 3119 805 3205 ipsum
821 3121 987 3200 declarent,
1011 3121 1154 3206 quomodo
1169 3119 1248 3183 illam

96 3223 252 3288 rebellium
274 3222 423 3307 spirituum
443 3221 636 3286 delectionem
656 3221 860 3308 hominumque
878 3223 1088 3288 contumaciam
1110 3223 1182 3286 deus
1200 3241 1250 3306 pa·

98 3325 274 3390 deotissime
294 3324 407 3404 tulerit,
431 3325 497 3409 quid
515 3345 639 3388 caussae
653 3325 692 3388 sit
708 3345 761 3389 our
776 3345 850 3389 unus
866 3324 998 3409 idemque
1018 3325 1088 3387 deus
1105 3323 1162 3386 alia
1179 3333 1250 3386 tern-
1295 3377 1306 3406 ,

98 3425 234 3514 porario,
266 3425 323 3490 alia
345 3426 523 3512 sempiterna
546 3427 666 3507 lecerit,
698 3428 824 3512 itemque
844 3425 985 3491 coelestia
1003 3426 1160 3511 quaedam,
1192 3423 1249 3488 alia

96 3543 236 3608 terrena,
268 3547 321 3592 cur
338 3528 386 3612 qui
402 3529 494 3593 oculis
513 3530 603 3616 aspici
621 3529 738 3614 nequit,
769 3527 918 3614 prophetis
937 3549 995 3592 non
1015 3549 1071 3592 ona
1090 3527 1188 3612 specie
1205 3525 1250 3591 vi·

98 3635 221 3699 sendum
240 3651 273 3696 se
291 3630 474 3716 praebuerit,
504 3634 555 3695 sed
575 3632 638 3696 aliis
656 3631 713 3694 alio
730 3630 815 3695 modo
831 3651 906 3715 quae
922 3631 1011 3696 vellet
1026 3629 1247 3713 significaverit,

98 3757 151 3800 cnr
164 3745 343 3800 testamenta
359 3734 442 3819 plura
455 3733 514 3798 sint
530 3733 693 3798 hominibus
709 3733 842 3812 condita,
867 3753 980 3819 quaeve
996 3732 1145 3818 utriusque
1162 3745 1250 3798 nome

97 3859 131 3902 ac
144 3837 266 3924 propria
282 3836 372 3902 veluti
387 3835 560 3900 lineamenta
577 3837 652 3900 sint:
677 3837 793 3902 utillud
808 3838 895 3902 ctiam
909 3836 1067 3920 inquirant,
1086 3857 1139 3899 cur
1152 3836 1249 3901 omnia

99 3940 171 4004 deus
189 3937 389 4026 perduellione
406 3937 599 4019 concluserit,
623 3950 654 4002 ut
671 3939 798 4004 omnium
815 3937 947 4004 misereri
964 3948 1082 4023 posset,
1106 3949 1193 4024 atquc
1211 3939 1248 4002 ob

98 4041 127 4104 id
143 4043 267 4127 insuper
280 4043 388 4125 gratias
405 4052 511 4126 agant,
540 4042 614 4124 quod
634 4038 763 4106 Verbum
782 4041 828 4104 dei
847 4061 917 4104 caro
934 4042 1038 4105 laetum
1056 4063 1091 4106 ec
1107 4042 1248 4127 supplicio

100 4155 148 4208 est
163 4145 320 4223 allectum,
350 4143 418 4207 illud
439 4143 525 4208 etiam
544 4143 725 4222 edisserant,
757 4163 809 4206 cur
828 4143 859 4207 in
879 4157 1012 4208 extrema
1032 4155 1162 4230 tempora
1180 4141 1248 4206 Filii

100 4245 147 4310 dei
166 4248 310 4313 adventus
327 4246 478 4324 inciderit,
510 4244 565 4309 hoc
587 4255 632 4309 cst
654 4266 707 4309 cur
722 4245 847 4310 omnium
865 4267 931 4311 sese
948 4247 1117 4334 principium
1139 4247 1169 4309 in
1192 4247 1248 4310 dne

100 4349 278 4432 prodiderit:
303 4349 337 4413 ad
354 4349 425 4413 haec
443 4350 478 4414 dc
495 4349 592 4412 mundi
609 4349 690 4413 exitu
705 4349 864 4435 futurisque
882 4351 968 4415 rebus
987 4369 1184 4436 quaecumque
1201 4369 1247 4412 sa-

101 4452 160 4515 cris
177 4451 363 4534 reperiuntur
378 4451 407 4515 in
425 4451 523 4532 libris,
555 4452 722 4532 excutiant,
752 4473 807 4516 nco
824 4453 893 4517 illud
909 4464 1042 4532 taceant,
1073 4471 1125 4517 cur
1145 4452 1247 4538 despe-

134 4585 429 4642 &ffimmm
