3110 4984
351 261 485 312 rannnu
503 261 579 314 nov.
597 261 769 314 ιιιιιιιιιι
785 264 848 314 nra.
861 263 881 312 1.
898 263 979 315 nona.
992 264 1023 314 ιι.
1204 254 1260 316 133

293 395 591 475 ADVERSUS
625 399 1076 496 destruendos,

230 541 312 612 quae
347 525 397 590 erl
429 519 574 594 haeresis
607 527 685 618 post
716 521 893 596 adventum
928 519 1052 595 christi
1080 521 1139 617 Π.,

556 639 671 712 ordine
696 637 810 714 XXII.

190 783 334 856 Proxime
355 787 470 871 quidam
493 789 559 852 bule
576 786 743 852 Menander
762 789 962 872 adiungendus
984 799 1047 870 ost,
1077 791 1126 875 qui
1147 813 1256 877 genere
1275 796 1335 866 esp.
1356 799 1374 850 t.

111 887 313 954 &marimens
335 889 482 972 aliquanto
508 900 638 976 tempore
663 887 778 956 Simoni
802 910 919 974 operam
948 890 1037 956 dedit.
1088 897 1187 978 Atque
1211 893 1258 960 bie

111 989 228 1073 perinde
249 1001 281 1054 ut
299 991 538 1056 ιιιιιίἰιιιιιιιιιιιι
559 992 595 1055 ab
614 991 739 1076 Angelis
756 991 944 1070 labrieaturn,
974 992 1102 1078 seipsum
1121 1015 1193 1059 vero
1212 997 1259 1061 dei

111 1093 165 1156 vim
187 1113 258 1156 esse
282 1093 318 1156 de
340 1093 424 1156 eoelo
442 1093 561 1157 missam
580 1094 698 1156 asserit.
742 1090 778 1156 ln
800 1115 856 1177 quo
877 1093 991 1177 quidem
1011 1095 1149 1160 maiorem
1172 1117 1256 1182 quam

110 1195 251 1278 magister
272 1195 322 1262 ille
342 1215 413 1258 suus
436 1195 698 1258 circumveniendis
719 1193 882 1258 bominibus
906 1195 1035 1259 lraudem
1059 1218 1093 1260 ae
1114 1197 1257 1262 lnllsoiam

110 1306 292 1360 commentus
314 1307 372 1362 est.
417 1293 460 1361 Se
482 1297 558 1362 euim
578 1296 676 1360 aiebat
696 1297 731 1360 ad
754 1296 871 1360 humani
891 1297 1009 1380 generis
1029 1300 1150 1363 salutem
1169 1299 1256 1363 ornis·

109 1419 187 1474 snm,
213 1409 301 1482 atque
319 1411 351 1462 nt
366 1399 520 1464 nonnullos
536 1419 619 1464 snum
637 1398 674 1462 ad
689 1398 859 1483 mysterium
876 1399 1079 1478 contraheret,
1103 1421 1140 1464 ne
1156 1402 1256 1486 Auge-

108 1501 199 1564 lorum
222 1521 260 1562 ae
278 1498 494 1586 Priaeipatuum
510 1497 768 1585 Potestatumqae‚
801 1520 874 1584 quae
896 1501 1033 1566 mundum
1052 1503 1255 1581 condiderant,

109 1601 298 1666 dominationi
312 1602 479 1666 subessent.
510 1597 637 1667 Caetera
652 1601 764 1666 duetori
778 1621 832 1664 suo
845 1611 1043 1666 conmutanea
1053 1603 1156 1667 iisdem
1172 1625 1255 1690 prae-

108 1703 202 1786 stigiis
220 1723 256 1766 ae
275 1703 423 1768 malebeiis
441 1703 613 1782 adtexebat,
638 1723 692 1767 uae
713 1702 749 1766 ab
767 1702 830 1766 eins
848 1701 982 1786 dogmate
1000 1704 1175 1788 dissidebat,
1199 1707 1255 1772 nisi

110 1805 183 1886 qnod
205 1803 348 1868 maiorem
366 1825 401 1868 se
422 1815 611 1870 auteeessore
631 1825 665 1867 ae
688 1813 878 1889 praeseptore
900 1825 953 1868 suo
974 1803 1113 1871 iactabat.

189 1903 305 1970 Verum
322 1907 354 1970 in
373 1908 475 1971 eodem
493 1929 558 1971 eum
576 1907 632 1970 isto
651 1905 832 1970 incommoda
847 1905 983 1990 delapsus
1002 1917 1065 1988 est,
1095 1909 1256 1995 iisdemque
1273 1911 1333 1981 c21’·
1350 1915 1381 1965 1¹·

110 2007 240 2070 veritatis
265 2007 415 2074 convietus
438 2007 622 2072 sermonibus
645 2018 806 2072 evertetur.
850 2003 907 2070 Est
921 2007 997 2072 eninr
1014 2007 1078 2094 ipse
1094 2011 1256 2078 subversus

108 2109 229 2192 eiusque
250 2129 354 2194 magna
373 2131 414 2174 ex
432 2121 514 2194 parte
532 2108 663 2174 baeresis
681 2110 823 2174 extincta.
868 2106 1065 2192 Quamobrem
1084 2112 1202 2176 missam
1221 2115 1256 2178 il·

110 2213 162 2274 lsm
181 2210 341 2290 laedemus,
372 2212 455 2276 etad
474 2210 558 2276 aliam
576 2231 663 2298 porro
681 2210 903 2294 disputationem
920 2221 1049 2276 nostram
1069 2215 1254 2298 promovebi-

108 2334 180 2376 mus.
228 2310 379 2396 Siquidem
403 2313 474 2376 baeu
496 2333 513 2376 ι
535 2313 683 2376 veteribus
701 2311 822 2375 bistnria
842 2313 953 2397 proditu
974 2324 1036 2392 est,
1067 2335 1132 2379 eum
1156 2316 1254 2400 plures

107 2413 262 2498 aliquando
287 2415 402 2500 aspides
426 2415 456 2478 iu
483 2435 571 2478 unum
595 2415 681 2478 lietile
705 2434 756 2477 uas
780 2415 930 2478 eouieetae
953 2425 982 2478 ιι
1005 2415 1035 2478 iu
1057 2416 1253 2484 fundamentis

107 2517 279 2601 angulorum
303 2527 429 2600 quatuor
449 2515 589 2599 cuiusque
611 2515 752 2580 idolorum
775 2514 871 2601 templi
893 2515 923 2578 iu
945 2515 1081 2602 Aegypto
1104 2517 1253 2602 depositae

107 2628 224 2696 esseut,
249 2637 290 2680 ex
306 2617 344 2680 iis
360 2618 506 2704 aspidibus
525 2636 600 2700 quae
617 2617 721 2680 fortior
737 2629 801 2681 erat
820 2617 850 2680 in
869 2618 941 2682 alies
957 2617 1121 2698 invasisse,
1145 2639 1253 2704 easque

107 2722 280 2786 devorasse.
332 2716 416 2802 Quae
438 2741 502 2784 eum
523 2719 586 2783 sola
611 2719 800 2784 remansisset
825 2728 855 2782 et
879 2741 935 2802 quo
961 2740 994 2784 se
1018 2721 1112 2785 aleret
1133 2721 1254 2788 baberet

107 2821 193 2899 nibil,
226 2823 256 2884 in
275 2820 400 2906 seipsam
421 2832 530 2884 retorta
549 2829 579 2884 et
594 2840 613 2884 a
631 2820 721 2886 nanda
739 2820 875 2905 paulatim
893 2822 1034 2888 arrodens
1051 2835 1133 2907 parte
1149 2845 1183 2888 se
1200 2825 1253 2890 sli-

106 2945 160 3006 pua
182 2933 270 2986 tenus
293 2923 424 3007 eorporis
446 2924 565 3007 depasta
589 2933 651 3000 ιιι,
682 2923 756 2986 aden
776 2933 806 2986 ut
824 2943 882 2985 non
898 2923 1020 3008 amplius
1037 2924 1168 3009 integra,
1199 2927 1253 2991 sed

107 3025 224 3088 diuidis
243 3024 289 3088 sui
308 3033 391 3110 parte
408 3024 538 3088 mutilata
555 3025 757 3110 permanserit.
801 3021 915 3088 ldeireo
929 3023 1202 3112 Aspidogorgonom
1218 3029 1252 3092 il-

107 3129 161 3190 lnm
180 3127 380 3212 appellarunt,
409 3137 442 3188 ut
456 3147 522 3190 num
540 3145 603 3190 eam
621 3124 770 3206 videmus,
801 3126 890 3191 luisse
906 3129 1048 3209 quondam
1065 3128 1142 3192 istud
1158 3128 1252 3213 ipsum

107 3229 317 3312 intelligamus,
348 3247 424 3291 rrurre
447 3248 520 3294 vern
540 3225 657 3290 minime
677 3247 852 3311 superesse,
883 3247 918 3292 au
936 3227 1052 3314 penitus
1071 3249 1137 3292 osse
1154 3229 1251 3295 subla·

106 3341 177 3394 tum.
223 3328 309 3411 Quod
333 3329 370 3392 ad
394 3349 457 3395 eam
477 3339 581 3392 eontra
601 3348 685 3413 quam
707 3327 820 3412 agiam
842 3329 977 3394 baeresin
999 3329 1148 3392 convenit.
1194 3323 1252 3392 Cui

106 3453 170 3494 enar
195 3430 418 3516 disputationem
442 3442 571 3494 nostram
594 3431 832 3515 opposuerimus,
864 3427 974 3496 Cbristi
1000 3441 1097 3494 tamen
1123 3439 1169 3493 est
1192 3429 1251 3492 vir·

106 3544 168 3596 tute
185 3533 348 3615 profligata.
392 3530 493 3615 Quare
509 3533 544 3596 ab
561 3532 610 3597 illa
627 3553 698 3614 uos,
721 3533 882 3614 rarissimi,
905 3533 941 3596 ad
959 3530 1147 3596 refellendam
1165 3531 1254 3598 ubam

106 3645 322 3698 convertamus.

287 3960 525 4038 nonunt
565 3911 1068 4056 sarnnuimnos,

129 4101 213 4174 quae
234 4086 285 4152 est
304 4081 452 4155 haeresis
475 4085 513 4156 ab
537 4085 680 4160 adventu
702 4085 827 4159 cnrisn
846 4083 930 4177 tlt,
957 4083 1072 4157 ordine
1092 4079 1223 4156 XXIII.

188 4227 259 4294 Post
281 4231 357 4296 bono
375 4229 542 4297 Saturnilus
564 4235 664 4298 neseio
682 4235 746 4320 quis
764 4234 909 4298 excitatns
928 4246 989 4316 est,
1019 4233 1067 4318 qui
1085 4229 1196 4294 errorIs
1213 4229 1248 4293 il·
1267 4243 1357 4314 cept

105 4331 159 4396 line
181 4345 369 4416 argumenta,
393 4334 447 4398 boo
466 4344 511 4398 est
526 4355 544 4399 a
561 4333 773 4401 Menandreae
789 4336 934 4422 prioribus
950 4337 1008 4401 illis
1024 4333 1146 4418 aoeopit.
1193 4329 1248 4394 llic

135 4465 198 4518 car.
212 4468 243 4518 ΙΙ.
262 4495 294 4510 -
313 4471 334 4522 l.
353 4465 509 4538 ἰσχυριιτίρα
525 4473 609 4536 ubique
624 4474 715 4536 surpra
730 4475 847 4526 Petous'ua
