3106 4990
341 299 478 351 canaan
496 283 589 351 aruir.
608 299 689 352 roae.
707 301 749 350 rrr.
767 301 865 351 nasa.
880 301 1028 352 xxxvia.
1173 290 1181 303 “
1201 289 1261 352 513

110 417 196 484 Pauli
211 419 344 506 apostoli
367 419 485 484 nomine
507 419 633 483 libellam
652 419 860 504 excogitarunt
875 431 1065 506 praepostera
1083 419 1200 484 libidine
1217 443 1265 486 re-

111 525 237 601 fertum,
270 544 355 606 quem
381 533 410 585 et
432 522 451 585 ii
478 543 550 607 quos
572 521 730 586 Gnosticos
755 533 861 587 vocant
883 521 1020 585 adbibere
1044 523 1157 603 solent,
1189 525 1264 609 qnod
1337 595 1342 602 ,

112 621 199 690 Pauli
216 626 410 690 Anabaticum
427 636 550 704 vocantq
575 624 657 688 cuius
674 625 825 710 suppositii
843 625 940 710 operis
956 647 1057 688 narsem
1072 647 1110 689 ex
1127 648 1162 690 eo
1179 647 1267 712 cepe·

112 739 197 806 runt,
231 731 305 813 quod
325 729 473 815 apostolus
491 729 554 814 ipsc
573 738 697 792 testetur
713 749 745 792 se
763 729 793 791 in
811 727 927 790 tertium
947 749 1038 810 usque
1058 729 1265 794 conscendisse
1279 712 1417 806 abactae

112 832 240 908 coelum,
261 843 291 896 et
306 853 411 896 arcana
429 831 534 894 ibidem
549 832 665 896 audisse
681 831 784 909 verba,
805 852 879 915 quac
894 851 951 893 tion
969 829 1038 894 licet
1052 831 1159 895 bomini
1173 832 1263 917 loqui.

111 931 320 1013 ilementum,
344 935 490 1019 inquiunt,
515 955 622 999 arcana
637 935 686 998 illa
704 933 793 998 rerba
810 944 890 998 sunt.
923 931 1009 1015 Quae
1024 934 1138 1018 quidem
1155 936 1264 1016 narnia,

111 1035 208 1121 iisque
225 1037 347 1116 similia,
372 1039 413 1101 ita
428 1038 666 1122 quemadmodum
684 1035 847 1100 monuimus
865 1037 987 1114 docent3
1020 1048 1050 1100 ut
1067 1047 1097 1102 ct
1116 1038 1198 1100 malis
1216 1037 1268 1101 bo·

113 1160 215 1202 rnorem
233 1139 402 1203 habeantet
419 1140 512 1204 bunos
528 1140 692 1226 repudient.
737 1137 814 1204 Nam
832 1135 956 1204 Coirtum
975 1139 1104 1204 fortioris
1117 1141 1267 1204 cuiusdam

112 1263 181 1308 csse
200 1241 342 1322 Virtutis,
375 1253 405 1306 et
422 1243 546 1306 Abelum
565 1241 892 1306 infirmiorisseutiunt.
939 1238 1020 1324 Quas
1038 1243 1117 1328 ipsas
1135 1241 1268 1308 Virtutes

113 1367 180 1408 cum
195 1343 259 1408 Era
275 1367 452 1429 congressas
467 1356 619 1430 utrumque
633 1345 771 1430 genuisse
786 1345 829 1408 sic
841 1345 995 1422 affirmant,
1011 1357 1043 1408 ut
1056 1345 1176 1410 alterius
1188 1347 1269 1410 nue-

113 1447 161 1512 los
178 1447 234 1528 sit,
260 1444 372 1512 Cainus
389 1447 521 1512 alterius.
568 1445 647 1532 Quia
665 1448 810 1512 Adamum
829 1459 914 1532 atque
932 1445 1026 1512 Evam
1045 1449 1146 1512 iisdem
1165 1433 1182 1512 it
1200 1448 1269 1514 Vin-

114 1551 242 1630 tutibus,
275 1551 339 1615 sive
362 1550 493 1634 angelis,
526 1551 668 1634 originem
693 1551 836 1630 traxisse,
870 1571 1000 1635 quosque
1019 1563 1268 1637 gennerepostea
1338 1537 1349 1585 '¹

113 1653 244 1734 liberos,
270 1649 395 1718 Carinum
410 1654 526 1738 iuquam
545 1654 731 1734 stillulam,
752 1675 850 1718 secum
865 1654 993 1718 invicem
1007 1653 1121 1718 rixatus
1138 1675 1216 1734 esse,
1241 1663 1271 1718 et

115 1757 164 1841 qui
190 1756 302 1820 fortiori
326 1757 362 1819 ab
386 1754 503 1820 Virtute
526 1768 700 1842 propagatus
726 1758 820 1820 fuerat
844 1755 993 1822 inferioris
1013 1755 1270 1843 imbecilliorisque

113 1858 246 1924 sobolem
269 1860 424 1924 occidisse.

201 1961 283 2028 llaec
301 1963 398 2028 omnia
415 1961 631 2026 mendaciorum
651 1972 785 2047 portenta
808 1963 836 2026 in
855 1962 1003 2026 tradendis
1022 1963 1169 2049 pestiferis
1186 1963 1269 2048 igno·
1290 1971 1348 2040 Cap.
1362 1973 1406 2024 111.

115 2065 232 2128 cantiae
249 2065 485 2151 suaemysteriis
501 2066 728 2129 adsectatorum
744 2064 902 2150 perniciem
918 2076 1095 2150 aspergunt,
1118 2065 1203 2150 idque
1220 2067 1271 2130 ad·

114 2179 254 2246 monent,
286 2168 393 2231 debere
411 2167 567 2252 quemlibet
586 2168 736 2232 fortiorem
756 2167 810 2230 sibi
830 2168 969 2252 adoptare
989 2165 1154 2246 Virtutem,
1183 2181 1271 2253 atque

113 2271 154 2334 ab
177 2269 308 2334 inferiori
331 2280 361 2334 et
383 2268 564 2332 imbecilliori
587 2270 721 2347 secerni,
752 2291 787 2333 ea
806 2269 939 2335 videlicet
962 2291 1036 2354 quac
1059 2271 1218 2333 eteoclem
1242 2282 1271 2334 et

115 2392 236 2436 carnem
252 2383 282 2437 et
298 2373 433 2436 mundum
450 2370 649 2450 fabricaverit,
673 2370 774 2456 sicque
791 2373 825 2435 ad
840 2373 992 2457 superiora
1009 2393 1060 2457 per
1074 2367 1185 2438 Claristi
1201 2393 1271 2436 eao-

114 2477 179 2540 lare
197 2474 380 2560 supplicium.
428 2471 511 2538 lianc
534 2474 610 2536 etaim
635 2475 725 2538 fuisso
743 2495 877 2538 caussam
897 2476 999 2538 colunt
1014 2496 1067 2538 cur
1085 2495 1101 2538 e
1120 2475 1203 2540 coelo
1220 2476 1271 2540 de-

115 2578 217 2662 lapsas
234 2579 290 2655 sit,
324 2577 459 2640 nimirum
475 2587 506 2640 ut
524 2575 608 2640 fortis
626 2576 656 2640 in
673 2575 737 2662 ipso
754 2577 932 2662 solidiorque
949 2576 1052 2642 Virtus
1069 2579 1270 2664 perficeretur,

114 2702 153 2744 ac
171 2680 206 2745 de
224 2679 383 2746 infirmiore
401 2679 574 2764 triumphum
592 2679 719 2742 referret
736 2699 899 2764 corpusque
915 2681 1054 2745 traderet.
1100 2679 1182 2746 llaec
1200 2704 1272 2746 nou·

117 2781 189 2847 nulli
212 2803 250 2846 ex
270 2782 360 2868 ipsis,
391 2781 440 2846 alii
464 2782 613 2846 vernalia
637 2783 817 2867 praedicant.
864 2780 988 2866 Quidam
1011 2785 1088 2848 euim
1108 2781 1270 2864 Christum,

116 2886 195 2971 quod
215 2885 308 2950 malus
328 2896 406 2950 esset
427 2905 462 2948 ac
476 2884 549 2968 legis
565 2883 695 2950 instituta
712 2885 823 2950 uiolare
839 2887 976 2967 auderet,
1007 2884 1111 2950 aloda
1130 2889 1272 2973 proditum

116 2987 301 3052 existimant.
347 2984 472 3051 Cainum
486 2989 576 3066 enirn,
595 2999 627 3052 ut
643 2988 781 3067 diximus,
800 2985 957 3074 ludamque
975 3000 1171 3070 venerantum
1196 2991 1273 3054 eiras·

115 3111 175 3176 que
190 3088 234 3154 rei
250 3091 361 3174 gratia,
386 3091 536 3174 inquiunt,
560 3089 639 3156 illum
657 3093 798 3178 prodidit,
823 3095 897 3176 quod
914 3094 1062 3178 praeclaro
1077 3093 1183 3157 tradita
1198 3093 1273 3155 ariti-

116 3214 211 3278 qttare
228 3193 327 3256 vellet.
374 3192 434 3256 Alii
452 3215 524 3258 vero
540 3194 626 3258 aliter
643 3194 791 3273 sentinat,
817 3205 848 3257 ut
866 3195 980 3258 tametsi
1003 3195 1096 3258 bonus
1114 3205 1210 3270 esset,
1234 3215 1273 3257 ex

116 3295 241 3359 coelesti
258 3296 378 3380 quadam
395 3296 561 3380 cognitione
579 3297 617 3360 sit
633 3295 774 3380 proditus.
819 3294 938 3360 Norant
952 3296 1041 3374 euim,
1065 3297 1163 3376 aiurrt,
1187 3293 1273 3359 l’rin-

117 3399 217 3483 cipes,
248 3399 272 3462 si
293 3395 430 3464 Christus
446 3399 475 3463 in
494 3419 610 3464 crucem
630 3397 798 3476 tolleretur,
828 3399 956 3483 ipsorum
977 3399 1151 3462 exfraustam
1168 3398 1203 3460 iri
1223 3419 1273 3481 po·

117 3501 241 3564 tentiam
261 3522 394 3580 omnem3
419 3501 493 3586 quod
515 3522 578 3564 eum
599 3497 684 3564 ludas
703 3523 760 3564 trun
779 3501 946 3583 ignoraret,
970 3501 1127 3564 maturavit
1143 3521 1274 3565 omnem-

116 3623 177 3685 que
199 3603 322 3687 lapidem
346 3604 436 3667 movit
459 3613 490 3666 ut
509 3623 574 3664 eum
592 3599 707 3665 ludaeis
727 3603 866 3666 traderet.
913 3601 980 3685 Qua
995 3603 1024 3666 in
1042 3623 1072 3665 re
1090 3604 1208 3687 egregie
1225 3625 1272 3668 sa·

115 3707 171 3770 luti
195 3715 315 3770 nostrae
336 3705 494 3770 consuluit.
540 3703 584 3767 Ac
608 3715 761 3789 propterea
781 3704 912 3768 laudibus
932 3726 996 3768 eum
1015 3706 1197 3770 remunerari
1219 3728 1297 3792 tros!

117 3818 254 3895 oportet,
285 3809 368 3872 cuius
385 3829 473 3893 opera
491 3807 586 3871 crucis
604 3806 687 3870 nobis
703 3808 783 3871 salus
800 3817 843 3872 est
860 3807 908 3871 illa
926 3819 1109 3893 comparata,
1140 3831 1195 3874 nec
1214 3832 1272 3874 non

117 3910 293 3976 coelestiam
317 3931 413 3974 rerum
440 3912 540 3974 eadem
564 3931 603 3972 ex
623 3910 778 3974 occasione
797 3911 1008 3974 communicata
1026 3909 1166 3995 cognitio.
1213 3911 1272 3976 Sed

118 4035 187 4078 oum
205 4013 254 4076 isti
271 4011 389 4076 minime
407 4013 512 4077 bonum
532 4013 655 4096 aliquem
673 4011 837 4076 honoreac
855 4013 938 4076 laudc
956 4027 1186 4100 prosequantur,
1212 4023 1272 4078 toto

118 4115 218 4194 coelo,
242 4115 316 4200 quod
333 4114 426 4193 aiunt,
450 4115 599 4178 aberrant.
644 4113 750 4198 Neque
766 4115 919 4180 obscurum
937 4117 1004 4180 illud
1022 4127 1078 4194 est,
1103 4117 1174 4180 baec
1189 4117 1272 4201 igno·
1293 4104 1298 4113 ¹

119 4216 236 4282 rantiac
256 4219 424 4302 fraudisque
443 4218 556 4282 semina
576 4217 647 4302 ipsiu
668 4239 685 4280 a
703 4217 818 4280 diabolo
835 4239 952 4302 asperso
973 4219 1072 4282 fnisse.
1117 4215 1271 4303 inquibus

118 4321 191 4386 illud
207 4330 253 4384 cat
269 4341 286 4383 e
303 4319 447 4404 scriptura
464 4322 641 4406 perfectum:
668 4325 725 4381 Vae
740 4325 791 4401 qai
802 4324 902 4382 meunt
916 4323 1015 4382 donam
1031 4323 1147 4396 mabar,
1172 4332 1271 4384 etatu-
1283 4341 1363 4398 tutu,
1375 4343 1408 4388 tn

155 4471 181 4526 d.
199 4475 265 4524 Ltbrt
281 4475 365 4524 babent
382 4471 468 4540 pacta.
750 4471 774 4526 o.
792 4472 1043 4540 attenuatoque

155 4543 181 4594 5.
197 4536 310 4606 ἀσθενής
326 4544 419 4593 unciali
433 4545 521 4595 notecft
537 4545 654 4596 Petcofut.

175 4621 265 4681 Conna
279 4621 415 4669 Ηιοισιοοῑ.
428 4621 458 4668 tt
1029 4629 1069 4695 33
