3078 5012
335 281 470 334 rnunnu
487 281 549 332 nus.
563 281 582 333 1.
599 279 680 333 ron.
694 281 736 332 ru.
752 279 944 332 nnanxnu.
1153 269 1211 333 bol

65 415 133 476 tur,
155 406 215 464 adr·
226 405 311 483 prou
326 405 475 464 morentur.
521 399 587 484 Qun
610 421 650 466 ex
671 399 833 485 scripturae
850 399 1022 464 auctoritate
1042 400 1127 486 piane
1146 401 1214 464 iilud

63 499 268 588 intelligimus,
291 525 384 588 mano
399 502 440 567 ini
457 503 532 587 quood
550 503 666 582 cecidit,
690 503 745 566 boc
759 514 806 566 est
820 503 991 587 consepulto
1005 503 1133 586 corpori,
1157 523 1217 567 uon

65 609 196 687 animae,
220 606 467 672 resurrectionem
485 626 553 670 esse
569 606 782 670 uindicandum.
827 603 943 668 Etenim
960 607 1104 688 quomodo
1122 606 1218 670 orrimo

64 711 131 774 sobo
147 707 274 788 ueniret,
298 719 349 773 out
362 727 488 794 regnare
501 708 563 772 solo
579 717 690 794 posset,
714 729 868 793 quaecum
884 727 1006 792 corpore
1021 707 1096 791 quod
1112 708 1218 772 iustum

65 813 117 876 uel
136 812 241 874 matum
258 823 305 876 est
322 812 515 875 communiter
532 811 685 876 exercuit?
727 807 818 875 Esset
834 810 938 896 quippe
955 809 1084 874 iustitiae
1100 809 1218 874 minime

64 925 298 979 cousentaneum
321 925 350 978 et
372 912 510 978 obierum.

153 1013 231 1080 Nom
251 1015 359 1102 triplex
375 1017 444 1081 ittot
463 1013 625 1080 Marcionis
642 1012 818 1101 Principium
842 1015 1001 1079 cohaerere
1022 1037 1079 1100 quo
1102 1015 1215 1080 demum
1235 1027 1295 1096 erp.
1310 1027 1352 1081 vt.

65 1131 155 1208 pacto
171 1119 297 1205 poterit?
341 1116 400 1202 Qui
417 1129 512 1184 entem
531 1118 593 1182 beri
611 1127 723 1203 potest,
749 1118 842 1202 utqui
859 1119 951 1182 bonus
967 1118 1023 1197 sit,
1046 1117 1077 1181 iu
1093 1117 1219 1182 deterio-

64 1225 110 1288 ris
129 1223 259 1309 portibus
275 1243 347 1307 opus
365 1221 501 1286 moliatur
517 1219 623 1298 ulium,
655 1219 731 1304 quod
753 1221 927 1284 adsalutem
951 1231 981 1284 et
1001 1220 1030 1283 id
1051 1241 1144 1305 genus
1162 1221 1219 1285 aiio

65 1325 235 1412 pertineat?
279 1323 313 1389 Si
331 1325 408 1388 enim
425 1343 484 1388 nou
501 1324 592 1410 ipsius
609 1322 764 1408 peculiaris
780 1333 826 1386 est
842 1323 982 1401 muudus,
1007 1333 1037 1387 ει
1050 1323 1080 1386 iu
1096 1323 1219 1388 eundem

65 1429 227 1513 unigenam
244 1446 329 1492 ouum
346 1426 532 1490 nibilominus
547 1425 683 1504 immisit,
707 1435 739 1490 ut
758 1446 797 1489 ex
814 1426 910 1490 alieno
925 1426 1049 1505 mundo,
1074 1427 1149 1511 quod
1167 1447 1221 1491 nee

65 1538 190 1595 sereret
207 1549 261 1593 uec
281 1530 408 1608 iecerat,
432 1530 576 1608 auferret,
601 1547 722 1592 necesse
741 1539 786 1592 est
804 1529 882 1592 ilium
898 1529 946 1592 rel
963 1529 1124 1592 alienorum
1141 1527 1221 1615 cupi·

67 1633 163 1696 ditate
178 1631 224 1696 vei
240 1631 360 1716 penuria
377 1631 530 1709 laborare,
555 1641 586 1694 ut
599 1652 663 1694 cum
680 1630 805 1716 propriis
821 1642 938 1711 careat,
963 1624 992 1695 in
1010 1653 1044 1696 ea
1061 1651 1135 1717 quoe
1150 1632 1222 1696 aite-

66 1736 134 1799 rius
150 1744 231 1814 sunt,
255 1755 359 1798 manus
374 1734 520 1812 immittat,
544 1733 670 1817 quesibi
687 1753 761 1818 quae
776 1743 861 1796 antea
879 1755 935 1798 non
953 1734 1076 1798 babebat
1091 1744 1220 1819 usurpet.

68 1835 220 1904 Conditor
232 1857 320 1922 porro
333 1838 477 1920 quomodo
489 1839 568 1901 inter
580 1846 719 1920 utrosque
734 1835 882 1914 iudicabit,
906 1847 956 1900 aut
968 1857 1091 1922 quorem
1105 1837 1223 1900 omniuo

68 1961 208 2004 causeum
227 1939 418 2024 disceptabit?
462 1935 495 2004 Si
514 1939 590 2002 enirn
609 1939 643 2003 dc
659 1939 711 2018 iis,
736 1959 809 2023 quae
825 1939 854 2004 io
869 1939 996 2024 supremi
1013 1939 1091 2004 iilius
1107 1959 1223 2026 posses·

68 2045 158 2108 sione
177 2051 263 2122 suut,
293 2041 430 2105 iudicium
448 2051 606 2119 exornent,
636 2041 693 2104 erit
708 2061 844 2126 supremo
862 2041 912 2106 iiio
930 2041 1093 2128 potentior,
1125 2053 1223 2126 utpote

68 2147 119 2232 qui
144 2164 221 2230 quae
242 2145 305 2208 eius
327 2154 395 2208 suut
416 2163 500 2206 suum
519 2142 554 2206 ed
575 2142 697 2207 tribunal
717 2143 967 2229 cognitionumque
986 2145 1161 2224 transierat,
1191 2153 1225 2208 ut

70 2247 190 2333 quidem
207 2243 354 2310 Marcioni
373 2245 499 2310 ridetur.
545 2242 630 2327 Quod
647 2246 671 2308 si
690 2247 780 2310 index
795 2256 857 2324 est,
882 2245 1000 2310 omnino
1015 2249 1109 2311 iustus
1125 2245 1223 2309 itidem

70 2351 111 2414 sit
128 2359 256 2436 oportet.
302 2349 391 2433 Atqui
408 2369 447 2412 ex
465 2349 528 2434 ipso
546 2347 614 2412 iusti
631 2348 748 2411 nornine
765 2348 921 2414 bonumne
939 2349 1045 2412 iustum
1062 2350 1137 2412 idem
1156 2368 1224 2412 esse

72 2451 352 2516 demonstrabimus.
397 2449 542 2534 Quicquid
566 2449 643 2514 enim
665 2450 770 2514 iustum
794 2461 856 2529 est,
888 2450 916 2514 id
934 2451 1020 2515 etiam
1041 2462 1087 2516 est
1103 2451 1222 2515 bonum.

72 2552 125 2618 Ex
150 2575 187 2618 εο
208 2554 312 2638 qnippe
334 2553 410 2637 quod
434 2553 540 2616 bonum
562 2551 617 2630 sit,
649 2552 704 2616 boc
726 2552 827 2631 babet,
860 2562 892 2617 ut
910 2555 937 2618 ei
958 2554 1006 2638 qui
1026 2555 1100 2618 bona
1122 2553 1225 2618 iecerit

72 2657 153 2721 iuste
170 2677 206 2720 uc
223 2657 320 2742 reipsa
338 2655 444 2719 bouum
462 2654 613 2740 rependet.
659 2651 760 2736 Quare
779 2656 854 2740 quod
872 2655 979 2720 bonum
998 2667 1045 2720 est
1061 2657 1137 2721 bono
1154 2677 1224 2720 con·

73 2759 197 2822 trorium
217 2779 274 2822 nor
292 2758 365 2837 erit,
389 2756 458 2821 ittet
476 2755 607 2836 scilicet,
630 2759 706 2841 quod
723 2769 753 2820 ει
771 2758 847 2822 bono
864 2757 970 2822 bouum
989 2779 1028 2823 err
1046 2759 1156 2824 iustitia
1174 2761 1226 2822 tri·

74 2859 160 2937 bunt,
183 2871 213 2924 ει
228 2860 302 2924 molo
320 2860 432 2924 debitus
450 2881 559 2946 poenos
576 2881 611 2924 eo
626 2859 766 2945 supplicia
783 2862 953 2925 constituat.
999 2859 1137 2927 Vicissim
1153 2881 1226 2925 vero

75 2983 131 3026 uec
154 2962 204 3026 iiie
228 2962 322 3026 bouus
344 2961 401 3026 erit
421 2963 468 3047 qui
492 2983 556 3027 euro
580 2963 627 3047 qui
650 2963 744 3028 modus
766 2963 805 3026 sit
828 2964 859 3026 in
884 2965 941 3028 bne
965 2965 1102 3050 praemiis
1126 2963 1224 3041 afficit,

76 3065 133 3130 nisi
154 3065 227 3128 iorte
244 3063 417 3148 resipuerit3
449 3065 581 3149 quamuis
596 3067 682 3130 modo
698 3089 783 3149 snper
798 3070 883 3130 bonor
899 3089 934 3130 rc
950 3070 1037 3129 motos
1053 3071 1129 3130 orr'ru'
1140 3068 1225 3128 solem
1235 3083 1377 3146 urrunsa.

75 3189 158 3230 murm
166 3171 278 3251 sacret,
303 3179 387 3249 utque
402 3169 515 3230 sindrern
531 3189 611 3231 suum
629 3172 790 3250 lurgr’uturp
815 3180 933 3256 propter
949 3190 1011 3233 uam
1029 3187 1103 3254 quoe
1120 3167 1150 3231 iu
1167 3189 1227 3231 mu·

77 3269 112 3335 lis
136 3268 257 3355 perinde
278 3289 313 3332 uc
334 3269 419 3334 bonis
437 3270 568 3334 cernitur
585 3271 698 3334 urbitrii
714 3271 889 3336 libertatem.
933 3269 1040 3355 Neque
1057 3270 1133 3335 enirn
1150 3269 1226 3334 boue

80 3372 143 3436 eius
162 3391 230 3435 esse
248 3380 351 3436 natura
371 3383 484 3457 potest,
516 3373 610 3457 quiin
626 3374 837 3438 iuturusecuio
853 3373 997 3438 scelerato
1013 3373 1134 3458 cuipiam
1152 3394 1228 3437 roer-

80 3475 180 3539 cedem
204 3473 306 3538 solutis
328 3474 476 3553 conterat,
511 3495 565 3538 nee
586 3474 720 3559 quiequid
742 3476 847 3540 maium
868 3487 914 3540 est
937 3475 1032 3560 potius
1056 3486 1225 3541 execretur.

80 3575 156 3642 Nom
175 3577 277 3640 tertius
293 3575 361 3655 itte,
383 3577 431 3661 qui
449 3597 466 3640 a
483 3573 636 3641 Marcione
652 3577 768 3662 ponitur
783 3575 897 3655 Maius,
922 3578 946 3641 si
963 3578 1038 3642 mole
1055 3579 1160 3663 agendi
1177 3599 1228 3664 po·

81 3689 188 3743 testate
206 3679 354 3764 praeditus
371 3688 434 3757 est,
458 3689 544 3762 atque
562 3697 612 3742 eos
631 3679 723 3763 quiin
742 3681 847 3745 mundo
865 3689 950 3758 sunt,
979 3691 1060 3744 unte
1079 3681 1163 3744 cocio
1180 3682 1230 3744 de·

82 3781 152 3868 lapsi
169 3791 256 3860 sunt,
281 3782 390 3861 bonos,
414 3791 465 3846 aut
480 3781 655 3845 mediocrem
673 3779 783 3846 lustum
798 3803 966 3868 expugnare
981 3794 1093 3868 potest,
1118 3782 1230 3847 duobus

83 3884 201 3970 reliquis
218 3884 273 3948 diis
289 3885 346 3948 erit
362 3884 525 3970 potentior,
557 3883 660 3970 quippe
679 3883 726 3968 qui
742 3885 836 3948 abieno
851 3905 902 3970 pur
919 3884 977 3948 rim
992 3886 1085 3972 possit
1101 3886 1227 3971 eripere.

85 3983 134 4050 loti
151 4007 235 4065 vero,
258 3986 285 4050 si
300 4006 365 4050 cum
378 3986 429 4050 itto
442 3996 657 4070 comparentur,
681 3987 780 4070 ignaui
795 3997 825 4050 ει
838 3986 996 4050 imbecilles
1010 3988 1133 4052 bnbcndi
1147 3997 1227 4067 suut,

85 4089 129 4170 qui
148 4089 264 4173 quidem
283 4088 422 4153 resistere
441 4099 601 4172 nequeunt,
638 4108 748 4172 suaque
767 4088 803 4151 ub
821 4087 898 4154 illius
915 4089 963 4175 qui
981 4111 1016 4155 ou
1031 4090 1125 4176 rapiat
1139 4100 1170 4155 et
1185 4089 1230 4154 iu·

86 4189 140 4254 sita
162 4190 219 4254 sibi
241 4190 385 4274 pravitate
407 4199 590 4276 corrumpat,
613 4188 721 4254 iniuria
742 4189 901 4255 vindicare.

32 4321 33 4345 i
167 4289 280 4356 Verum
298 4301 331 4356 ut
350 4291 473 4378 improbi
495 4292 650 4357 nebulonis
670 4291 775 4358 inanes
796 4315 831 4358 uc
851 4293 989 4359 ridiculas
1005 4294 1117 4359 tobeias
1136 4291 1229 4380 magio
1248 4313 1368 4384 Capru.

33 4439 35 4502 ξ
89 4441 206 4512 ordpruoe
221 4447 258 4514 ed.
271 4449 350 4528 punc..
380 4449 416 4497 no
430 4444 521 4526 χλεύην
534 4441 641 4514 doioru-
710 4437 836 4531 baireio
854 4442 1017 4502 turbamini
1033 4451 1084 4501 cod.
1100 4449 1172 4501 Vetto.

34 4525 37 4562 t
90 4513 144 4566 uber
160 4515 308 4578 Eprtpbontur
324 4515 385 4564 drudt
401 4516 464 4567 boor.
475 4514 518 4579 bb,
535 4515 576 4570 bd.
708 4513 733 4570 4.
749 4517 820 4586 αυτῷ
837 4519 887 4568 oud.
904 4519 975 4570 Vottc.

136 4595 225 4653 Corpus
238 4593 372 4642 Hermonel.
386 4593 416 4640 n.
989 4605 1030 4674 36
