3096 4988
328 293 462 364 rabserr
481 313 576 365 mur.
593 313 718 366 nomn.
736 313 937 365 mccxxx.
1145 299 1207 365 269

72 429 132 492 dunt
148 437 180 492 et
193 449 211 494 a
226 429 385 514 gentilibus
402 431 555 497 οιίιιιιιὶιιιιν
572 451 652 509 esse,
675 431 823 496 cniusdam
839 431 996 496 occasions
1011 432 1081 512 loci,
1104 430 1134 495 io
1153 451 1211 516 apro

72 529 124 614 ipse
140 531 217 615 quod
235 553 286 596 res
310 544 376 597 eret
399 535 527 618 ingenue
545 532 692 619 proponit.
740 539 902 610 Tarsensis,
927 533 1037 618 inquit,
1059 555 1113 614 ego
1131 555 1205 608 sum,

72 655 113 694 aec
127 635 205 695 urlr's
221 636 358 698 obscurae
372 641 451 698 mort.
498 635 549 700 Ex
565 657 622 721 quo
638 637 775 720 gentilem
790 635 882 700 luisse
900 636 1055 716 colligunt,
1080 645 1347 704 eternoacum·

73 755 119 816 que
136 747 256 819 percute
273 737 373 820 gentili
395 750 599 822 procreatum,
622 759 746 822 cumque
764 737 999 822 llierosclymsm
1021 737 1209 816 accessisset,

71 836 216 900 etibidem
235 837 410 922 aliquamdiu
434 841 608 918 mansisset,
640 839 786 925 pontificis
814 839 902 902 liliam
926 842 1034 902 ducere
1055 837 1205 902 claruisse.

73 933 160 1019 Quare
178 939 358 1025 proselytum
375 961 408 1006 sc
425 942 549 1021 iecisse,
572 961 608 1006 ae
627 940 880 1006 circumcisionem
898 961 1068 1025 usurpasse.
1099 938 1209 1004 Postea

73 1043 135 1122 qnod
153 1040 193 1104 nh
210 1062 247 1104 eo
268 1043 405 1127 coniugio
420 1044 598 1120 excidisset,
621 1044 727 1108 iratum
746 1044 889 1108 adversus
906 1041 1159 1106 circumsisionem
1180 1050 1210 1104 et

72 1140 228 1219 sabbarum,
252 1144 404 1228 legemque
424 1147 592 1231 scripsisse.

142 1223 204 1291 Sed
226 1239 355 1313 spectem
379 1231 551 1296 columniam
573 1232 662 1296 struit
686 1231 807 1296 callidus
831 1230 880 1294 ille
902 1249 1026 1316 serpens
1048 1227 1361 1312 animoquccavau.

72 1327 222 1394 mendices.
263 1327 361 1394 libion
374 1333 479 1418 qnippe
496 1331 643 1398 Hebraico
656 1355 718 1400 ccx
736 1331 853 1398 Graeca
867 1333 967 1416 lingna
982 1331 1144 1396 mendicum
1159 1351 1208 1394 so-

72 1438 122 1490 net.
163 1427 223 1495 Est
240 1443 337 1497 autem
362 1433 528 1500 haereticus
551 1436 607 1498 isle
629 1455 737 1501 revera
753 1446 868 1515 mente,
891 1457 944 1520 ape
963 1434 1105 1517 lactisque
1125 1453 1208 1496 merr-

72 1527 155 1611 dicns,
180 1543 280 1618 utpote
296 1535 347 1619 qui
365 1534 515 1602 Christum
534 1559 644 1602 merum
661 1557 729 1602 esse
749 1538 894 1602 bominem
913 1536 1078 1614 existimet,
1102 1533 1133 1598 in
1156 1555 1207 1598 eo·

73 1651 117 1712 pne
131 1655 212 1718 spem
231 1657 296 1700 cnm
312 1638 434 1722 quadam
454 1639 520 1704 idei
535 1639 722 1704 mendicitate
739 1639 874 1704 collocet.
914 1639 1034 1703 Arcuim
1051 1637 1101 1702 isti
1118 1637 1153 1701 de
1171 1657 1208 1700 en

71 1751 98 1794 rc
115 1734 294 1818 gloriantur,
324 1760 415 1824 seque
439 1741 588 1806 mendicos
606 1742 792 1827 praedicent,
822 1740 898 1826 quod
920 1741 1137 1825 apostolorum,
1160 1737 1206 1802 in·
1219 1751 1268 1794 act.
1282 1750 1345 1805 est.

73 1835 170 1918 qainnt,
195 1849 326 1925 ternpore
341 1863 404 1907 mos
420 1856 501 1908 esset
519 1845 595 1908 bona
610 1865 664 1909 sua
682 1844 857 1922 distrahere,
883 1854 913 1906 et
930 1842 1098 1907 editionum
1116 1841 1206 1926 pedes

72 1935 200 2005 abiicere.
245 1939 348 2027 ltaque
375 1965 409 2009 se
430 1946 546 2012 illorum
570 1948 706 2032 exemplo
728 1946 764 2009 ad
790 1945 1005 2010 mendicitatem
1028 1944 1140 2028 redigi,
1171 1962 1207 2005 ec

72 2035 142 2104 bonis
156 2043 293 2108 omnibus
307 2045 458 2125 abdicare,
481 2049 659 2134 proindeque
676 2047 784 2134 passim
800 2048 948 2112 mendicos
964 2045 1114 2132 appellari.
1145 2039 1206 2108 Sed

73 2136 116 2204 hoc
130 2142 165 2207 ab
189 2144 250 2210 illis
271 2167 312 2210 cx
336 2148 455 2232 iugenio
477 2151 633 2215 conlictnm
659 2162 716 2214 est.
761 2147 839 2214 Nem
853 2148 961 2214 Ebioni
980 2152 1128 2236 proprium
1150 2147 1206 2210 boc

73 2253 263 2326 cernentes,
286 2271 346 2314 non
361 2253 426 2317 sine
442 2253 582 2318 vaticinio
598 2265 696 2318 tames
713 2253 822 2338 aliquo,
846 2274 903 2337 qno
921 2253 1072 2316 mendicus
1088 2253 1206 2318 ioielirr·

72 2363 115 2422 νιν
137 2348 201 2414 iore
222 2350 454 2434 significaretur,
486 2377 551 2420 cnm
573 2377 592 2418 a
616 2356 784 2440 perentibus
814 2356 843 2418 id
874 2353 999 2418 nominis
1029 2354 1203 2440 accepisset.

73 2440 152 2524 linem
167 2471 243 2516 vcro
260 2453 316 2517 alia
334 2455 423 2520 multa
441 2468 472 2520 et
488 2478 641 2542 perperam
656 2459 793 2522 ah'eotuta
817 2468 847 2522 et
867 2457 1012 2521 scelerata
1035 2479 1069 2522 ac
1092 2456 1206 2521 nelarie

72 2563 157 2614 turum
172 2553 310 2620 institute
325 2560 486 2641 geruntur!
531 2557 657 2642 Quoties
677 2562 753 2624 enim
770 2560 875 2644 aliquis
893 2560 1006 2623 ilicrnnr
1024 2559 1054 2624 in
1072 2559 1204 2624 morbum

72 2644 174 2734 incidit,
199 2667 253 2720 ant
272 2679 290 2721 a
308 2671 446 2745 serpente
463 2683 579 2725 morsus
595 2655 657 2740 est,
681 2663 717 2726 nd
733 2683 823 2746 aquas
839 2662 1001 2727 descendit.
1045 2659 1089 2726 lbi
1106 2662 1206 2746 eppei·

71 2745 180 2820 ledones
200 2779 322 2840 omnes,
346 2783 419 2846 quoe
437 2761 526 2828 Elxsi
541 2763 713 2849 complexus
732 2776 794 2843 est,
816 2765 953 2843 invocat,
976 2763 1052 2829 oceli
1068 2763 1205 2829 videlicet

71 2869 98 2914 ac
110 2865 223 2940 terrae,
246 2861 317 2926 salis
333 2873 365 2926 ct
379 2885 490 2950 nqueo,
514 2876 668 2932 rectorum
684 2875 715 2930 ct
727 2867 910 2948 angelornm,
932 2878 965 2931 nt
980 2876 1099 2944 vocant,
1122 2866 1205 2930 iusti·

71 2951 133 3035 litt,
162 2961 249 3046 panis
276 2965 346 3028 item
374 2977 404 3028 et
429 2968 499 3032 clei.
554 2965 669 3032 Deinde
691 2969 812 3033 solenne
838 2969 894 3034 boc
918 2989 1035 3034 carmen
1058 2968 1202 3053 concipit:

70 3060 161 3122 Adeste
175 3069 256 3142 ma'hl,
280 3079 311 3129 et
322 3071 397 3130 hunc
412 3090 430 3131 c
445 3091 489 3132 mc
502 3074 625 3134 dolorem
640 3074 778 3152 depellite.
825 3069 885 3134 lam
903 3072 958 3136 hoc
971 3083 1056 3136 entes
1073 3071 1205 3134 declara-

70 3160 165 3249 u'nns,
189 3169 290 3233 omnia
305 3169 377 3236 haec
393 3168 536 3235 libionem
555 3171 715 3251 nesciisse,
740 3173 860 3257 eiusque
878 3173 1036 3258 discipulos
1056 3173 1204 3256 eliquanto

71 3278 122 3344 post
136 3291 202 3334 cnm
213 3269 523 3356 Elsaicnaiescentes
539 3274 575 3337 nb
590 3273 704 3338 bibione
721 3274 971 3339 circumcisionem
988 3296 1023 3339 sc
1038 3276 1201 3352 sabbatum,

70 3376 185 3463 uimque
205 3378 282 3443 ritus
298 3376 466 3462 accepisse,
490 3376 526 3440 ab
542 3373 629 3440 [ilsai
645 3395 717 3439 rero
734 3377 877 3440 somnium
894 3377 983 3454 illnd,
1006 3387 1038 3441 nt
1054 3373 1203 3444 Christum

70 3475 175 3545 lormem
195 3500 266 3544 esse
286 3481 428 3563 quendem
447 3477 590 3542 humanae
608 3478 749 3556 similem,
773 3498 868 3561 neque
888 3477 1052 3542 bominibus
1071 3487 1204 3563 nspecta-

70 3575 138 3644 bilcm
156 3603 228 3647 esse
252 3581 414 3666 lingerent,
444 3580 624 3664 longitudine
643 3580 751 3644 milinm
768 3573 891 3660 XCVl,
923 3579 971 3664 qni
993 3592 1062 3645 sunt
1083 3578 1203 3644 schoeni

70 3694 178 3761 pnstnor
195 3695 227 3748 et
242 3682 358 3767 viginti,
376 3681 528 3746 latitudine
543 3682 736 3746 schoenornm
753 3679 809 3759 Vl,
827 3681 882 3746 hoc
895 3691 942 3744 est
954 3679 1063 3744 milium
1078 3678 1201 3760 xxiv,

70 3785 243 3850 tussitndioi
258 3785 383 3869 deniqne
400 3784 485 3848 alium
506 3803 671 3847 mensurum
689 3783 860 3848 attribuunt.
903 3779 1000 3868 Prope
1018 3782 1110 3868 ipsum
1130 3803 1203 3848 vero

70 3893 132 3950 sure
148 3887 286 3974 spiritum
301 3897 433 3950 sonetum
452 3885 583 3950 muliebri
599 3886 708 3970 tignra,
732 3885 773 3948 ita
792 3894 888 3948 tamem
909 3893 941 3948 ut
953 3883 1045 3949 videri
1063 3897 1201 3969 nequeat,

71 3983 247 4076 eiusdemque
269 4009 337 4054 esse
353 4007 521 4052 mensurae.
564 3985 666 4070 llogcs
685 3989 763 4050 uode
784 4005 834 4048 cas
849 4005 1002 4050 mensuras
1021 3987 1201 4072 acceperint.

71 4081 273 4171 inconcus,
303 4090 455 4176 inquiunt,
480 4088 650 4152 observatas
669 4087 826 4166 hebemus,
857 4107 979 4172 quornm
1001 4087 1037 4151 ad
1061 4089 1202 4152 verticem

72 4185 167 4258 ilerum
185 4194 282 4278 cupita
298 4191 513 4278 pertingebant,
532 4209 623 4275 qnare
636 4189 774 4252 montium
791 4189 970 4252 altitudinem
986 4185 1204 4253 dimensiChri-

22 4363 23 4376 ,
72 4291 145 4358 ilinc
165 4295 264 4360 scocti
282 4295 401 4381 spiritus
420 4291 646 4378 magnitudinem
670 4290 874 4374 comperimus.
922 4287 1032 4353 Verum
1050 4290 1086 4352 de
1105 4287 1150 4352 his
1171 4287 1202 4353 in

97 4442 301 4500 crr.xv11.-
329 4447 351 4498 l.
370 4444 445 4513 ἔγνων
461 4448 613 4497 caddl'otlo.
645 4447 767 4495 ostrum:
784 4445 816 4494 Et
832 4442 896 4494 unde
914 4440 1055 4509 acceperint
1073 4457 1113 4492 ess
1129 4457 1202 4492 rnen-

72 4508 150 4578 timp.
174 4518 204 4568 lrs
219 4516 381 4579 somme-cat
393 4505 482 4581 ἔγνων.
508 4515 613 4566 Ceterum
646 4527 715 4564 sores
730 4509 800 4562 dicit.
