3096 4988
268 305 330 368 202
693 313 813 366 εκυοει
832 315 1002 366 τειτκιυιι

267 435 408 514 λεσθῆναι
422 429 475 496 τόν
489 427 574 496 οἶκον
587 432 702 514 κυρίον.
746 429 807 494 Καί
823 429 919 506 οίτιως
932 429 1075 514 λαμβάνει
1089 429 1125 497 τό
1142 433 1224 516 ὕδωρ
1241 433 1273 498 έν
1285 436 1321 522 τῇ
1336 435 1420 516 χειρί,

266 536 320 600 καί
333 537 427 618 βαίνει
441 530 552 620 ἑκάστῳ
568 528 722 616 θφόρνακι
738 533 771 597 έτ
786 538 840 598 τοῦ
854 531 971 609 ὕδατος.
1004 535 1065 598 Καί
1079 531 1213 599 άνελόετο
1227 535 1280 617 μέν
1294 531 1330 598 τό
1345 533 1421 619 φάρ-

270 660 359 719 μακα,
381 633 414 701 τό
427 642 487 720 πθρ
501 635 532 699 δὲ
547 631 676 699 ἐνάπιον
688 632 808 699 πάντων
820 631 1038 718 άνεβλόοτανεν.
1084 639 1125 700 Ol
1137 635 1169 700 δέ
1182 633 1327 717 παρόντες
1341 635 1420 718 ὄχλοι

270 737 495 824 κραυγάοαντες,
512 733 569 811 Εἷς
581 733 653 812 θεός
664 732 683 800 ό
695 739 820 818 βοηθοῦν
829 744 891 811 τοῖς
903 743 1102 823 Χριστιανοῖς,
1116 735 1312 821 άνεχάρησαν.
1340 743 1421 802 Πολ-

270 839 354 915 λάκις
367 840 399 904 δέ
414 835 586 903 κακούντων
599 835 651 902 τόν
665 834 758 922 άνδρα
776 839 910 915 ἐκείνων,
933 841 975 915 τίς
989 837 1112 923 ὕστερον
1127 841 1216 923 μέρος
1230 863 1260 904 τι
1275 847 1329 905 τοῦ
1344 845 1421 904 ναοῦ

270 944 303 1006 ἐν
319 937 468 1026 Τιβεριάδι
489 937 704 1022 οἰκοδομήσας,
733 941 785 1003 καλ
805 937 914 1024 μικράν
932 941 1085 1023 ἐκκλησίαν
1102 938 1293 1020 άποττλέσας,
1323 939 1421 1016 οίίτως

270 1045 386 1109 ἐκεῖθεν
397 1039 592 1126 ἀνεχώρησεν,
614 1043 647 1105 έν
660 1039 850 1107 Σκυθοπόλει
865 1039 897 1106 δέ
911 1039 1008 1106 ἐλθόν
1021 1043 1194 1125 κατέμεινεν.
1235 1040 1286 1106 Ἐν
1300 1051 1421 1108 Διοκαι-

271 1149 373 1233 σαρείγ
390 1145 437 1223 δέ,
466 1145 518 1208 καὶ
535 1141 634 1219 άλλαις
647 1145 706 1207 τισί
718 1148 832 1218 τελείως
849 1139 1030 1230 ρόκοδόμησε.
1077 1150 1176 1208 Ταῦτα
1192 1145 1223 1210 δέ
1239 1145 1420 1230 πραχθέντα,

270 1247 321 1310 καί
338 1244 469 1312 ἐνταῦθά
483 1270 535 1326 μοι
548 1245 767 1326 ἐπιμνησθέντα
783 1247 881 1310 ένεκεν
895 1249 948 1328 τῆς
964 1251 1023 1310 τῶν
1040 1248 1150 1328 βίβλων
1166 1247 1335 1332 ἑρμηνείας,
1355 1253 1422 1323 πῶς

225 1375 231 1386 ’
271 1344 330 1414 άπδ
343 1345 511 1430 Ἑλληνίδος
524 1345 557 1411 τό
570 1343 645 1412 κατά
658 1343 797 1429 Ἰωάννην
810 1344 975 1432 εόαγγέλιον
990 1349 1033 1423 είς
1045 1344 1187 1432 Ἑβραίδα
1202 1349 1346 1431 μετέπεσε,
1368 1350 1420 1415 καί

270 1452 305 1515 αί
320 1447 448 1535 Πράξεις
462 1455 523 1514 τόν
536 1445 738 1527 Ἀποστόλων,
766 1449 822 1523 ίως
840 1439 897 1514 άδε
911 1445 947 1512 τά
963 1455 1017 1532 τῆς
1034 1453 1164 1534 ἱστορίας
1179 1451 1229 1515 καί
1245 1447 1422 1536 δωηγησεως

270 1551 366 1634 ἐχέτω.

120 1667 187 1735 Καρ.
212 1666 253 1736 ιγ.
354 1649 508 1733 Ἐπάνειμι
520 1651 552 1716 δέ
568 1648 622 1732 την
636 1648 711 1716 κατά
724 1647 863 1734 Ἐβίωνος
878 1649 1055 1733 ποιούμενος
1068 1649 1258 1719 άκολουθίαν.
1291 1651 1351 1717 Διό
1365 1651 1421 1738 γάρ

270 1753 304 1820 τό
319 1751 395 1820 κατά
412 1759 577 1818 Ματθαῖον
592 1750 758 1839 εὐαγγέλιον
774 1751 889 1838 προῖάν
913 1751 932 1820 ό
951 1753 1037 1838 λόγος
1057 1751 1121 1837 τὴν
1134 1752 1319 1820 ἀκολουθίαν
1343 1763 1422 1839 ιτῆς

272 1859 315 1933 είς
327 1853 407 1940 ἡμᾶς
421 1853 567 1937 ίλθοιίσης
582 1854 714 1940 γνόοεως
729 1855 922 1940 παραθέσθαι
940 1853 1111 1942 ἠνάγκασεν.
1139 1854 1190 1920 Ἐν
1205 1863 1245 1945 τῷ
1261 1862 1336 1942 γοῦν
1350 1855 1420 1942 παρ’

272 1955 374 2033 αὐτοῖς
387 1954 542 2046 εὐαγγελίῳ
559 1955 635 2021 κατά
653 1963 819 2022 Ματθαῖον
835 1954 1055 2046 ὀνομαζομένῳ,
1086 1955 1140 2041 οιίγ
1165 1957 1247 2043 Ωίίλρε
1265 1959 1297 2023 δέ
1314 1966 1420 2045 πληρε-

272 2058 383 2150 στάτη),
406 2055 477 2124 άλλά
496 2060 700 2148 νευοθεομένρο
722 2061 775 2124 καλ
790 2056 1055 2147 ἤκρωτηριαομίνρ
1077 2057 1253 2146 (Ἑβραϊκόν
1276 2061 1309 2126 δέ
1329 2069 1418 2128 τοῦτο

272 2166 438 2248 καλοῦσιν),
469 2161 640 2246 ἐμφέρεται,
669 2159 730 2238 ότι,
758 2158 888 2245 Ἑγέυετό
912 2185 957 2236 τις
978 2159 1053 2247 άνάρ
1077 2159 1201 2243 όνόματι
1218 2160 1349 2246 Ἰησοῦς,
1370 2166 1422 2228 καὶ

271 2259 361 2338 αάτός
372 2260 413 2338 τός
428 2263 502 2328 ἐτοῖν
519 2260 686 2347 τριάκοντα,
707 2261 742 2338 δς
758 2263 901 2340 ἐξελέξατο
916 2259 1002 2345 ἡμᾶς.
1048 2265 1109 2328 Καί
1127 2262 1225 2328 ἐλθόν
1238 2267 1280 2340 είς
1294 2271 1418 2350 Καφαρ-

270 2364 367 2447 ναοόμ
383 2367 516 2449 είςῆλθεν
529 2366 571 2440 είς
585 2361 638 2447 τίγν
657 2365 754 2430 οίκίαν
772 2367 909 2445 Σίμωνος
922 2371 976 2430 τοῦ
995 2367 1203 2448 ἐπικληθέντος
1219 2369 1347 2451 Πέτρου,
1369 2369 1420 2432 καί

270 2463 389 2544 άνοίζας
409 2465 442 2531 τό
458 2465 552 2549 στόμα
572 2463 664 2530 αάτοῠ
682 2462 761 2544 είπε,
791 2463 1018 2551 Παρεργόμενος
1040 2463 1122 2552 παρά
1141 2465 1196 2550 την
1211 2471 1315 2551 λίμνην
1337 2473 1418 2552 Τιβε-

271 2567 374 2650 ριάδος
391 2565 560 2650 ἐξελεξάμην
571 2564 710 2649 Ἰωάννην
728 2569 778 2633 καί
793 2565 933 2650 Ἰάκωβον
946 2565 1032 2645 υίοάς
1051 2571 1214 2651 Ζεβεδαίου
1220 2619 1229 2650 ,
1251 2572 1304 2635 καί
1321 2575 1420 2655 Σίμω-

272 2695 325 2746 να,
354 2671 404 2734 καλ
427 2666 583 2755 Ἀνδρέαν,
611 2671 661 2733 καί
683 2671 849 2748 Θαδδαῖον,
879 2670 930 2734 καλ
952 2675 1076 2752 Σίμωνα
1102 2670 1154 2736 τόν
1182 2669 1340 2755 Ζηλωτὴν,
1368 2675 1421 2738 καλ

271 2768 385 2835 Ἰούδαν
398 2768 451 2836 τόν
467 2767 669 2855 Ἰσοκράτην,
689 2772 742 2834 καλ
754 2771 795 2846 σέ,
816 2769 868 2837 τόν
882 2779 1064 2852 Ματθαῖον,
1087 2771 1285 2855 καθεζόμενον
1301 2773 1353 2840 ἐπὶ
1366 2781 1422 2840 τοῦ

269 2875 412 2938 τελωνίαν
429 2870 564 2950 ἐκάλεσα,
585 2871 634 2936 καί
650 2869 858 2954 ηκολοάθησάς
881 2899 941 2955 μοι.
983 2870 1079 2956 ’Τμᾶς
1101 2867 1157 2939 οὖν
1178 2874 1324 2958 βούλομαι
1345 2873 1420 2942 είναι

272 2972 398 3040 δεκαδύο
421 2971 622 3051 άποστόλοος,
645 2974 685 3048 είς
700 2971 860 3058 μαρτύριον
877 2982 931 3040 τοῦ
947 2972 1070 3060 Ἰσραήλ.
1114 2979 1175 3042 Καί
1196 2978 1307 3062 ἐγίνετο
1322 2975 1419 3044 Ἰωάκ-

272 3099 325 3158 νης
342 3079 498 3157 βαπτίζων,
519 3076 570 3140 καλ
586 3077 711 3157 ἐξῆλθον
728 3072 805 3157 πρός
820 3073 912 3141 αὐτόν
930 3083 1099 3163 Φαρισαῖοι,
1120 3079 1172 3144 καλ
1186 3079 1418 3161 ἐβαπτίσθησαν,

148 3213 199 3258 μς.
213 3201 257 3246 ιτα
272 3178 326 3242 καί
341 3183 422 3242 πᾶσα
435 3173 628 3261 Ἱεροσόλυμα.
673 3178 734 3240 Καὶ
754 3171 828 3260 εἶχεν
847 3174 866 3244 ό
884 3176 1027 3262 Ἰωάννης
1038 3181 1151 3261 ἔνδυμα
1166 3177 1226 3245 άπδ
1242 3188 1347 3266 τριγάν
1365 3207 1421 3247 κα-

273 3279 382 3363 μήλου,
410 3281 460 3345 καί
479 3276 574 3362 ζάνην
588 3281 762 3364 δερματίνην
783 3281 851 3363 περί
871 3277 925 3364 τὴν
942 3277 1040 3361 όοφῦν
1059 3279 1168 3361 αὖτοῦ,
1197 3285 1249 3348 καλ
1264 3281 1297 3348 τό
1313 3287 1421 3368 βρῶμα

249 3379 383 3461 .αάτοῦ,
402 3383 494 3464 φησί,
521 3382 584 3463 μέλι
604 3377 720 3466 άγριον,
750 3373 788 3446 οὗ
812 3377 832 3464 ἦ
849 3387 947 3466 γεῦσις
963 3374 1000 3465 ἦν
1017 3390 1071 3450 τοῦ
1089 3383 1201 3468 μάννα,
1232 3382 1274 3461 τίς
1298 3387 1422 3470 1ἐγιιρλς

273 3485 305 3548 ἐν
319 3485 417 3572 ἐλαίῳ·
438 3483 489 3548 ’ίνα
506 3487 601 3564 δῆθεν
617 3484 837 3568 μεταστρέψωσι
851 3481 903 3549 τόν
916 3489 969 3568 τῆς
986 3482 1126 3567 άληθείας
1140 3484 1227 3572 λόγον
1240 3490 1281 3563 είς
1293 3489 1422 3568 ψεῦδος,

235 3616 239 3622 ·
271 3587 323 3648 καί
338 3583 404 3650 άντί
417 3582 562 3670 Ἀκρίδων
578 3584 740 3670 ποιήσωσιν
749 3583 903 3670 Ἐγκρίδας
918 3587 949 3651 έν
965 3587 1065 3669 μέλιτι
1094 3585 1176 3654 ‘Hm
1192 3585 1267 3671 άρχή
1282 3595 1337 3654 τοῦ
1351 3587 1422 3675 παρ’

273 3681 375 3762 αάτοῖς
391 3685 558 3772 εὐαγγελίου
575 3689 630 3769 έχει
645 3685 708 3766 ότι,
734 3683 864 3774 Ἕηένειο
882 3690 915 3754 ἐν
931 3698 996 3765 ταῖς
1011 3686 1135 3773 ἡμέραις
1148 3687 1282 3775 Ἡράδου
1296 3697 1352 3758 τοῦ
1365 3693 1422 3774 βα-

272 3789 373 3864 σιλέως
387 3793 439 3870 τῆς
449 3785 609 3869 Ἰουδαίας,
630 3781 723 3872 ἦλθεν
735 3785 878 3873 Ἰωάννης
891 3795 1038 3874 βαπτίζων
1051 3791 1203 3875 βάπτισμα
1217 3795 1374 3874 μετανοίας
1386 3794 1422 3860 ἐν

272 3895 314 3977 τῷ
331 3885 469 3977 Ἰορδάνη
485 3897 624 3978 ποταμῷ,
654 3889 689 3967 δς
707 3891 816 3976 έλὲγιτο
834 3889 910 3959 είναι
929 3895 963 3959 ἐκ
981 3895 1085 3978 γένους
1101 3893 1215 3979 Ἀαριόυ
1234 3901 1290 3960 τοῦ
1307 3895 1421 3980 ἱερέως,

273 3997 346 4066 παῖς
362 3995 510 4072 Ζαχαρίου
526 3993 577 4056 καί
589 3988 753 4076 Ἐλιαόβετ,
775 3995 825 4058 καί
842 3993 996 4078 ἐξήρχοντο
1010 3995 1086 4081 πρός
1102 3994 1193 4062 αάτόν
1207 3995 1324 4074 πάντες.
1356 3997 1420 4062 Καί

273 4090 344 4174 μετά
357 4089 390 4157 τό
407 4092 500 4156 είπεῖν
514 4093 605 4158 πολλοὶ
623 4095 755 4178 ἐπιφέρει
771 4093 834 4173 ὅτι,
868 4103 928 4162 M
947 4105 1023 4164 λαοῦ
1038 4097 1250 4181 βαπτισθέντος
1270 4092 1347 4183 ἦλθε
1366 4100 1420 4165 καί

272 4191 405 4274 Ἰησοῦς,
415 4195 476 4258 καί
492 4195 658 4278 ἐβαπτίσθη
675 4193 735 4262 άπό
750 4203 803 4262 τοῦ
819 4194 973 4263 Ἰωάννου.
1011 4199 1072 4264 Καί
1089 4197 1130 4276 άς
1144 4196 1273 4284 άνῆλθεν
1288 4198 1348 4280 όπό
1363 4208 1419 4267 τοῦ

274 4291 396 4374 ὕδατος,
416 4293 576 4382 ἠνοίγησαν
593 4299 624 4362 οδ
636 4295 770 4382 ου’ριινοί,
791 4300 843 4364 καὶ
861 4295 920 4364 εἶδε
932 4299 967 4364 τό
982 4308 1098 4383 πνεῦμα
1117 4307 1197 4366 *τοῦ
1210 4310 1288 4368 θεοῦ
1301 4305 1333 4368 ἐν
1348 4306 1420 4370 είδιι

308 4452 331 4501 5.
348 4451 469 4516 ρούρνακι
484 4455 534 4502 cod.
550 4453 646 4515 Ηλαίίρ.
861 4461 929 4506 τοίω·
943 4459 969 4506 τίι
984 4460 1020 4508 ιιλ
1028 4461 1120 4522 mv„
1134 4427 1244 4510 τριτταί
1257 4472 1287 4510 ιτ
1299 4459 1351 4510 ενδ.
1360 4459 1420 4510 λλιο-

308 4517 367 4569 θιε.
381 4519 452 4569 ΧΙΙΙ.
475 4548 507 4558 -
541 4521 564 4571 ί.
582 4521 643 4584 τῆς,
661 4521 724 4583 quoa
737 4523 828 4572 ιλτείδι·
861 4525 910 4587 δίς.
926 4529 950 4574 τί
964 4527 1018 4576 edu.
1034 4529 1109 4588 μήτε.
