3106 4990
314 217 375 279 532
717 229 856 280 -SANch
876 228 1045 281 EPn’HANn

312 345 461 430 στροφήν,
493 343 610 423 ἀνοίξας
627 344 660 410 τό
679 343 773 426 στόμα
789 344 865 410 κατά
881 353 933 412 τοῦ
950 349 1029 412 ίδίου
1046 344 1193 412 δεσπότου
1210 343 1264 429 τήν
1281 351 1482 430 βλασφημίαν

313 450 448 530 έξήμεσε,
469 458 532 524 τοῖς
549 446 724 533 ἀνθρώποις
740 445 887 514 ὑπόνοιαν
903 448 1054 532 ἐμβαλόν,
1078 445 1233 534 ἀρνεῖσθαι
1251 451 1305 533 μὲν
1320 449 1373 515 τόν
1392 449 1482 530 ὄντα,

312 549 365 616 τόν
381 551 413 616 δέ
427 549 467 636 μή
480 549 551 616 όντα
565 559 666 634 ζητεῖν.
714 551 819 628 Οὕτως
831 557 932 617 τοίνυν
945 554 996 616 καί
1009 544 1093 618 οὗτοι
1108 554 1269 638 ἐλέγχονται
1283 552 1359 618 κατά
1373 553 1483 618 πάντα

311 653 424 738 τρόπον
444 650 636 736 ἠπατημένοι.
679 651 712 718 Ὁ
733 652 789 740 γάρ
805 652 878 736 Σήθ
894 657 1035 738 τέθνηκε,
1065 658 1116 720 καί
1132 654 1169 720 τό
1185 658 1236 738 έτη
1254 653 1348 722 αότοῦ
1366 654 1480 742 ἀναγέ·

311 783 445 842 γραπται.
491 755 610 832 Βιοόσας
623 755 678 843 γάρ
694 759 744 839 έτη
761 755 917 823 ἐννακόσια
933 755 1060 822 δεκαδύο
1075 756 1108 823 τό
1125 755 1218 842 χρεόν
1233 755 1386 840 ἀπέδωκε,
1412 785 1480 845 γεν-

310 857 403 942 νήσας
415 858 502 936 υίούς
518 862 569 926 καί
584 862 766 946 θυγατέρας,
790 859 831 935 τός
845 881 936 943 φησιν
951 857 972 944 ή
985 864 1057 925 θεία
1071 859 1180 946 γραφή.
1226 859 1311 926 Κατά
1327 862 1482 946 διαδοχήν

191 993 241 1038 ρας.
253 980 299 1024 τσο.
313 963 345 1028 δέ
364 960 383 1028 ό
400 961 507 1029 τούτου
525 972 609 1042 παῖς,
622 977 626 985 ’
638 960 730 1039 Ἐνοός
752 963 783 1028 δὲ
800 955 838 1044 ἦν
854 962 949 1051 τούτῳ
967 961 1078 1046 ὄνομα,
1109 965 1159 1030 καί
1179 961 1269 1040 αύτός
1286 963 1403 1047 βιούσας
1426 967 1480 1046 ἔτη
1542 1051 1543 1056 ¹

311 1064 468 1132 ἐννακόσια
486 1067 586 1144 πέντε,
617 1061 761 1147 ἀπήλλαξε
779 1064 831 1132 τόν
850 1063 921 1130 καθ’
940 1063 1020 1148 ήμᾶς
1040 1071 1107 1148 βίον
1114 1116 1123 1146 ,
1151 1067 1294 1152 γεννήσας
1313 1066 1404 1144 νίούς
1424 1069 1480 1132 καί
1542 1073 1543 1078 ’

310 1171 493 1256 θυγατέρας,
516 1165 558 1245 σός
579 1171 636 1252 έχει
657 1165 677 1252 ή
699 1165 775 1251 αύτή
797 1172 900 1251 βίβλος
920 1176 972 1252 τῆς
994 1167 1141 1252 ἀληθείας.

192 1386 259 1455 Κεφ.
273 1384 297 1440 ι’.
400 1373 507 1440 Πόθεν
522 1378 623 1442 τοίνυν
639 1372 657 1440 ό
672 1373 746 1458 Σήθ
762 1372 779 1440 ό
796 1373 860 1440 τότε
876 1374 1061 1458 τελευτήσας,
1083 1367 1120 1440 ού
1132 1377 1183 1440 καί
1199 1377 1261 1441 υίολ
1277 1375 1354 1441 κατά
1372 1381 1479 1442 διαδα-

310 1476 367 1561 χήν
382 1475 543 1564 βιοόσαντες
557 1483 610 1543 τοῦ
624 1481 694 1560 βίον
709 1477 891 1557 έπαύσαντο,
914 1475 1104 1564 εύρεθήσεται
1117 1478 1221 1562 κύριος
1236 1476 1255 1544 ό
1270 1475 1331 1546 ἀπό
1347 1485 1478 1565 Μαρίας

310 1582 462 1665 γεννηθείς
484 1587 537 1664 τῆς
558 1579 775 1666 ἀειπαρθένου,
807 1578 970 1664 εὐδοκήσας
993 1583 1042 1646 έπί
1063 1588 1123 1672 ζωή
1147 1589 1208 1646 ταῖν
1230 1579 1425 1667 ἀνθρώπων,
1458 1578 1478 1646 ό

310 1685 465 1768 γεννηθείς
481 1681 628 1769 ἀγρόνως,
651 1682 668 1748 ό
684 1681 726 1749 τόν
739 1683 815 1770 πρός
830 1682 883 1750 τόν
897 1685 1008 1769 πατέρα
1022 1681 1084 1764 ἀεί,
1106 1683 1305 1762 ένυπόστατος
1317 1683 1397 1761 θεός
1410 1683 1476 1750 Ad-

310 1811 379 1871 γος,
410 1783 506 1852 έλθοόν
524 1787 556 1851 δὲ
573 1783 617 1852 ἐπ’
636 1785 787 1869 1έσχότων
802 1783 936 1872 ήμεραῖν,
966 1789 1017 1852 καί
1034 1789 1075 1862 είς
1091 1784 1198 1853 ἑαυτόν
1212 1787 1244 1852 δέ
1263 1785 1475 1868 ἀναπλασόμε-

311 1914 363 1964 νος
383 1884 444 1953 ἀπό
467 1888 579 1974 μήτρας
599 1897 784 1976 παρθενικῆς
806 1888 900 1976 σόρικα
923 1892 974 1954 ιιαί
996 1886 1098 1972 ψυχήν
1114 1888 1169 1972 τήν
1186 1887 1382 1975 ἀνθρωπείαν
1399 1893 1477 1971 ελλη-

308 1988 375 2072 φοίς
393 1988 489 2066 οὕτως
505 1991 717 2077 ένηνθροόπησε
733 1991 909 2072 τελιιότατα,
933 1991 1062 2078 κηρύξας
1077 1989 1148 2075 ήμῖν
1164 1999 1241 2076 ζωῆς
1257 1991 1293 2057 τά
1308 1993 1475 2078 μυστήρια,

311 2092 501 2176 δικαιοσύνης
515 2120 544 2159 τε
559 2093 683 2179 έργάτας
693 2094 765 2171 τούς
779 2093 872 2160 αὐτοῦ
885 2094 1023 2178 μαθητάς
1036 2094 1229 2178 καταστήσας,
1242 2097 1293 2161 καί
1306 2094 1361 2178 τήν
1377 2094 1476 2162 αύτοό

311 2199 501 2262 διδασκαλίαν
515 2195 551 2262 δι’
567 2199 674 2264 ἑαυτοῦ
686 2223 716 2263 τε
731 2199 781 2262 καί
794 2195 832 2262 δι’
845 2196 945 2264 αότοῖν
957 2197 1118 2274 παιδεύσας
1130 2196 1163 2264 τό
1177 2200 1262 2283 γένος
1275 2205 1335 2262 τῶν
1348 2195 1474 2284 ἀνθρύ-

309 2325 392 2379 πων,
416 2297 453 2366 ού
468 2299 504 2366 τά
520 2307 580 2366 τοῖν
593 2307 759 2382 Σηθιανοῖν
774 2298 987 2384 ἀποκαλύψας,
1010 2298 1079 2367 ούδέ
1095 2298 1168 2383 Σήθ
1183 2298 1289 2366 έαντόν
1303 2297 1474 2383 όνομάσας,

309 2400 350 2479 τός
364 2395 448 2469 οὗτοι
461 2408 618 2489 ληροῦντος
634 2405 684 2470 καί
703 2405 784 2492 μέθη
802 2406 858 2470 τινί
874 2404 1060 2487 συνεχόμενοι
1077 2401 1137 2470 ἀπό
1155 2410 1211 2487 τῆς
1226 2399 1368 2486 ἀληθείας
1382 2405 1473 2470 έκτιε-

307 2528 455 2584 πτωκασις

398 2811 440 2876 T&
456 2813 488 2877 δέ
501 2821 557 2880 νῦν
574 2814 726 2896 συντόμως
742 2813 834 2897 οὔσης
846 2822 900 2897 τῆς
917 2815 1070 2900 αίρέσεως,
1094 2811 1149 2880 οόκ
1166 2815 1318 2895 ένδοηθείς
1334 2813 1470 2878 έπειττεῖ·

307 2940 358 2980 ναι
373 2911 426 2980 τόν
443 2912 506 2980 κατ’
526 2914 618 3000 αὐτῆς
636 2919 767 3002 ἔλεγχον,
798 2915 948 3002 ἀρκοῦμαι
965 2927 1028 2994 τοῖς
1043 2923 1171 3002 παροῦσι
1188 2915 1297 2999 μόνοις.
1339 2910 1472 2999 Εὕτρω-

307 3043 358 3092 τος
373 3013 430 3102 γάρ
444 3014 465 3101 ή
480 3017 591 3085 τούτων
605 3017 705 3098 ἀνοια,
728 3022 777 3084 καί
794 3018 901 3101 εἀντήν
916 3021 1066 3103 δυναμένη
1082 3045 1112 3084 τε
1128 3021 1239 3104 έλέγξαι
1250 3019 1302 3084 καλ
1313 3015 1472 3101 φωρτέσετι,

308 3115 346 3185 ού
369 3117 461 3202 μόνον
480 3123 546 3207 περί
569 3129 623 3203 τῆς
642 3129 696 3187 τοῦ
717 3127 849 3208 Χριστοῦ
864 3121 982 3208 ἀγωγῆς
1000 3123 1051 3188 καί
1068 3120 1362 3203 σεσυκοφαντημένης
1375 3121 1472 3185 διδα-

307 3226 428 3299 σκαλίας
443 3231 496 3288 τοῦ
512 3223 565 3289 τόν
581 3223 654 3308 Σήθ
668 3221 758 3291 αύτόν
771 3231 895 3307 νομίζειν
911 3249 941 3290 τε
957 3226 1009 3290 καί
1022 3228 1271 3307 διαβεβαιοῦσθαι
1284 3219 1366 3300 είναι,
1387 3218 1473 3288 ἀλλά

306 3326 358 3390 καί
378 3327 420 3402 τίς
438 3324 493 3409 τήν
511 3329 579 3412 περὶ
597 3333 656 3393 ταῖν
676 3325 731 3393 δύο
748 3325 921 3413 ἀνθρώπων
937 3325 1093 3392 ἀπόθεσιν.
1137 3329 1180 3392 Et
1195 3325 1251 3412 γάρ
1266 3328 1299 3389 αί
1311 3321 1472 3406 Δανόμεις

307 3425 426 3494 ἀνωθεν
445 3428 583 3512 ἐσχήκασι
598 3428 652 3512 τήν
668 3428 776 3516 ἀρχήν,
806 3428 863 3498 ούκ
880 3429 919 3495 ἀν
937 3429 1008 3494 ἀνευ
1026 3437 1078 3512 τῆς
1096 3435 1181 3512 μιᾶς,
1210 3428 1250 3511 ἣν
1267 3425 1304 3510 δή
1321 3427 1370 3492 καί
1385 3433 1469 3512 Μη-

305 3531 375 3616 τέρα
395 3529 544 3612 φόσκονσι
565 3539 624 3598 ταῖν
646 3532 723 3598 ὅλων
744 3529 835 3612 εἶναι,
866 3531 978 3618 έγένετό
1001 3557 1030 3596 τι
1052 3534 1103 3597 καί
1119 3529 1257 3616 έπράχθη
1272 3528 1309 3595 τά
1323 3525 1380 3594 ύπδ
1396 3537 1469 3596 τῶν

307 3631 363 3696 δύο
379 3637 557 3718 πραχθέντα.
602 3632 779 3721 Εόρίσκεται
794 3633 850 3720 γάρ
869 3631 890 3719 ή
905 3640 958 3719 μία
975 3637 1055 3700 αἰτία
1070 3641 1128 3699 τοῖν
1144 3631 1201 3698 δύο
1217 3630 1385 3715 Δυνόμεων,
1408 3637 1468 3700 καὶ

305 3730 377 3798 ἀνευ
396 3733 488 3820 αὐτῆς
505 3739 595 3821 μηδὲν
613 3745 674 3802 τῶν
688 3739 852 3822 γενομένων
868 3739 1023 3823 γεγονέναι.
1069 3738 1131 3801 Καί
1149 3733 1385 3821 ἀναδραμσῦνται
1399 3735 1464 3801 πά-

305 3844 352 3902 λιν
370 3839 420 3902 έπί
435 3837 469 3905 τό
485 3837 637 3925 ὁμολογεῖν
655 3842 706 3906 ἕνα
725 3837 800 3905 εἶναι
815 3838 960 3922 δεσπότην
976 3845 1036 3904 τοῖν
1050 3837 1185 3918 πόντων,
1212 3839 1264 3902 καί
1279 3837 1467 3922 δημιονργόν

305 3943 357 4006 καί
374 3939 493 4023 κτιστήν
509 3949 569 4006 τοῖν
584 3941 674 4021 όλων,
697 3941 775 4019 όῖπαξ
793 3949 862 4024 μιᾶς
879 3944 1069 4024 δεικνυμένης
1083 3939 1183 4026 ἀρχῆς.
1225 3937 1308 4004 Ἀλλά
1326 3942 1377 4006 καί
1390 3945 1466 4025 περί

305 4041 415 4128 ταύτης
432 4049 485 4127 τῆς
503 4045 640 4128 αἱρέσεως
655 4052 745 4111 ταῦτα
762 4043 926 4129 φήσαντες,
953 4047 1004 4111 καὶ
1017 4041 1264 4126 ἀποκαλύψαντες
1278 4040 1332 4110 τόν
1349 4041 1395 4110 ίόν
1406 4051 1466 4128 τῆς

348 4301 404 4353 (λιν.
422 4305 457 4354 Χ.
475 4330 508 4342 -
534 4305 555 4353 1.
572 4304 689 4366 διετήρει·
711 4300 750 4358 ἐπ’
767 4301 881 4374 έογάτων
897 4299 1000 4373 ἡμερῶν
1021 4320 1066 4368 pro
1090 4297 1128 4356 ἐπ’
1145 4299 1253 4372 έσχότον
1276 4301 1328 4356 τῶν
1347 4299 1461 4371 ήμεροῖν.

306 4369 370 4420 Idem
385 4375 469 4422 νῖῖῖαιπ
484 4374 621 4422 sustulimus
637 4387 711 4434 τυρτα
729 4376 792 4425 haer.
809 4375 857 4438 δδ,
874 4373 899 4427 6.
