3110 4984
294 263 354 328 152
719 275 841 329 ειααιι
859 276 1031 329 εειευιαυ

291 394 413 476 μυρίων.
437 391 499 456 Καί
512 386 687 456 ύποτίθεται
702 399 766 466 τοῖς
779 387 875 458 αύτοῦ
890 383 1040 476 μαθηταῖς
1049 393 1142 478 λίγαν
1157 391 1215 473 δἐι,
1233 390 1338 478 ’Τμεῖς
1350 391 1456 462 πάντα

291 492 462 580 γινώσκετε,
490 489 571 575 ύμᾶς
588 493 621 558 δὲ
643 493 747 575 μηδείς
763 495 937 577 γινωσκέτω.
979 491 1081 571 Αύτδς
1102 495 1136 562 δί
1156 496 1209 560 καί
1231 498 1264 562 οί
1285 494 1337 562 ἀπ’
1357 495 1459 564 αύτοῦ

292 593 478 678 ἐρωτώμενοι
498 591 668 672 Ἰουδαίους
688 593 742 676 μὲν
764 591 891 671 ἑαυτούς
906 595 1011 678 μηκίτι
1028 593 1104 664 εἶναι
1119 595 1285 679 φάσκουσι,
1314 605 1455 684 Χριστιω

293 694 366 772 υοδς
380 696 412 761 δδ
429 697 533 780 μηκέτι
548 703 741 782 γεγενῆσθαι,
764 692 824 761 άλλ’
837 693 995 781 ἀρνεῖσθαι
1009 697 1146 777 πάντοτε,
1168 700 1244 782 ἔχειν
1260 700 1292 765 δὲ
1306 703 1338 766 ἐν
1355 702 1454 790 ἑαυτῷ

293 805 361 887 σιγῇ
379 796 434 880 τήν
448 803 562 878 πίστιν,
584 800 636 868 καί
650 799 755 882 μηδενί
769 794 997 880 ὑποδεικνύναι,
1018 797 1074 882 τήν
1090 799 1233 884 αίσγύνην
1249 802 1356 868 ἑαυτοῦ
1370 797 1451 884 ύφν-

184 925 189 956 ι
293 899 440 984 ράμενος,
472 898 524 966 διά
546 898 580 967 τδ
604 897 844 986 ἀπαρρησίαστον
865 907 920 984 τῆς
936 903 1146 988 αἰσχρουργίας
1164 904 1217 967 καί
1237 910 1334 987 κακῆς
1355 901 1453 970 αύτού

294 1005 490 1077 διδασκαλίας.

255 1213 271 1268 ’.
370 1203 457 1288 Ἔσχε
475 1205 509 1272 δδ
526 1200 548 1288 ή
563 1201 638 1291 άρηή
657 1203 751 1290 αάτής
768 1211 822 1290 τῆς
837 1213 933 1291 κακής
947 1206 1129 1291 προφάσεως
1142 1207 1196 1293 τήν
1211 1211 1307 1276 αἰτίαν
1320 1205 1381 1276 άπά
1398 1217 1455 1276 τοῦ

292 1313 388 1390 ζητεῖν
406 1308 457 1372 καί
472 1307 566 1392 λίγεια
589 1306 686 1374 πάθεν
705 1306 739 1374 το“
755 1305 858 1374 κακόν.
905 1315 974 1385 Παῖς
987 1309 1020 1375 δδ
1035 1307 1095 1376 άπδ
1118 1317 1171 1395 τῆς
1185 1313 1294 1378 ἑαυτοῦ
1315 1339 1454 1399 πραγμα-

293 1414 372 1485 τείας
389 1407 575 1491 δειχθήσεται
588 1405 695 1486 άποῖάς
710 1411 798 1476 ίστιν.
847 1407 1020 1496 ιἜμποροι
1038 1420 1112 1498 γοῦν
1133 1405 1218 1480 ούτοι
1234 1419 1335 1480 κακοῖν
1359 1416 1454 1498 ’ἐρα-

294 1513 377 1590 σταί,
398 1512 449 1575 καί
464 1507 531 1593 ούχί
551 1507 692 1595 άγαθοῖν,
714 1509 758 1587 ύς
771 1514 822 1579 καί
839 1508 858 1596 ή
874 1512 976 1598 γραφή
990 1510 1072 1580 εἶπεν
1087 1513 1150 1593 ὅτι,
1176 1522 1346 1597 Ζητούντας
1360 1513 1454 1594 κακά,

294 1610 496 1694 καταλήψεται
520 1610 608 1677 κακά.
655 1610 731 1679 Ούττ
747 1611 803 1698 γάρ
821 1638 893 1679 ποτε
914 1613 1008 1680 κακάν
1027 1609 1080 1699 ἦν,
1110 1614 1178 1682 ούτε
1197 1619 1262 1700 ῥίζα
1278 1618 1378 1705 γίγονε
1397 1643 1455 1680 κα-

295 1717 378 1795 κίας,
399 1711 467 1779 ούτε
481 1712 682 1780 ίνυπάστατον
697 1712 731 1780 τά
748 1712 843 1780 κακόν
861 1717 948 1781 ἐστιν.
994 1715 1059 1784 Ούκ
1076 1710 1116 1800 ήν
1129 1717 1187 1804 γάρ
1203 1744 1274 1784 ποτε
1289 1717 1322 1784 τά
1341 1716 1453 1784 κακάν·

295 1819 465 1892 ἐπείςακτον
482 1816 514 1881 δὲ
530 1813 580 1881 διά
597 1814 775 1900 προφάσεως
788 1815 901 1906 ἑκάστω
916 1825 976 1883 ταῖν
990 1818 1158 1886 ποιούντων
1171 1819 1205 1886 τά
1224 1818 1318 1886 κακάν
1334 1822 1453 1886 ἔνεστιν.

294 1916 343 1984 Ἐν
359 1924 400 2007 τῷ
417 1916 458 2001 μή
473 1915 647 1984 ποιεῖν-οάκ
662 1920 768 2001 ἔνεστι,
790 1918 928 2005 καθάπερ
945 1923 978 1986 ἐν
993 1930 1056 1997 τοῖς
1072 1918 1135 1988 άνω
1150 1920 1251 2008 λύγοις
1266 1919 1454 2007 προδεδήλω-

295 2046 352 2086 ται.
395 2021 485 2105 Λέγει
499 2017 557 2106 γάρ
581 2017 600 2086 ά
620 2019 724 2104 κύριος
741 2017 814 2104 μετά
831 2018 864 2086 τά
885 2020 981 2088 πάντα
998 2025 1211 2106 πεποιηκέναι,
1238 2020 1335 2102 Ἰδού,
1357 2021 1455 2088 πάντα

295 2119 370 2188 καλά
385 2127 459 2201 λίαν,
482 2121 599 2198 δεικνύς
614 2120 658 2187 δἐι
674 2120 707 2188 τά
722 2120 817 2189 κακδν
833 2119 890 2188 ούκ
905 2119 1042 2207 άργαίζει,
1060 2122 1130 2190 ούδὲ
1143 2127 1173 2203 ἐξ
1187 2121 1324 2210 ύπαρηῆς
1337 2121 1455 2209 ύπήρηε

295 2223 353 2308 πρά
371 2231 425 2290 τοῦ
442 2222 502 2290 άπδ
522 2232 576 2290 τοῦ
592 2222 760 2310 άνθράπσν
775 2222 964 2309 ἐνάρξασθαι.
1008 2223 1056 2292 Δι’
1073 2223 1161 2311 ήμῶν
1175 2225 1232 2313 γάρ
1252 2231 1377 2312 γίνεται,
1398 2228 1452 2291 καί

295 2323 333 2390 δι’
353 2323 440 2410 ήμῶν
462 2324 499 2392 ου’
516 2331 634 2412 γίνεται,
669 2324 736 2408 ’Ἆρ’
753 2318 809 2392 σύν
826 2329 857 2392 ἐν
874 2333 916 2416 τρῖ
934 2326 1032 2394 πάντα
1051 2326 1215 2414 άνθρωπσν
1236 2326 1388 2394 δύνασθαι
1409 2325 1452 2410 μή

295 2437 393 2492 ποιεῖν
411 2427 444 2494 τά
463 2427 572 2509 κακάν,
601 2430 652 2494 καί
667 2428 818 2494 δύνασθαι
836 2438 935 2496 ποιεῖν
949 2428 983 2496 τά
1000 2428 1110 2511 κακάν,
1139 2429 1211 2498 ὅταν
1227 2432 1282 2514 μίν
1298 2455 1344 2495 τοι
1365 2437 1452 2518 ποιῇ,

179 2544 270 2600 μοθ-
297 2533 358 2594 ἕστι
373 2529 407 2595 τά
427 2529 532 2607 κακὸν,
553 2528 626 2596 ὅταν
641 2531 673 2595 δὲ
687 2528 729 2614 μή
746 2538 829 2620 ποιή,
845 2529 902 2598 ούκ
916 2533 977 2598 ἔστι
991 2531 1025 2598 τά
1041 2531 1144 2600 κακόν.
1190 2539 1259 2600 Ποῦ
1275 2536 1377 2598 τοίνυν
1397 2537 1454 2597 τοῦ

296 2638 393 2696 κακοῦ
413 2628 435 2714 ή
455 2636 534 2718 ῥίζα,
560 2629 603 2716 3ή
623 2630 785 2710 ὑπόστασις
805 2639 859 2718 τῆς
880 2639 1042 2722 πονηρίσςς

162 2951 227 3016 Κεφ.
250 2945 279 3010 ζ.
383 2941 440 3014 Είς
459 2939 491 3004 δὲ
507 2936 618 3022 πολλήν
633 2931 722 3015 ούτος
735 2937 855 3023 ίλήλακε
869 2944 995 3026 μωρίαν,
1016 2939 1142 3022 φάσκων
1158 2939 1206 3007 δ’τι
1220 2937 1241 3024 ή
1256 2938 1383 3023 δύναμις
1397 2935 1455 3006 τάν

295 3048 370 3106 νοῦν
390 3039 584 3126 προεβάλετο,
614 3037 681 3106 ὅδὲ
697 3039 957 3128 νοῦςτδνλόγον,
986 3038 1053 3110 άδὲ
1068 3041 1157 3128 λόγος
1172 3040 1228 3125 τήν
1245 3041 1408 3128 φρόνησιν,
1432 3037 1455 3123 ή

297 3145 330 3210 δὲ
345 3141 491 3228 φρόνησις
504 3140 631 3224 δύναμιν
648 3143 701 3207 καί
716 3147 842 3224 σοφίαν,
864 3146 898 3212 ἐκ
912 3145 944 3210 δί
960 3143 1115 3228 δυνάμεως
1129 3147 1182 3210 καί
1195 3149 1306 3226 σοφίας
1321 3147 1456 3222 ίξουσίαι

296 3248 349 3312 καί
365 3243 505 3326 δυνάμεις
520 3246 572 3309 καὶ
588 3242 712 3332 ἄγγελοι
754 3247 845 3332 Λίγει
860 3247 894 3312 δὲ
910 3243 964 3329 τήν
979 3234 1120 3331 ύπέράνω
1135 3245 1249 3312 τούτων
1263 3244 1391 3329 δύναμιν
1414 3241 1457 3310 εί-

296 3375 346 3414 ναι
357 3349 409 3414 καί
425 3345 519 3432 α’ρχήν
531 3345 693 3432 Ἅβρασάξ,
715 3346 765 3413 διά
781 3347 816 3414 τά
835 3347 891 3431 τήν
913 3357 1022 3432 ψῆφον
1044 3355 1099 3416 τοῦ
1114 3346 1260 3436 Ἀβρασάξ
1283 3350 1358 3432 ἔχειν
1373 3371 1459 3431 τρια-

297 3448 455 3516 κοσιοστδν
474 3447 632 3534 ἕξηκοστάν
648 3452 783 3532 πέμπτον
799 3447 948 3536 άριθμάν,
972 3447 1013 3526 άς
1035 3453 1068 3516 ἐκ
1088 3449 1196 3517 τούτου
1218 3449 1272 3532 τήν
1291 3451 1459 3533 μαρτυρίαν

298 3559 351 3632 τῆς
370 3551 463 3618 αύτοῠ
482 3557 668 3635 μυθοποιΐας
688 3559 748 3617 τῶν
768 3557 946 3636 τριακοσίων
966 3553 1190 3636 ἓξηκονταπίντε
1212 3549 1350 3636 ούρανεδν
1373 3571 1457 3616 συνι-

299 3659 371 3717 στάν
389 3663 560 3740 πειρᾶσθαι.
606 3652 661 3730 Οἷς
682 3651 822 3738 ούρανοῖς
845 3656 896 3720 καί
913 3659 1094 3732 τοποθεσίας
1117 3657 1188 3720 1ίσα
1210 3663 1275 3730 τοῖς
1298 3649 1461 3737 μαθήμασι

299 3756 424 3832 διαιρῶν
448 3759 500 3822 καὶ
524 3763 664 3824 συνιστᾶν
682 3755 865 3840 ἐπιτηδεύων
886 3755 923 3824 ού
939 3759 1096 3844 παρέργως
1113 3761 1286 3850 μηχανᾶται.
1334 3753 1377 3820 Τά
1399 3752 1461 3841 γάρ

301 3855 421 3919 ἐκείνων
439 3856 549 3935 μάταια
570 3859 752 3944 θεωρήματα
772 3858 873 3941 λαβούν
895 3861 937 3935 είς
953 3863 1031 3924 ῖδιον
1049 3865 1217 3943 χαρακτῆρα
1242 3855 1334 3934 αύτάς
1353 3881 1384 3922 τε
1406 3860 1461 3922 καὶ

300 3959 331 4022 ot
344 3951 395 4020 ὑπ’
411 3954 503 4022 αύτδν
519 3963 562 4034 είς
577 3965 675 4028 αἰτίαν
694 3967 749 4043 τῆς
770 3963 849 4037 ἰδίας
864 3963 1059 4027 είδωλοποιοῢ
1076 3961 1128 4026 καί
1148 3961 1372 4043 πεπλανημένης
1392 3961 1462 4026 ἔπι-

299 4055 431 4124 πλάσταυ
448 4062 638 4137 διδασκαλίας
656 4062 850 4148 μετήνεγκαν,
871 4063 920 4128 καί
938 4061 1096 4145 βούλονται
1111 4061 1167 4145 τήν
1181 4059 1323 4128 σύστασιν
1343 4061 1464 4128 τούτων

335 4283 395 4333 Οιε.
405 4284 449 4333 VI.
467 4309 501 4322 -·
537 4283 559 4334 1.
573 4275 703 4349 Ἔμπορει
721 4287 780 4352 γοῦν
796 4277 863 4339 οὗτοι
929 4283 955 4337 3.
974 4289 1143 4350 Comatam
1159 4289 1251 4338 videtur
1268 4279 1287 4352 ἦ
1303 4302 1358 4337 eum
1370 4289 1467 4338 eoma-

301 4353 353 4403 τσδ.
373 4354 446 4402 vatic.
471 4352 545 4414 ίαῖμσ
556 4345 690 4415 Ἔμπομος
706 4355 765 4418 γοῦν
781 4345 861 4414 οὗτος.
896 4357 947 4414 τίο,
964 4357 1005 4416 qm·
1022 4364 1065 4406 αοι
1083 4359 1159 4406 verm.

333 4419 359 4470 2.
376 4417 628 4484 λρασταὶισιλιλαιῖο.
649 4423 722 4482 λὐληο
734 4416 747 4474 ὅ
760 4423 804 4474 τοῦ
816 4439 862 4476 κα-
931 4423 991 4470 Cn.
1010 4423 1062 4474 vn.
1080 4451 1113 4460 -
1149 4426 1171 4474 1.
1188 4417 1234 4476 ἶσα
1250 4427 1304 4480 τοῖς
1321 4418 1469 4488 μαθήμασι

301 4488 347 4538 κοῦ
364 4485 481 4554 ἐργάτης.
895 4489 998 4556 θιαωῶι
1015 4492 1067 4542 cod.
1085 4494 1177 4554 Υολῖο,
1203 4497 1225 4541 ιλ
1245 4493 1356 4542 indeed.
1378 4493 1470 4542 Ρτίου.
