3100 4984
310 293 371 356 412
733 300 854 354 οιιιοτι
872 255 1057 380 mmuh·

309 423 468 506 μονοειδές.
508 419 547 488 Ἡ
564 421 597 488 δέ
618 417 754 486 ’τούτων
774 417 860 486 οῦσία
877 419 984 504 διττήν
994 421 1047 504 μέν
1061 447 1127 488 τινα
1142 421 1269 509 δύναμιν
1286 423 1459 512 προήγαγεν,

310 523 400 601 αῦτός
415 525 447 592 δέ
459 531 512 590 τοῦ
526 524 693 610 κρείττονός
706 525 783 588 έστιν
795 521 890 588 εἰκῶν.
919 526 1010 618 Μηδέ
1023 545 1055 590 σε
1068 523 1105 591 τό
1118 533 1172 592 νῦν
1183 535 1272 594 τοῦτο
1284 533 1458 614 θορυβείτιο,

309 631 457 696 θέλουσαν
473 635 583 710 μαθεῖν
598 632 665 704 πῶς
680 624 739 692 dud
755 633 825 708 μιδις
839 624 931 710 όρχῆς
945 635 1005 694 τῶν
1018 627 1095 696 όλων
1106 628 1198 713 οῦσης
1217 633 1289 697 οκαί
1305 629 1460 718 όμολογου-

309 734 397 815 μένης
419 729 490 814 ήμῐν
511 733 563 796 καλ
580 731 825 812 πεπιστευμένης,
859 736 955 813 ιοτῆς
973 727 1135 818 όγενυήτου
1157 735 1207 800 καί
1229 731 1392 820 όφθῦρτου
1413 737 1458 800 καὶ

310 833 436 922 όγαθῆς,
458 836 638 916 συνέστησαν
652 833 702 897 καί
718 824 804 896 αὗται
818 835 851 896 αἱ
862 830 977 913 φῦσεις,
1000 833 1021 917 ῆ
1036 859 1066 900 τε
1081 843 1133 918 τῆς
1148 844 1272 920 φθορᾶς
1284 839 1337 904 καὶ
1349 845 1403 920 τῆς
1415 861 1458 920 με·

310 939 442 1022 σότητος,
470 933 706 1020 Ηα’νομοοόσιοι
720 927 807 1000 αῦται
821 943 1017 1016 καθεστῶσαι,
1039 947 1092 1004 τοῦ
1107 936 1226 1026 όγαθοῦ
1239 938 1333 1021 φῦσιν
1346 943 1458 1024 ἔχοντος

308 1040 344 1108 τῦ
361 1041 451 1124 ῦμσια
472 1042 624 1106 ηἑαυτοῦ
645 1039 695 1103 καὶ
711 1034 855 1121 όμοοόσια
872 1046 975 1124 γεννᾶν
996 1065 1025 1106 τε
1041 1044 1093 1106 καλ
1109 1045 1278 1127 προφέρειν.
1322 1041 1456 1131 Μαθήση

307 1143 380 1230 γδρ,
411 1149 486 1210 θεοῦ
509 1140 658 1220 διδόντος,
689 1141 756 1223 ἑξῆς
776 1143 826 1206 καλ
845 1137 898 1224 τήν
920 1141 1071 1210 ι’τοῦτον
1090 1143 1183 1230 όργήν
1200 1171 1230 1211 τε
1248 1147 1300 1211 καὶ
1318 1147 1456 1230 γέννησιν,

308 1245 467 1330 ἀξιουμένη
483 1252 537 1329 τῆς
551 1241 748 1326 ῦποστολικῆς
763 1243 964 1330 παραδόσεως,
989 1244 1025 1329 ῆν
1038 1249 1070 1312 έκ
1086 1250 1227 1332 διαδοχῆς
1243 1250 1292 1314 καὶ
1308 1245 1394 1331 ἡμεῖς
1407 1273 1456 1312 πα·

307 1348 495 1434 ρειλήφαμεν,
517 1355 549 1394 ¹⁴
558 1346 629 1431 μετῦ
643 1354 749 1432 καιροῦ
762 1351 914 1413 κανονίσαι
928 1347 1040 1424 πόντος
1052 1348 1123 1426 τοῦς
1132 1350 1239 1437 λόγους
1250 1357 1287 1441 τῆ
1298 1357 1352 1417 τοῦ
1370 1357 1457 1415 1ὕσο-

307 1461 397 1538 τῆρος
412 1455 592 1540 διδασκαλίᾳ.
640 1448 739 1516 Ταῦτό
752 1470 810 1528 σοι,
829 1442 854 1515 οῦ
868 1448 981 1533 όδελφή
995 1477 1053 1534 μου
1070 1451 1190 1539 Φλῶρα,
1213 1452 1251 1519 δι’
1265 1451 1370 1538 όλίγων
1385 1455 1454 1537 είρη·

308 1557 380 1639 μένα
399 1553 456 1622 οῦκ
477 1551 665 1637 ιοήτόνησα,
703 1554 797 1619 17καλ
812 1552 887 1619 κατό
905 1560 958 1636 τῆς
977 1559 1136 1638 συντομίας
1157 1558 1344 1642 προέγραψα.
1378 1555 1455 1638 ’Ἅμα

307 1659 360 1741 μὲν
375 1656 408 1724 τό
423 1662 618 1742 προκείμενον
632 1654 829 1741 δποχροόντως
843 1659 985 1740 έξέφηνα·
1008 1657 1091 1722 δίκαὶ
1105 1661 1146 1735 είς
1161 1655 1198 1723 τῦ
1212 1659 1280 1741 έξῆς
1290 1656 1329 1724 τό
1342 1655 1455 1745 μέγιστοί

307 1782 354 1827 σοι
372 1768 575 1847 συμβαλεῖται,
602 1758 655 1826 έόν
676 1785 707 1846 γε
730 1756 772 1836 ῶς
792 1758 867 1842 καλή
889 1768 926 1846 γῆ
948 1761 998 1826 καί
1020 1757 1121 1846 ἀγαθή
1137 1767 1267 1848 γονίμων
1285 1759 1455 1848 σπερμότων

306 1871 435 1946 τυχοῦσα
462 1861 556 1930 18τόν
578 1861 614 1928 δι’
636 1861 733 1929 αῦτοῦν
754 1861 871 1949 καρπόν
892 1859 1054 1953 όναδείξης.

440 2000 712 2056 ΠΕΠΛΗΡΩΝΤΔΙ
729 2001 773 2056 TA
793 2001 1033 2056 ΠΤΟΛΕΜΑΙΟΥ
1050 2003 1150 2057 ΠΡΟΣ
1167 2001 1325 2058 mom.

170 2389 236 2458 Κεφ.
254 2386 288 2458 η’.
395 2383 445 2455 Τίς
467 2378 499 2444 δέ
516 2377 628 2444 τούτων
650 2384 707 2443 τῶν
724 2374 866 2461 βημάτων
887 2378 937 2442 καλ
955 2383 1007 2459 τῆς
1023 2383 1077 2444 τοῦ
1095 2376 1202 2462 γόητος
1217 2373 1326 2442 τοῦτον
1342 2377 1391 2442 καί
1406 2381 1454 2456 τῆς

305 2488 365 2546 τῶν
382 2480 436 2546 σῦν
450 2478 531 2571 αῦτςδ
547 2479 676 2559 όνέξεται
690 2483 930 2567 φρενοβλαβείας,
955 2484 1141 2563 Πτολεμαίου
1157 2505 1197 2558 τε,
1220 2481 1310 2562 φημὶ,
1332 2482 1382 2545 καί
1400 2485 1454 2544 τῶν

306 2580 380 2664 ἄμφ’
401 2581 493 2650 αότδν
515 2587 556 2660 είς
575 2590 718 2649 τοσοῦτον
736 2583 897 2649 κατιόντων
912 2583 962 2648 καί
981 2581 1163 2650 καττυόντων
1179 2580 1350 2664 πλόσματας
1386 2577 1454 2646 Οῦτε

236 2711 243 2732 ³
306 2683 364 2770 γῦρ
378 2693 438 2750 τῶν
454 2693 588 2750 παλαιῶν
601 2689 831 2773 τραγῳδοποιῶν
847 2712 904 2764 τις,
928 2683 995 2750 οῦτε
1010 2689 1041 2752 οί
1052 2691 1181 2768 καθεξῆς
1194 2686 1315 2768 μιμηλολ
1329 2680 1382 2750 τόν
1395 2679 1454 2768 τρό·

306 2813 374 2866 που,
398 2789 430 2852 οί
442 2790 511 2874 περί
527 2791 702 2853 Φιλιστίωνα
716 2789 800 2873 λέγω,
816 2790 868 2852 καί
885 2789 1020 2873 Διογένη,
1041 2785 1094 2854 τόν
1105 2785 1278 2853 ιδ”Απιστα
1292 2785 1453 2872 γράψαντα,

306 2889 328 2972 ῆ
342 2893 374 2956 σί
387 2887 467 2956 ῦλλοι
484 2889 605 2970 πάντες,
636 2893 667 2954 οί
679 2887 749 2965 τοῦς
764 2888 884 2971 μόθους
899 2887 1136 2976 όναγεγραφότες
1149 2891 1201 2954 καὶ
1215 2888 1451 2979 δαψιμδήσαντες,
1527 2907 1528 2970 ί

185 3023 235 3068 μς.
248 3013 293 3058 m
307 2999 450 3059 τοσοῦτον
462 2995 577 3072 ψεῦδος
589 2989 785 3074 ἠδυνήθησαν
799 2994 975 3072 έκτυπῶσαι,
991 2989 1032 3068 ῶς
1044 2985 1126 3058 οῦτοι
1137 2998 1288 3076 τολμηρῶς
1302 2989 1454 3078 φερόμενοι
1527 2977 1528 3004 ¹

307 3092 382 3162 κατδ
399 3103 452 3178 τῆς
468 3097 580 3161 έαυτῶν
597 3101 673 3178 ζωῆς
690 3093 771 3160 δεινδ
788 3097 904 3171 έυυτοῖς
919 3094 1151 3174 κατεσκεύασαν,
1179 3095 1230 3160 καί
1247 3091 1299 3160 τόν
1316 3101 1390 3160 νοῦν
1402 3097 1456 3156 τῶν

307 3199 494 3281 πειθομένων
507 3194 608 3274 αότοῖς
619 3195 792 3283 όνθρῶπων
802 3201 843 3273 είς
854 3196 956 3282 μωρός
965 3195 1096 3280 ζητήσεις
1106 3197 1288 3282 περιέβαλον,
1302 3199 1356 3262 καλ
1367 3217 1454 3284 γενεα-

306 3305 407 3388 λογίας
422 3298 621 3386 όπερόντους,
644 3297 728 3365 αῦτολ
744 3298 782 3364 τό
797 3303 829 3366 έν
841 3302 922 3384 χερσὶ
937 3298 977 3384 μή
993 3299 1196 3383 ἐπιστάμενοι,
1218 3299 1269 3364 καί
1285 3295 1321 3362 τό
1336 3292 1453 3382 έπουρό-

306 3431 354 3469 νια
372 3401 612 3490 ἐπαγγελλόμενοι
627 3404 744 3488 μέτροις
760 3403 835 3468 τισίν
851 3399 1018 3486 όροθετεῖν,
1049 3406 1100 3468 καί
1115 3428 1203 3468 τινων
1221 3408 1390 3484 μαιωτικῶν
1405 3425 1454 3481 μη-

308 3513 386 3590 τρῶν
409 3503 451 3582 οἷς
473 3508 674 3589 ἐπουρανίων,
709 3512 791 3570 1τῶν
809 3503 866 3570 οῦκ
884 3502 983 3572 οῦσῶυ
1002 3502 1043 3582 ῶς
1061 3503 1271 3588 ῦπαργουσῶν,
1304 3499 1456 3584 έπιστήμσς

307 3605 524 3692 τίναδεγόμενοι.
567 3605 710 3683 Ἀκούσας
726 3609 760 3673 δέ
777 3634 821 3684 τις
838 3607 918 3693 παρό
936 3606 1062 3688 τούτων,
1093 3610 1121 3672 εί
1134 3607 1188 3687 μέν
1203 3613 1263 3672 τῶν
1280 3600 1453 3692 όφρονεστό·

306 3735 364 3774 των
380 3714 441 3792 τίη,
469 3718 509 3800 τῷ
525 3708 631 3792 ψεύδει
651 3713 802 3792 2νομίζων
818 3737 846 3776 τι
861 3707 929 3794 παρ’
945 3708 1047 3786 αὐτοῖς
1063 3707 1216 3794 μετάρσιον
1232 3711 1390 3794 ἐγνωκέναι
1403 3707 1453 3794 (ίςε-

307 3815 379 3887 δίως
398 3809 615 3894 ῦπαγθήσεται·
646 3811 708 3890 δτι,
741 3818 808 3876 Πῦν
828 3810 931 3898 όρνεον
952 3811 1027 3876 κατό
1049 3813 1133 3897 γένος
1149 3810 1319 3897 συνάγεται,
1350 3810 1399 3877 καλ
1418 3813 1457 3896 τῷ

306 3911 400 4002 όμοίιγι
422 3915 635 3996 κολληθήσεται
657 3911 748 3998 όνήρ,
778 3916 870 3996 φησὶν
890 3912 910 3998 ή
931 3913 1041 4000 γραφή.
1087 3918 1130 3980 Et
1149 3916 1182 3980 δέ
1199 3939 1244 3989 τις
1261 3912 1341 3998 τόχοι
1358 3909 1457 3986 αῦτοῖς

308 4023 367 4082 τῶν
379 4022 508 4082 συνετῶν
523 4019 573 4080 καλ
585 4015 639 4082 τόν
651 4014 769 4104 εῦλογον
781 4015 920 4102 λογισμόν
932 4018 1125 4100 κεκτημένων,
1143 4014 1331 4102 καταγελάσει
1343 4015 1394 4097 μέν
1406 4019 1457 4095 τῆς

342 4155 366 4206 ὅ.
386 4158 443 4207 cod.
460 4157 536 4204 λ’τιιελ.
554 4151 650 4209 τούτου.
939 4157 976 4207 λ’λ.
993 4155 1023 4211 δέ
1040 4153 1110 4226 αῦτῷ
1133 4157 1184 4208 οοδ.
1202 4156 1276 4206 Velie.
1312 4152 1392 4222 έαυτῷ
1409 4153 1457 4203 ωδ.

340 4222 364 4276 9.
384 4227 441 4276 cod.
459 4226 533 4274 λ’τιιιλ.
551 4241 578 4276 τε
595 4222 647 4276 καί.
903 4229 977 4276 Venti.

346 4294 382 4343 λθ.
399 4295 435 4342 λίο
449 4295 567 4354 Ριίαυιατ,
581 4295 682 4342 Gravius
695 4295 782 4356 ολλληυι
795 4297 866 4344 edito·
937 4293 975 4344 13.
991 4290 1086 4348 τοῦτον
1101 4295 1190 4356 placuit
1207 4294 1328 4343 δλλατιιιὶο.

308 4373 351 4410 τοι.
384 4361 450 4410 Libri
466 4361 550 4409 λοοιιιλ
566 4359 618 4412 τοῦ.
937 4359 974 4414 14.
993 4361 1056 4428 μετὰ
1067 4361 1154 4426 καιροῦ
1165 4361 1403 4412 mammutiu-
1420 4359 1459 4408 λλ-

344 4427 382 4478 11.
399 4429 434 4478 λιο
449 4429 517 4478 οοδδ.
533 4429 606 4479 Vatia.
623 4428 698 4477 λεκτλ
732 4431 777 4480 m
790 4433 865 4493 οτλπο.
899 4431 936 4480 δελ
952 4431 1035 4482 hubent
1052 4427 1116 4497 μττδ
1133 4427 1177 4481 καλ
1192 4427 1245 4481 τοῦ.

308 4501 330 4545 τι
346 4495 400 4545 εδδ.
416 4497 497 4548 Perua.
515 4497 598 4547 λαδτισ
612 4489 780 4561 α’νομωδοιαι.
936 4499 978 4619 ιρι
994 4500 1050 4550 σοδ.
1068 4501 1142 4548 Vener.
1160 4495 1277 4563 σωτῆρος
1296 4490 1369 4564 ήμῶν
1389 4495 1459 4548 σιδα-

902 4579 936 4618 ⁶⁸
978 4582 996 4634 θ
