3100 4984
334 355 470 407 raanan
488 355 550 409 ora.
563 358 583 408 r.
599 353 680 408 rote
694 355 737 408 1n.
754 355 990 406 nasaxxxrv,
1177 343 1239 406 437

166 471 229 538 dam
253 496 324 539 vcro
346 476 433 539 etiam
456 475 560 560 philtra
581 485 610 538 et
628 475 785 540 amatorias
804 473 958 538 illecebras
978 476 1012 538 ad
1033 477 1237 572 contumeliam
1258 493 1317 562 cap.
1333 495 1376 548 nt.

81 597 237 661 corporum
252 576 390 642 aMareo
405 578 575 663 quibusdam
592 577 761 642 mulieribus
777 577 886 655 ablata,
906 599 964 641 uon
981 589 1076 642 tamen
1091 579 1237 659 omuibus,

79 679 225 764 ipsaemet
240 681 275 744 ad
292 681 446 746 eeclesiam
464 703 603 746 reversae
620 701 760 766 persaepe
777 681 874 744 lassae
890 690 975 761 sunt3
1000 701 1033 744 sc
1049 681 1085 744 ab
1101 681 1150 744 illo
1168 704 1238 746 cou-

79 793 228 866 stuprotas
244 804 312 848 esse
331 796 360 848 ct
374 785 465 870 ipsius
484 806 583 848 amore
599 783 804 868 illecebrisque
824 794 936 868 captas.
984 783 1068 846 Adeo
1091 794 1122 847 ut
1139 784 1237 848 diaco-

78 907 136 950 nus
154 885 269 970 qnidam
289 909 305 949 e
324 887 433 951 nostris
451 887 479 950 in
499 887 573 952 Asia
591 909 655 951 cum
673 887 798 971 bospitio
816 887 895 950 illum
915 887 1099 972 excepisset,
1123 886 1153 949 in
1172 909 1236 950 enm

78 989 274 1053 calamitatem
289 988 441 1068 inciderit,
464 990 586 1076 eiusque
603 990 713 1054 coniux
730 989 848 1072 egregia
867 991 959 1052 torma
976 990 1080 1052 mulier
1094 1000 1124 1052 et
1139 989 1236 1054 antimo

77 1103 109 1155 et
126 1113 250 1175 corpore
264 1113 280 1154 a
296 1113 383 1174 mago
395 1091 445 1155 illo
460 1102 597 1178 corrupta
612 1094 700 1174 longo
717 1113 782 1154 euru
800 1101 930 1174 tempore
945 1101 1056 1154 sectata
1070 1092 1120 1169 sit,
1143 1091 1236 1155 dorrec

74 1215 184 1278 magno
200 1215 264 1256 eona
280 1195 379 1258 labore
394 1195 591 1258 adnitentibus
608 1193 746 1256 tratribus
762 1195 798 1256 ad
815 1183 1094 1274 meliorem'lrngem
1111 1215 1235 1259 conver·

73 1317 112 1360 sa
128 1295 272 1381 reliquam
290 1297 369 1360 vitae
387 1307 500 1382 ternpus
517 1297 546 1360 in
567 1297 747 1382 poenitentia
764 1295 911 1373 traduxit,
936 1317 1072 1359 moerens
1092 1317 1126 1360 ac
1146 1297 1235 1360 nebe-

72 1408 194 1462 menter
210 1399 364 1484 deplorans
378 1401 453 1484 qnod
471 1422 487 1463 n
504 1420 590 1484 mago
607 1398 753 1483 eorrumpi
769 1419 801 1462 ae
816 1419 850 1460 ac
866 1396 962 1461 vitiari
977 1399 1109 1464 sivisset.
1140 1396 1235 1482 Quiu-

71 1501 166 1566 ctiam
189 1500 319 1587 discipuli
345 1503 459 1586 quidam
483 1502 560 1565 illins
585 1502 668 1565 varia
692 1501 796 1586 oppida
820 1512 1010 1586 peragrantes
1037 1502 1233 1588 compluribus
1335 1587 1338 1592 Ι

71 1604 255 1668 mulierculis
269 1603 371 1667 iisdem
386 1604 497 1668 artibus
511 1604 677 1682 illuserunt,
702 1625 766 1668 cnm
785 1605 931 1688 perlectos
947 1625 980 1668 se
994 1625 1061 1668 esse
1076 1604 1232 1684 instarent,

70 1727 173 1791 neque
192 1726 363 1792 quemquam
384 1728 470 1791 posse
487 1728 586 1771 seeum
606 1706 748 1771 scientiae
765 1706 847 1791 copia
865 1707 1012 1786 conferri,
1037 1729 1095 1770 non
1113 1707 1138 1770 si
1156 1704 1234 1772 Pau-

68 1811 134 1874 burn
158 1806 337 1893 Petrumqne
364 1808 515 1888 nomines,
547 1821 597 1873 aut
622 1830 662 1872 cx
687 1809 885 1894 apostolorum
912 1830 1034 1872 nurnero
1057 1811 1231 1894 qncrnlibet;

68 1913 158 1998 plura
183 1911 258 1974 enim
285 1933 317 1974 sc
340 1912 420 1975 solos
444 1911 578 1975 omnibus
600 1911 781 1995 intelligere,
817 1913 896 1976 solos
918 1911 1132 1997 inexplibabilis
1155 1913 1232 1978 illius

68 2013 204 2076 Virtutis
226 2013 360 2078 hausisse
383 2015 622 2098 magnitudinem.
670 2011 817 2096 Quocirca
838 2035 927 2099 supra
946 2013 1093 2079 Virtutem
1116 2037 1230 2080 omnem

67 2117 216 2182 sublimes
232 2117 323 2180 attolli
341 2137 427 2195 sese,
460 2127 545 2200 atque
562 2117 672 2180 idcireo
686 2117 778 2181 libere
795 2106 892 2180 omnia
911 2119 1008 2181 lacere
1026 2129 1120 2180 metus
1138 2118 1231 2182 enanis

67 2227 227 2302 expertes.
272 2217 350 2282 Nam
368 2221 405 2281 ob
422 2219 668 2302 redemptionem,
696 2241 780 2304 quam
800 2220 894 2305 adepti
912 2230 998 2297 sunt,
1026 2219 1144 2284 minime
1163 2241 1195 2284 se
1214 2241 1229 2284 a

66 2321 169 2386 iudice
186 2323 403 2406 comprehendi,
428 2343 463 2385 ac
478 2343 515 2385 ne
531 2323 624 2385 videri
641 2322 768 2406 quidem,
792 2343 890 2407 posse.
938 2319 1023 2404 Quod
1039 2323 1064 2386 si
1081 2323 1157 2386 sorte
1173 2321 1231 2386 sibi

64 2445 177 2488 monus
197 2423 349 2504 iniiceret,
382 2435 531 2488 tumuere
550 2445 615 2487 oum
633 2423 831 2510 re'demptione
851 2424 898 2488 illa
917 2447 971 2489 sua
989 2446 1086 2488 corana
1104 2445 1140 2489 eo
1160 2426 1228 2490 talia

64 2528 220 2590 dicturos:
252 2531 339 2589 Odea'
353 2551 388 2590 oc
403 2533 537 2608 mysticae
557 2539 623 2589 unte
644 2531 739 2590 seculo
754 2533 838 2608 Sr'ges
853 2549 995 2601 assessor,
1027 2551 1081 2609 qun
1103 2532 1174 2590 dece
1194 2551 1228 2590 oc

64 2631 259 2691 correr'lrirlnrc
273 2633 486 2710 Magnitudines
501 2653 565 2704 eae,
591 2653 663 2712 quoe
678 2635 772 2692 Patris
779 2633 887 2713 sirenem
897 2643 1033 2711 perpetuu
1045 2643 1225 2706 contuentur,

63 2736 252 2794 collusores
270 2737 299 2794 r’n
317 2736 422 2794 coelum
439 2735 624 2807 subtrabunt,
656 2736 750 2795 nultus
768 2739 879 2815 r'rrqnorn
899 2755 962 2807 eos,
995 2736 1096 2815 pur'bus
1113 2739 1228 2796 nr‘mt'unr

62 2839 169 2896 cadus:
182 2836 234 2896 illo
248 2841 403 2915 conspectis
416 2839 450 2897 od
463 2842 566 2898 curanti
576 2839 725 2898 buarlolem
740 2841 870 2900 Pur-entis
883 2860 935 2899 nos
949 2839 1027 2898 nelrrt
1036 2839 1148 2920 effigies
1157 2860 1227 2918 pro-

63 2941 174 3010 duc-it,
200 2959 261 2998 eum
278 2941 436 3000 coelestrlna
454 2943 650 3018 cogitationem
669 2943 747 3001 uelut
758 2961 812 3020 per
828 2945 964 3002 somneitna
981 2945 1169 3020 concepisset.-
1193 2963 1226 3004 err

61 3043 158 3102 iudex
172 3045 388 3122 opproprieqnot,
405 3063 441 3102 oc
455 3064 498 3102 me
507 3063 611 3121 praeco
625 3063 752 3104 consecra
770 3045 846 3104 riade!
860 3066 955 3124 ogere.
1006 3047 1046 3105 Tu
1060 3048 1161 3123 egitur,
1182 3053 1227 3103 nt-

56 3155 133 3222 pete
149 3163 223 3222 quoe
237 3163 284 3202 res
300 3147 446 3224 ntrrirspue
453 3146 543 3224 prode
560 3155 668 3219 teneus,
694 3167 861 3222 communem
876 3151 966 3207 rirdr'or'
973 3168 1027 3226 prro
1044 3157 1162 3226 ntropue
1176 3165 1226 3205 no·
1272 3173 1277 3180 ·

60 3257 162 3306 omnm
177 3249 330 3306 orationem
346 3249 513 3325 expromite
561 3245 676 3330 Quibus
691 3248 789 3312 statim
804 3247 910 3310 cuditis
924 3245 1025 3310 Mater
1038 3245 1225 3310 Homericam

60 3343 206 3409 Plutonis
228 3345 340 3428 galeam
364 3346 420 3409 illis
443 3347 579 3434 imponit,
613 3351 653 3413 nti
677 3371 709 3414 sc
726 3349 830 3413 iudicis
849 3349 979 3433 aspectui
995 3347 1153 3411 subductos
1169 3347 1225 3411 cri-

60 3449 162 3534 piant.
210 3445 288 3510 Tum
311 3448 374 3512 sine
395 3472 477 3514 mora
496 3471 609 3512 sursum
629 3463 749 3516 evectos
772 3462 802 3513 et
823 3451 852 3514 in
872 3452 1025 3516 thalamum
1045 3450 1224 3513 introductos

58 3551 187 3636 sponsis
210 3551 271 3615 suis
293 3551 433 3614 restitnit.
480 3551 563 3618 Haec
583 3554 623 3616 illi
644 3552 729 3617 dietis
748 3550 889 3637 lactisque
907 3553 1094 3638 profitentes,
1125 3553 1172 3616 vel
1193 3551 1224 3616 in

59 3655 121 3718 boc
142 3664 246 3717 uestro
264 3651 399 3718 Rhodani
418 3665 513 3718 tractu
532 3655 684 3740 plerasque
700 3655 839 3720 mulieres
857 3657 886 3718 iu
905 3675 1035 3719 errorem
1056 3665 1221 3718 traxerunt.

60 3754 155 3840 Quae
173 3763 356 3818 coaeternum
372 3759 504 3820 babentes
516 3764 712 3822 conserendum
730 3759 832 3843 partim
844 3759 872 3822 id
890 3757 1026 3843 perfricta
1042 3759 1137 3820 fronte
1152 3770 1373 3842 praedamna

58 3881 93 3922 se
114 3861 231 3936 lerunt,
255 3861 359 3944 partim
374 3861 551 3924 uerecundia
566 3861 681 3941 ductae,
705 3885 739 3926 ac
755 3862 889 3947 paulatim
907 3871 1003 3924 tamen
1019 3859 1048 3922 iu
1063 3861 1142 3923 vitae
1156 3881 1223 3924 oue·
1356 3866 1358 3877 ’

55 3963 150 4026 lestis
167 3962 403 4046 desperationem
417 3963 576 4048 impulsae,
601 3968 715 4030 tandem
733 3977 782 4029 aut
797 3963 833 4028 ab
849 3963 975 4030 veritate
990 3983 1022 4026 se
1040 3964 1154 4047 penitus
1173 3962 1223 4026 ab·

55 4075 253 4142 struxerunt,
278 4075 328 4128 aut
344 4065 436 4130 adbuc
452 4067 607 4132 dubitando
623 4068 763 4132 fluctrmot
777 4077 876 4150 atque,
900 4076 932 4129 ut
946 4066 1101 4150 proverbio
1118 4066 1220 4144 lentur,

53 4323 156 4375 Ιππαει·
182 4321 321 4384 indemne,
346 4325 457 4372 neuntio
482 4325 632 4388 efflopitonte.
665 4321 774 4374 reddidit
796 4323 845 4373 suis
865 4323 962 4392 sponsis
985 4326 1051 4374 babet
1070 4325 1116 4374 Vel.
1132 4325 1222 4373 lreaoet

52 4395 126 4442 Libri
147 4401 230 4438 omnes
249 4391 333 4439 bobeot
348 4386 480 4458 χρώμεθα.
665 4396 785 4456 interpres.

89 4457 115 4510 7.
137 4457 631 4577 φαπςσθεῖσαέοἷξῶαήειιιὺιηῆζιὲἰηὶξ,
664 4459 722 4578 mg.
740 4457 774 4527 orl
799 4465 868 4514 codd.
886 4465 939 4513 Vera.
958 4463 1054 4525 ltbcdip.
1088 4456 1118 4514 db
1139 4461 1222 4523 reliqui

53 4531 413 4647 mppmoopaoepppficnarpaepmm
427 4561 525 4646 cbrrsait
539 4589 629 4648 oderis.
719 4566 725 4579 ι
