3100 4984
299 289 361 352 416
723 297 843 350 εκαοτι
862 297 1031 350 nmmum

300 415 435 504 τεροόσεις
451 411 532 500 παρύ
550 421 611 489 τοῖς
626 409 782 490 Ἰουδαίοις
796 415 937 500 λέγονται.
981 417 1052 480 Είσλ
1068 415 1101 480 δέ
1117 407 1204 482 αὐται
1222 417 1371 502 τέσσαρες·
1402 421 1458 498 μία

302 521 370 602 μέν,
400 515 420 601 ή
438 521 479 594 είς
497 515 590 599 όνομα
608 518 764 593 Μωῦσέως
781 519 946 601 φερομένη,
977 519 1098 604 δευτέρα
1115 519 1148 584 δέ
1164 514 1185 600 ἦ
1201 525 1254 585 τοῦ
1270 508 1455 600 καλουμένου

299 619 502 705 Ῥαββιακιβύ,
523 623 603 705 τρίτη
615 616 717 698 Ἇδδδ,
739 618 806 702 ἤτοι
817 617 925 699 Ἰούδα,
947 619 1068 706 τετάρτη
1082 627 1142 686 τοῖν
1155 625 1230 686 υίοῑν
1241 618 1455 704 Ἀσαμωναίου.

300 724 379 790 Ἐπεὶ
398 730 458 789 ποῦ
474 725 563 806 έγεις,
585 722 731 802 φιλόνεικε
746 725 798 787 καί
815 719 996 788 ὐκατόστατε
1012 722 1067 805 τήν
1081 721 1215 809 γυοίμην,
1237 726 1327 801 δεῖξαι
1343 725 1375 790 έν
1390 733 1456 800 ταῖς

301 829 386 892 πέντε
399 830 512 913 βίβλοις
525 831 577 908 τῆς
592 822 794 907 Πεντατεύχου
808 828 860 890 καί
874 831 951 890 θεοῦ
968 830 1159 908 νομοθεσίας,
1182 825 1201 892 ό
1204 853 1229 892 τι
1243 824 1358 912 ἐρρήθη
1374 822 1392 891 ό
1406 825 1458 892 λό-

302 955 355 1017 γος
372 926 390 995 ό
405 926 486 1014 παρύ
505 934 543 1016 τῷ
560 933 669 1011 σωτήρι
683 928 851 1011 εἰρημένος,
885 925 962 1003 3’Ὀς
977 931 1038 1012 ἐρεῖ
1050 936 1091 1018 τῷ
1106 930 1196 1012 πατρί
1211 926 1304 994 αὐτοῦ
1319 929 1457 1012 Κορβῦν,

302 1031 319 1100 ό
338 1035 397 1098 ἐστι
413 1035 526 1116 δῦρον,
557 1028 612 1096 οὐκ
629 1027 853 1113 οὐφεληθήσεταί
868 1056 897 1095 τι
915 1032 945 1107 ἐξ
963 1027 1073 1109 αὐτοῦ,Ι
1103 1028 1174 1096 Ἀλλ’
1190 1029 1246 1098 οὐκ
1263 1034 1335 1114 ίχεις
1352 1035 1456 1109 δείξαι.

294 1133 372 1222 ’Ἆρα
387 1141 460 1221 γοῦν
476 1135 591 1211 ἐξέπεσέ
605 1153 660 1199 σου
678 1128 697 1198 ό
712 1131 813 1217 λόγος,
842 1137 897 1198 τοῦ
910 1130 1040 1216 (λήματος
1058 1130 1193 1215 οὐδαμοῦ
1209 1141 1246 1224 τῇ
1265 1131 1456 1223 Πεντατιύχφ

303 1239 521 1322 ἐμφερομένου,
543 1237 593 1302 καί
608 1233 704 1319 μάτην
717 1232 771 1318 τήν
785 1232 845 1300 ὐπύ
860 1241 917 1302 σοῦ
930 1232 1120 1320 ήπατημένην
1136 1234 1265 1322 Φλοόραν
1278 1234 1455 1317 ἐφόνευσας.

309 1339 351 1406 Τό
368 1341 399 1406 δέ
413 1336 473 1404 ὐπδ
488 1340 644 1415 Μωῦσέως
657 1335 712 1404 οὐκ
727 1336 812 1414 ἐκτός
827 1345 881 1404 τοῦ
895 1345 972 1404 θεοῦ
986 1340 1036 1404 καί
1050 1335 1126 1404 αὐτό
1141 1337 1362 1422 ἐνομοθετήθη,
1384 1335 1456 1404 eiu&

304 1449 336 1512 ἐκ
351 1449 404 1509 τοῦ
419 1449 496 1509 θεοῦ
509 1439 559 1508 διό
572 1441 738 1520 Μωῦσέως,
760 1439 778 1506 δ
793 1442 843 1506 καί
857 1443 886 1518 ἐξ
900 1439 992 1524 αὐτῆς
1004 1447 1056 1524 τής
1069 1447 1123 1508 τοῦ
1138 1449 1272 1527 σωτῆρος
1285 1443 1458 1526 ἐπικρίσεως

304 1551 458 1613 δείκνυται.
502 1541 603 1620 Αὐτός
621 1541 676 1630 γόρ
693 1542 730 1620 ῦς
749 1541 916 1628 παρήγαγες
933 1547 1095 1628 μαρτυρίας
1113 1543 1187 1612 κατύ
1206 1551 1318 1610 σαυτοῦ
1338 1547 1455 1611 ἐπισυν-

303 1649 417 1736 ήγυγες.
463 1647 576 1713 Φύσκει
591 1645 647 1732 γοίρ
663 1643 681 1713 ό
698 1644 802 1731 κῦριος
819 1647 851 1710 έν
868 1652 910 1734 τρῦ
926 1643 1082 1736 εὐαγγελίῳ
1099 1645 1160 1727 ότι,
1190 1653 1330 1730 Μωῦσής
1345 1649 1457 1732 έγραηιε

304 1750 379 1820 κατῦ
391 1749 446 1835 τήν
460 1752 693 1836 σκληροκαρδίαν
708 1745 802 1831 ὐμῶν.
827 1747 868 1812 uO
883 1749 916 1814 δέ
931 1751 1043 1834 έγραψε
1057 1755 1204 1832 Μωῦσής,
1220 1747 1276 1816 οὐκ
1289 1747 1375 1826 ἐκτός
1387 1753 1457 1832 βου-
1532 1737 1533 1800 ἶ

177 1892 228 1938 μς.
241 1877 286 1922 ιιι.
304 1853 414 1939 λήσεως
430 1860 508 1920 θεοῦ
524 1855 666 1939 ἔγραφεν,
698 1849 767 1916 ὐλλύ
783 1853 815 1916 έκ
832 1849 998 1934 πυεύματος
1014 1848 1101 1937 όγίου
1118 1853 1323 1934 ἐνομοθέτησε.
1367 1853 1458 1938 Λέγει

303 1957 358 2046 γόρ
377 1954 395 2024 ό
413 1955 516 2044 κύριος
535 1957 567 2021 έν
584 1961 625 2044 τῷ
642 1952 812 2042 εὐαγγελίῳ,
835 1952 876 2018 Ὃ
894 1950 912 2018 ό
928 1952 1001 2030 θεός
1020 1955 1202 2035 συνέζευξεν,
1233 1953 1398 2040 ἅνθρωπος
1414 1955 1457 2037 μή

302 2061 452 2146 χωριζέτω.
486 2060 547 2124 Καί
564 2065 628 2138 πῶς
641 2058 789 2134 συνέζευξε
804 2060 941 2139 διεξῆλθε
954 2054 987 2122 τό
1001 2059 1091 2141 ῥῆμα,
1113 2060 1163 2122 ίνα
1177 2057 1332 2141 μόθωμεν,
1353 2059 1457 2142 λέγων,
1532 2065 1533 2134 J

304 2162 383 2230 Ἀντλ
399 2161 507 2230 τοῦτου
522 2163 691 2240 καταλείψει
708 2156 872 2244 όίνθριοπος
887 2156 938 2226 τόν
954 2160 1066 2244 πατέρα
1081 2157 1189 2240 αὐτοῦ,
1211 2162 1261 2226 καί
1277 2156 1457 2242 κολληθήσε-

303 2294 351 2334 ται
366 2273 402 2356 τή
419 2266 537 2352 γυναικί
554 2259 661 2339 αὐτοῦ,
690 2263 740 2328 καλ
756 2263 873 2328 ἐσονται
889 2265 920 2328 οἱ
934 2260 990 2328 δύο
1006 2265 1048 2337 είς
1064 2259 1160 2348 σόρκα
1179 2266 1256 2346 μίαν.
1301 2257 1380 2328 Eho
1395 2263 1457 2326 ἐπι·

304 2371 403 2454 φέρει,
426 2369 530 2454 λέγων,
551 2362 584 2429 Ὁ
599 2356 653 2430 οὐν
670 2361 688 2430 ό
702 2361 776 2441 θεός
789 2365 969 2443 συνέζευξεν,
992 2362 1155 2448 ἅνθρωπος
1171 2364 1212 2448 μή
1226 2366 1383 2450 χωριζέτω·
1407 2368 1457 2429 καί

304 2477 349 2539 τοί
363 2495 395 2556 γε
409 2469 545 2554 οὐδαμοῦ
559 2475 613 2534 τοῦ
623 2473 730 2552 κυρίου
745 2473 832 2532 τοῦτο
847 2465 1009 2552 εἰρηκότος,
1025 2463 1154 2548 ὁπηνίκα
1168 2465 1220 2534 τόν
1233 2463 1327 2549 Ἀδύμ
1340 2468 1392 2532 καί
1405 2463 1459 2548 τήν

305 2572 392 2638 Εὕαν
404 2575 542 2652 έπλασεν,
565 2569 705 2654 ἢμόνον,
730 2567 909 2652 Ποιήσωμεν
924 2567 1005 2658 αὐτῷ
1019 2565 1081 2636 κατ’
1095 2566 1185 2637 αὐτόν
1201 2567 1330 2653 βοηθόν.
1372 2566 1457 2634 ’And

304 2682 390 2740 τοῦτο
412 2672 473 2740 ὐπό
492 2681 545 2740 τοῦ
561 2671 654 2755 Ἀδόμ
675 2675 803 2756 εἴρηται,
836 2669 1030 2754 4ίίτεύνέστη
1049 2672 1081 2738 ἐκ
1099 2677 1153 2738 τοῦ
1170 2669 1283 2752 ῦπνου,
1315 2672 1365 2737 καί
1384 2667 1457 2748 slas,

310 2783 403 2843 Τοῦτο
427 2783 483 2841 νῦν
504 2772 611 2841 όστοῦν
632 2777 666 2841 έκ
687 2782 747 2840 τῶν
768 2772 864 2840 όστῦν
882 2800 956 2858 μου,
988 2775 1040 2841 καί
1056 2771 1128 2858 σῦρξ
1144 2775 1177 2840 έκ
1193 2781 1246 2857 τής
1261 2772 1373 2859 σαρκός
1388 2799 1456 2856 μου,

305 2878 379 2962 αῦτη
395 2876 574 2962 κληθήσεται
588 2875 678 2964 γυνή,
700 2876 745 2942 ὅτι
764 2878 797 2944 ἐκ
814 2884 868 2943 τοῦ
886 2875 997 2963 ὐνδρύς
1011 2872 1102 2960 αὐτῆς
1116 2875 1235 2959 ἐλήφθη
1251 2875 1337 2960 αῦτη.
1381 2872 1456 2940 Εέτό

305 3002 411 3066 φησιν,
440 2979 519 3047 Ἀντί
536 2977 642 3046 τοῦτον
659 2983 828 3060 καταλείψει
846 2978 1008 3065 ἄνθρωπος
1026 2976 1079 3044 τόν
1094 2979 1205 3064 πατέρα
1222 2975 1315 3044 αὐτοῦ
1334 2981 1386 3046 καί
1404 2975 1456 3059 τήν

304 3087 414 3172 μητέρα
428 3081 535 3161 αὐτοῦ,
556 3084 605 3148 καί
621 3080 832 3165 κολληθήσεται
846 3089 881 3171 τῇ
898 3083 1015 3167 γυναικί
1030 3079 1138 3160 αὐτοῦ,
1160 3082 1212 3147 καλ
1225 3083 1343 3147 ἔσονται
1355 3084 1389 3148 ολ
1400 3077 1454 3145 δύο

304 3192 346 3266 είς
366 3187 460 3274 σόρκα
480 3191 558 3270 μίαν.
605 3181 650 3250 Οὐ
671 3190 725 3250 τοῦ
746 3191 821 3250 θεοῦ
843 3189 943 3250 τοίνυν
958 3191 1045 3251 τοῦτο
1065 3181 1215 3262 εἰπόντος,
1245 3191 1300 3250 τοῦ
1317 3185 1351 3250 δέ
1363 3179 1454 3262 Ἀδιλμ

303 3290 470 3378 είρηκότος,
492 3295 545 3354 τοῦ
559 3291 665 3374 κυρίου
683 3286 715 3352 δὲ
730 3289 1002 3374 ἐπιμαρτυροῦντος
1018 3289 1050 3352 έν
1065 3293 1106 3374 τρῖ
1121 3283 1274 3374 εὐαγγελίῳ
1292 3292 1370 3352 θεοῦ
1384 3280 1453 3350 εἶναι
1531 3347 1532 3360 2

304 3394 336 3461 τό
353 3398 448 3481 ῥῆμα,
470 3390 504 3459 τό
520 3388 569 3457 διῦ
584 3397 637 3456 τοῦ
654 3387 747 3473 Ἀδόμ
762 3391 931 3476 είρημένον,
954 3386 1004 3454 ὐπ’
1018 3386 1110 3473 αὐτῆς
1126 3396 1178 3470 τῆς
1193 3384 1367 3464 όποθέσεως
1384 3389 1453 3452 ἔδει·
1531 3441 1532 3452 ,

304 3503 350 3576 ξεν
367 3495 413 3564 ότι
432 3499 494 3563 ἐκεῖ
505 3495 557 3577 μέν
571 3491 664 3576 Ἀδύμ
681 3497 787 3578 είρηκε,
809 3498 885 3557 θεοῦ
901 3492 934 3556 δέ
947 3490 1087 3574 βούλησις
1102 3492 1272 3578 ἐφθέγγετο.
1319 3491 1380 3554 Καὶ
1394 3479 1452 3553 οὐδε
1531 3481 1532 3516 ί

304 3597 476 3684 όΜωῦσής
497 3597 707 3680 ἐνομοθέτησε,
737 3601 812 3660 θεοῦ
833 3591 912 3684 αὐτῷ
931 3599 1170 3681 καταγγείλαντος
1190 3591 1246 3675 τήν
1263 3594 1448 3676 νομοθεσίαν-

306 3703 366 3764 ίίαλ
382 3693 470 3766 αὗται
485 3701 538 3784 μέν
552 3697 609 3782 ήδη
624 3701 657 3764 αί
671 3695 726 3764 δύο
745 3719 800 3764 σου
813 3699 903 3774 λέξεις
916 3698 1067 3776 διέπεσον,
1087 3697 1138 3762 καί
1153 3693 1191 3762 οὐ
1207 3693 1368 3779 πόρρωθεν
1382 3685 1449 3758 α’λίιί

305 3799 354 3868 ὐπ’
371 3799 462 3884 αὐτῆς
474 3809 528 3885 τής
541 3801 675 3888 χρήσεως.
721 3800 781 3865 Καί
796 3797 844 3864 ότι
860 3799 913 3882 μίν
928 3801 1094 3881 νομοθεσία
1111 3804 1187 3864 θεοῦ
1203 3801 1279 3878 ἐστι,
1302 3804 1387 3862 τοῦτο
1400 3795 1450 3872 δή·

303 3913 361 3970 λον.
407 3908 564 3986 Πανταγοῦ
582 3905 615 3970 δέ
631 3900 705 3978 θεός
724 3910 881 3984 νομοθετεῖ
894 3899 931 3966 τό
947 3901 1000 3984 μέν
1016 3904 1058 3978 είς
1074 3899 1214 3983 χρόνους,
1242 3897 1278 3965 τό
1298 3899 1330 3964 δέ
1347 3898 1387 3972 τίς
1402 3888 1450 3957 τό·

304 4031 389 4086 πους,
411 4001 446 4068 τιί
460 4005 492 4068 δέ
505 4007 547 4081 είς
560 4003 748 4086 όποκόλυψιν
761 4011 822 4069 τοῦυ
836 4002 997 4086 μελλόντων
1009 4005 1130 4068 ίσεσθαι
1143 4000 1277 4088 όγαθῦν,
1301 3992 1343 4068 σόν
1355 3991 1449 4064 έλθιύν

305 4107 323 4176 ό
338 4107 442 4195 κόριος
458 4104 544 4189 ήμῶν
559 4104 672 4190 Ἰησοῦς
690 4104 819 4189 Χριστός
834 4108 923 4183 έδειξε
941 4105 996 4190 τήν
1011 4103 1160 4192 πλήρωσιν
1176 4107 1209 4172 έν
1227 4111 1270 4194 τῷ
1289 4100 1446 4188 εὐαγγελίῳ·

178 4223 243 4293 Κεφ.
260 4215 283 4277 ι’.
393 4209 435 4276 Τό
450 4209 481 4275 δέ
494 4215 546 4291 τῆς
559 4208 642 4295 πυροί
653 4213 701 4276 σοί
713 4212 814 4296 ίτέρας
825 4215 908 4274 θειῦν
921 4210 1091 4294 διαιρέσεως
1103 4215 1186 4294 τριχῆ
1197 4205 1287 4274 πόλιν
1299 4201 1450 4288 διαιρεθεί-

305 4335 358 4398 σης
372 4309 566 4396 ἐπαναλαβιίν
582 4313 633 4377 καί
650 4309 725 4376 αὐτῦ
739 4315 824 4390 δείξω
840 4309 923 4398 πυροί
940 4312 985 4377 σοί
1003 4311 1299 4395 σεσυκοφαντημένα,
1327 4307 1373 4374 καί
1391 4296 1448 4367 οὐκ

337 4469 363 4522 3.
372 4462 425 4531 Ὃς
440 4487 486 4522 και
503 4475 620 4533 comparet
637 4471 662 4520 λιι
679 4470 751 4522 ίίίιλε

337 4533 362 4590 4.
378 4539 443 4590 λωελ
459 4541 542 4592 habeut
557 4531 605 4594 ότι.
640 4540 767 4592 Corma
782 4541 832 4590 λατι
848 4541 916 4590 υιιίίλ
932 4535 1040 4606 qundo.
