3096 4988
1278 206 1287 245 Ι

324 301 384 366 290
746 262 1050 368 εκαστίταιιιιαιι

323 429 422 514 φήσας
435 425 515 518 αότρῖ
529 425 548 493 ό
561 425 634 504 θεός
648 424 709 493 κατ’
725 430 898 511 ἐπιτίμησιν,
923 425 1077 513 Πάροικσν
1090 427 1171 491 ἐσται
1183 423 1216 491 τό
1231 425 1348 511 σπίρμα
1364 447 1421 492 σου
1437 427 1469 492 ἐν

324 539 361 623 γῇ
379 531 527 619 ἀλλοτρίᾳ,
557 532 608 596 καί
623 529 896 596 καταδουλώσουσιν
914 527 1008 595 ἐαότό
1026 531 1076 612 ἐτη
1091 526 1278 614 τετρακόσια,
1306 527 1470 608 ἀσφαλείας

205 676 254 721 m·
270 663 312 708 ιιι,
326 639 409 702 ἕνεκα
427 633 476 700 διό
491 632 542 699 τόν
555 631 723 718 δισταγμὸν,
746 631 783 698 δι’
798 632 833 698 δν
848 629 937 712 εἶπεν,
960 633 1003 696 Et
1015 639 1055 721 τῷ
1070 631 1291 697 4ἐιατονιαέτει
1306 629 1373 707 αδδς
1386 631 1471 717 γενή-

325 761 416 804 σεται·
438 739 488 801 ’ίνα
503 734 543 820 μή
556 735 783 801 καταδουλωθέν
797 732 829 800 τό
844 737 959 820 σπίρμα
972 731 1032 800 όπό
1047 737 1260 819 είδοιλολαιρόν
1273 731 1472 820 καίιάπίστοον

324 843 495 926 Αίγυπτίοιν
511 837 685 922 ἐπιλάθηται
700 843 776 904 θεοῦ
792 843 851 903 τοῖν
868 839 1003 922 πατέρων
1022 834 1129 916 αότοῦ,
1159 838 1305 918 ἐπέθηιιεν
1322 835 1402 926 αὐτῷ
1417 840 1471 903 καί
1545 839 1546 874 ί

323 941 423 1019 αὐτοῖς
443 941 497 1024 τήν
515 944 657 1026 ἔνσαρκον
675 929 849 1026 περιτομήν,
877 943 929 1004 ’ίνα
946 935 1072 1024 δρῶντες
1089 936 1387 1022 δπομιμιήσκοινται,
1417 943 1472 1005 καὶ

323 1052 528 1123 δυςοιποδνται,
557 1046 608 1109 καί
632 1044 672 1126 μή
697 1041 845 1130 ἀρνῶνται
865 1039 964 1108 αὐτόν.
1009 1043 1070 1106 Καί
1087 1040 1236 1124 διήρκεσεν
1253 1039 1318 1126 ἀχρι
1340 1049 1472 1128 Χριστοῦ

322 1155 424 1213 τοῦτο·
441 1149 492 1212 καλ
507 1145 617 1212 τοότου
630 1149 714 1212 ἕνεκα
727 1148 776 1210 καλ
792 1143 882 1220 αότός
894 1141 1012 1210 εόδοιιεῖ
1023 1151 1247 1230 περιτμηθῆναι.
1276 1147 1335 1210 Καὶ
1351 1143 1470 1229 ἀνθρω-

324 1277 381 1327 πος
398 1251 514 1336 γίγονεν
528 1251 561 1315 ἐν
575 1247 709 1338 ἀληθείη,
730 1247 849 1314 ἀνωθεν
863 1245 959 1313 ἐλθάν
973 1249 1006 1313 ἐκ
1022 1244 1133 1332 πατρός
1145 1245 1219 1323 θεός
1230 1244 1325 1332 λόγος,
1346 1249 1397 1312 καί
1414 1247 1472 1314 ουίι

322 1351 509 1434 ἀποθέμενος
525 1350 578 1434 τήν
594 1351 737 1435 θεότητα,
759 1349 829 1416 ἀλλά
846 1349 940 1436 σόριια
958 1351 1088 1435 φορίσας
1105 1352 1137 1414 ἐν
1154 1347 1294 1439 ἀληθεία,
1315 1354 1425 1415 τελείαν
1442 1377 1472 1416 τε

324 1454 551 1540 ἐναυθρόπησιν
567 1456 655 1538 ἐχειν,
686 1455 899 1538 περιτέμνεται,
928 1449 965 1516 τό
983 1450 1079 1517 πάντα
1097 1455 1262 1536 οίκονομοῑν
1283 1453 1316 1518 ἐν
1332 1451 1471 1541 ἀληθείᾳ,

323 1561 373 1622 ἵνα
388 1559 438 1622 καὶ
451 1554 607 1636 Ἰουδαῖοι,
636 1555 676 1633 ἀς
691 1565 849 1643 προεῖπον,
876 1553 1087 1641 ἀναπολόγητοι
1104 1552 1201 1634 όντες,
1226 1557 1275 1620 παλ
1295 1561 1470 1640 Μανιγαῖοι,
1546 1597 1547 1614 1

327 1661 378 1725 καί
395 1657 476 1724 ἀλλοι
494 1658 737 1745 ἐλεγχθήσονται,
766 1659 816 1724 καί
833 1662 883 1723 ίνα
900 1659 1091 1742 περιτμηθεὶς
1109 1655 1235 1743 εὐλόγοις
1251 1656 1401 1748 καταλόση
1417 1657 1473 1742 τήν

329 1759 502 1847 περιτομήν,
524 1763 576 1826 καί
590 1760 678 1844 ἀλλην
692 1765 807 1846 μείζονα
822 1763 916 1850 δείξη,
939 1757 992 1842 οὐχ
1007 1756 1048 1836 οός
1061 1755 1103 1842 μή
1117 1761 1203 1842 ἔχων,
1226 1761 1276 1825 καὶ
1291 1761 1387 1849 ἐαυτῷ
1402 1783 1472 1826 συν-

331 1862 498 1946 ιστάμενος,
526 1861 596 1928 ἀλλά
620 1866 692 1948 ἔχων
713 1864 777 1947 μίν,
807 1861 920 1939 δεικνός
943 1863 975 1928 δὲ
996 1860 1040 1928 ότι
1060 1860 1169 1946 ταύτης
1185 1860 1282 1929 οόκέτι
1302 1864 1364 1928 ἐστί
1380 1869 1471 1950 χρεία,

330 1963 400 2030 ἀλλά
420 1973 472 2048 τῆς
493 1969 627 2049 μείζονος.

180 2087 245 2156 Κεφ,
263 2084 313 2141 κν,
416 2071 476 2134 Καὶ
493 2067 539 2135 ότι
556 2070 608 2152 μὲν
625 2067 718 2145 εόθδς
731 2070 886 2154 γεννηθείς
900 2065 974 2144 θεός
989 2060 1044 2152 ἦν,
1073 2068 1123 2132 καί
1141 2064 1178 2132 οό
1194 2065 1283 2149 ψιλός
1298 2066 1471 2154 ἅνθρωπος,

330 2174 362 2238 σί
379 2170 484 2258 Μάγοι
504 2179 607 2254 σοφός
624 2176 759 2250 δείξουσι.
802 2168 891 2235 Μετά
908 2169 964 2256 γάρ
983 2168 1038 2236 δόο
1056 2171 1131 2235 ἐτοῖν
1148 2167 1254 2256 χρόνον
1260 2220 1269 2250 ,
1299 2167 1342 2247 σός
1358 2172 1472 2250 ἐδειξον

330 2281 370 2363 τῷ
384 2271 500 2365 Ἦρόδη
514 2273 566 2341 τόν
578 2274 685 2362 χρόνον
697 2281 751 2340 τοῦ
766 2271 896 2358 ἀστίρος,
914 2270 973 2338 ἀπό
989 2276 1103 2348 διετοῦς
1116 2273 1166 2338 καί
1179 2274 1344 2359 κατωτέρω,
1367 2273 1470 2340 ἐλθόν

330 2403 376 2454 τες
392 2379 432 2454 είς
444 2374 645 2462 Ἰερουσαλήμ,
666 2378 717 2442 καί
730 2373 924 2462 ἐρωτήσαντες
939 2377 971 2440 οί
983 2373 1065 2442 αότολ
1083 2372 1201 2460 Μόγοι,
1223 2377 1274 2440 καί
1289 2373 1412 2461 γνόντες
1424 2375 1470 2442 ότι

332 2481 363 2544 ἐν
377 2480 509 2563 Βηθλεὲμ
527 2477 653 2566 Χριστός
669 2485 817 2566 γεννᾶται,
846 2480 970 2561 ἐξῆλθον
985 2476 1075 2543 πόλιν
1090 2484 1144 2543 τοῦ
1159 2475 1278 2564 ἀστέρος
1291 2475 1474 2564 όδηγοῦντος

331 2579 448 2661 αὐτοῖς,
477 2584 528 2647 καλ
547 2576 643 2665 ήλθον
664 2580 722 2647 ἀπό
740 2577 945 2668 Ἱεροσολόμοον
964 2581 1006 2657 είς
1023 2582 1167 2664 Βηθλεέμ.
1212 2582 1273 2645 Καὶ
1293 2581 1474 2658 είςελθόντες

330 2677 417 2768 εὗρον
431 2681 521 2750 αότδν
536 2683 673 2767 μεσότης
687 2683 796 2771 μητρός
811 2681 904 2749 αόεοό
919 2687 1056 2769 Μαρίας,
1077 2685 1129 2749 καί
1144 2680 1280 2758 πεσόντες
1292 2684 1473 2768 πρυςενόνη-

331 2806 385 2850 σαν
401 2783 494 2874 αότῷ,
516 2787 566 2850 καί
580 2785 781 2872 προςήνεγκαν
794 2785 831 2850 τό
846 2790 935 2872 δοῖρα.
979 2787 1022 2850 Et
1032 2789 1133 2852 τοίνυν
1148 2783 1242 2862 εόθδς
1255 2796 1474 2870 προςνυνεῑται,

331 2884 368 2952 οό
388 2885 476 2969 ψιλός
493 2885 654 2974 ἅνθρωπος
670 2885 688 2954 ό
706 2891 874 2974 γεννηθείς,
903 2886 972 2954 ἀλλά
991 2885 1077 2964 θεός·
1106 2890 1158 2954 καί
1173 2886 1210 2954 οό
1227 2885 1298 2970 μετὰ
1315 2887 1474 2974 τριάιιονια

331 2992 397 3072 ἐτη,
426 2991 476 3054 καί
495 2986 531 3055 ου’
548 2989 618 3073 μετά
632 2989 666 3056 τό
684 2990 835 3074 βάπτισμα
852 2989 979 3078 Χριστός
995 2995 1117 3077 γίνεται,
1146 2989 1217 3056 ἀλλά
1234 2987 1327 3066 εόθός
1343 2989 1476 3076 Χριστός

323 3090 477 3178 ἐγεννήθη
491 3091 550 3160 ἀπό
568 3097 691 3179 Μαρίας
703 3096 858 3180 παρθένοα
872 3093 945 3171 θεός
958 3095 1009 3160 καί
1024 3091 1193 3180 ἅνθρωπος.
1236 3091 1293 3158 Διό
1310 3094 1357 3158 ταί
1375 3095 1408 3158 οί
1421 3091 1476 3179 ἀγ-

330 3202 408 3280 γελοι
425 3192 519 3272 ιόθός
532 3192 674 3278 όμνοῦσι,
703 3198 847 3282 λέγοντες,
878 3195 960 3274 Δόξα
976 3199 1007 3262 ἐν
1023 3193 1160 3280 όψίστοις
1176 3201 1255 3285 θεῷ,
1284 3195 1335 3261 καλ
1352 3197 1403 3262 ίπλ
1418 3204 1478 3281 γῆς

333 3296 433 3385 εἰρήνη
441 3348 450 3378 ,
473 3300 504 3364 ἐν
519 3296 693 3385 ἀνθρώποις
706 3297 839 3380 εὐδοκία,
862 3301 914 3365 καί
927 3297 1152 3386 εόαγγιλίζονται
1167 3297 1237 3376 τοός
1251 3299 1408 3380 ποιμίνας,
1430 3301 1476 3364 λέ-

332 3425 441 3487 γοντες,
461 3398 621 3488 Ἐγεννήθη
636 3399 706 3485 ἡμῖν
722 3401 850 3489 Χριστός
862 3399 965 3488 πόριος
980 3401 1106 3488 σήμερον
1120 3403 1152 3468 ἐν
1165 3399 1247 3467 πόλει
1261 3403 1368 3482 Δαβίδ.
1413 3404 1478 3466 Καὶ

331 3501 368 3568 ου’
382 3501 474 3586 μόνον
489 3511 591 3582 τοῦτο,
614 3495 638 3569 οδ
653 3501 818 3588 ήπατημένε
831 3501 951 3587 Ἐβίου,
974 3507 1134 3585 δείκνυται,
1157 3501 1227 3569 ἀλλά
1242 3505 1294 3568 καί
1307 3499 1367 3568 ἀπό
1382 3505 1476 3569 διοδε-

331 3613 453 3682 καιιοῦς
467 3603 628 3693 εόρίσκεται
645 3606 816 3690 καθήμενος
832 3604 978 3691 ἀναμέσσν
995 3613 1053 3673 τόν
1070 3609 1171 3692 ίερέοον
1188 3607 1239 3671 καί
1256 3606 1477 3692 πρεσβυτέραν,

211 3741 261 3788 ηις.
275 3729 318 3774 ιιι.
332 3709 447 3791 ἐρωτῶν
463 3707 585 3788 αότοός,
607 3711 659 3774 καί
674 3716 766 3792 ζητῶν
783 3707 841 3793 μετ’
856 3707 968 3789 αότοῑν,
990 3711 1041 3775 καί
1058 3708 1258 3792 ἐξεπλήττοντο
1274 3709 1324 3774 eui
1338 3715 1381 3796 τῷ
1395 3707 1479 3798 λόγῳ

331 3815 383 3890 τῆς
396 3808 522 3895 γάριτος,
541 3818 581 3900 τῷ
597 3813 818 3902 ἐκπορευομένη)
836 3815 868 3880 ἐκ
882 3819 936 3878 τοῦ
950 3810 1093 3895 στόματος
1106 3809 1209 3876 αότοό.
1249 3811 1309 3874 Καὶ
1322 3806 1386 3892 οόγλ
1402 3809 1479 3894 μετ-ἀ

330 3908 363 3974 τό
379 3911 550 3996 τριακοστόν
563 3915 627 3990 ἐτος
642 3916 733 3980 ἐποίει
745 3923 848 3996 τοῦτο,
868 3917 919 3980 ’ίνα
933 3919 1019 4004 εἴπης
1039 3913 1085 3981 ότι
1102 3911 1153 3995 ἀφ’
1169 3906 1207 3980 οὗ
1219 3905 1294 3996 ήλθε
1308 3909 1342 3978 τό
1357 3920 1481 3997 πνεῦμα

331 4013 373 4088 είς
396 4009 485 4079 αὐτόν
508 4014 635 4101 Χριστός
654 4019 779 4103 ἐγίνετο,
808 4015 878 4083 ἀλλά
899 4015 993 4094 εόθδς
1013 4015 1073 4084 ἀπό
1095 4019 1308 4096 δαδεκαετοῦς,
1338 4010 1381 4090 νίς
1400 4041 1481 4102 προ.

330 4123 430 4196 εἶπον,
460 4114 500 4193 ός
517 4119 673 4204 γέγραπται
698 4123 730 4187 ίν
752 4127 793 4210 τῷ
811 4120 886 4188 κατά
904 4125 1029 4188 Λουκᾶν
1050 4116 1212 4209 εόαγγελίηο.
1254 4114 1338 4184 Ἀλλά
1359 4117 1411 4182 ml
1436 4121 1483 4185 ἐτι

362 4309 387 4364 3.
406 4303 466 4364 αότό
483 4312 576 4372 reposui
589 4326 617 4362 ιτ
631 4312 682 4362 ασελ
695 4313 801 4377 madia„
815 4327 883 4366 ιιιιιιι
918 4312 1023 4365 vitutem
1039 4309 1143 4380 adigunt
1160 4309 1240 4379 ipsum
1259 4325 1304 4379 ρετ
1323 4325 1402 4362 annot
1422 4320 1484 4364 tre-

328 4382 464 4442 ροαιαοαι.
488 4377 552 4428 ιιιιιι
566 4381 620 4429 um
633 4381 715 4430 καιτοι
728 4373 805 4434 αὐτώ.
834 4383 883 4433 εει
918 4391 1011 4434 cento..

331 4449 457 4500 σατιστλαι
472 4451 530 4498 τιατ
548 4449 615 4499 οπλα
631 4447 727 4499 latine:
745 4437 810 4500 et‘in
826 4467 883 4500 τετ-
949 4447 974 4502 4.
990 4451 1054 4502 λίθοι’
1070 4451 1141 4515 υυλςσ
1157 4463 1234 4502 οικπιε
1251 4443 1429 4516 &mmlx-n.
