3106 4990
293 269 354 333 508
714 281 837 334 amer!
854 281 1023 334 ΕΡΙΡΗΔΝΙΙ

293 399 335 483 μὴ
348 401 485 484 φέρομεν
499 396 566 482 μεθ’
579 399 693 466 όαυτῦν
708 403 829 480 κακίαν,
851 397 1015 483 ἢὴδονιὶν,
1036 397 1200 485 ἢίηθραν,
1223 399 1285 483 ἥτε
1301 403 1408 487 ἕτερον
1424 403 1457 466 έν

293 511 357 578 ταῖς
378 505 522 578 διανοίαις
547 499 673 568 ιαὑτοῖν.
715 499 796 567 Ἐπεί
819 509 883 578 ποῦς
905 500 942 566 όν
958 504 1069 585 έχωμεν
1084 506 1217 581 δυνατάς
1232 506 1282 570 καί
1298 501 1353 586 τήν
1369 529 1456 588 ωρι-

293 602 398 690 στεράν
413 602 613 688 μιμήσασθαι,
636 604 679 688 μή
694 603 778 681 έκτός
791 601 942 690 γενόμενοι
956 609 1077 683 κατίοιςς
1098 610 1150 671 καί
1164 611 1211 672 τοί
1226 615 1327 693 γετοῦ
1341 607 1456 692 γένους

293 714 346 790 τῆς
367 714 537 794 περιστερᾶς
559 709 590 772 έν
610 715 728 784 πολλοῖς
745 706 912 793 πράγμασιν
932 705 988 774 οῦκ
1005 709 1230 791 ἐπαινουμένου.
1273 705 1455 789 Ἀκόλαστον

293 810 347 895 γάρ
370 813 454 895 γένος
470 817 657 896 περιστερᾶς,
686 812 738 874 καλ
753 814 927 892 πολυμιξίας
949 809 990 894 μη
1005 808 1262 893 άνακοπτόμενον,
1291 811 1404 896 λάγνον
1422 839 1453 878 τε

293 914 343 977 καλ
364 909 435 978 καθ’
455 912 536 997 άραν
557 911 654 1000 η’δονηῑ
676 918 959 998 προςανοκείμενον,
988 911 1065 999 πρός
1086 915 1119 979 δὲ
1138 913 1255 990 τούτοις
1272 911 1379 980 δίτονον
1395 918 1453 982 καί

293 1013 427 1101 βληηρόν.
473 1013 533 1080 Διά
556 1015 589 1080 δέ
612 1013 645 1080 τό
667 1011 780 1080 όίτατιον
803 1017 855 1080 καλ
878 1014 1077 1100 μακρόθυμον
1099 1018 1152 1081 καί
1174 1013 1376 1100 άμνησίιιστιον
1394 1025 1453 1083 τοῦ

292 1117 386 1198 ζόου,
409 1119 452 1182 έτι
467 1114 525 1199 μην
541 1118 593 1182 καλ
608 1115 657 1182 διά
673 1116 705 1182 τό
722 1120 754 1183 έν
769 1121 840 1182 είδει
856 1125 1027 1203 περιστεράς
1041 1117 1198 1200 πεφάνθαι
1212 1119 1246 1185 τό
1261 1119 1346 1206 άγιον
1360 1127 1452 1185 πνεῦ-

293 1247 348 1303 μα,
377 1218 565 1303 μιμήσασθαι
587 1216 668 1301 ἡμᾶς
688 1219 823 1303 βούλεται
847 1219 864 1287 ό
887 1230 973 1297 θεῖος
991 1220 1078 1308 λόγος
1099 1229 1153 1288 τοῦ
1175 1219 1261 1307 άγίου
1282 1221 1452 1306 πνεύματος

292 1321 346 1406 τὴν
362 1321 503 1406 βούλησιν
517 1323 636 1404 καὶτῆς
650 1319 766 1388 ἀποίκου
782 1331 954 1408 περιστερᾶς
967 1321 1022 1406 τὴν
1035 1322 1177 1405 άκακίαν,
1200 1322 1288 1402 όντας
1302 1327 1356 1408 μέν
1372 1323 1451 1408 η’μᾶς

292 1431 460 1510 φρονίμους
480 1427 523 1501 είς
543 1422 576 1490 τό
600 1421 733 1510 άγαθόν,
764 1423 923 1508 άτεραίους
942 1427 974 1491 δὲ
995 1425 1086 1502 είςτό
1107 1425 1209 1494 κακόν.
1255 1430 1316 1493 Καὶ
1332 1430 1450 1494 λέλυται

257 1541 259 1548 “
292 1525 442 1611 ἡτοάτων
459 1534 540 1592 πᾶσα
556 1529 783 1614 δραματουργία.
828 1525 939 1605 Εόθός
955 1527 1012 1614 γάρ
1029 1527 1046 1596 ό
1063 1529 1148 1615 ἅγιος
1163 1528 1327 1607 ἀπόστολος
1341 1529 1377 1596 τό
1396 1557 1450 1596 πα-

293 1638 420 1716 νοῦργον
434 1634 485 1694 καί
502 1632 659 1712 ἐπίβουλον
676 1629 730 1713 οῦγ
747 1629 871 1716 όρίζεται
885 1633 1112 1717 περισσοτέρως,
1140 1631 1212 1698 άλλό
1227 1631 1301 1699 κατά
1317 1641 1372 1699 τοῦ
1388 1638 1448 1699 δια-

293 1732 384 1816 βόλου
403 1730 524 1799 καὶτοῦ
542 1731 656 1813 ὄφεως,
678 1735 784 1819 λέγων,
811 1737 971 1817 Φοβοῦμαι
987 1735 1019 1800 δέ
1034 1733 1076 1817 μή
1093 1761 1172 1815 πως,
1195 1734 1237 1812 οἷς
1251 1733 1270 1802 ό
1284 1733 1357 1817 ὄφις
1372 1734 1447 1820 ἠπά-

164 1910 169 1920 ,
292 1857 378 1918 πηοεν
395 1833 497 1914 Εὔαν,
528 1837 560 1900 έν
579 1841 615 1924 τῇ
634 1839 802 1924 πανουργίᾳ
822 1833 915 1902 αὐτοῦ
937 1844 1044 1927 φθαρῇ
1064 1837 1101 1902 τά
1122 1837 1255 1920 νοήματα
1276 1837 1365 1922 ῦμοῖν
1390 1839 1449 1906 άπδ

292 1946 345 2021 τῆς
363 1936 526 2020 άπλότητος
542 1941 593 2003 καλ
610 1936 728 2023 άγνείας
746 1945 878 2022 Χριστοῦ
895 1941 947 2004 καλ
963 1937 1160 2022 δικαιοσύνης.
1203 1939 1293 2029 Ὁρᾷς
1311 1940 1352 2020 οἱς
1369 1953 1449 2023 φθο-

292 2039 348 2127 ράν
366 2038 517 2134 άπέφηνεν
532 2039 550 2107 ό
566 2038 731 2118 όπόστολος
744 2044 794 2106 καί
812 2046 996 2128 πανουργίαν
1013 2040 1114 2125 δεινὴν
1130 2045 1183 2107 καλ
1198 2041 1316 2127 άπάτην
1332 2041 1369 2110 τά
1389 2043 1448 2110 όπδ

291 2151 346 2210 τοῦ
368 2143 467 2226 όφεοτς
488 2143 564 2229 πρός
585 2143 639 2227 τὴν
660 2142 748 2210 Εῦάν
765 2146 1061 2230 πεπραγματευμένα,
1093 2146 1143 2210 καλ
1165 2143 1222 2212 οῦκ
1242 2145 1397 2214 έπαινετόν
1421 2175 1449 2213 τι

292 2245 374 2334 παρά
395 2255 449 2314 τοῦ
471 2245 563 2314 αὐτοῦ
585 2248 777 2333 γεγενημένον
798 2243 937 2324 ὑπέδειξε.

162 2446 229 2515 Κεφ.
243 2444 275 2500 θ’.
381 2436 580 2520 Πανταχόθεν
605 2439 706 2502 τοίνυν
731 2433 855 2518 φυρατό
881 2437 932 2502 καλ
956 2437 1078 2519 ἔκδηλος
1100 2433 1121 2519 ἦ
1144 2433 1258 2504 τοῦτον
1279 2434 1369 2502 άνοιά
1390 2439 1449 2504 έστι

292 2539 381 2603 παντί
401 2545 443 2627 τῷ
460 2540 629 2627 βουλομένῳ
649 2540 755 2604 είδέναι
776 2536 831 2620 την
852 2545 906 2620 τῆς
922 2535 1064 2620 άληθείας
1081 2542 1273 2604 διδασκαλίαν
1294 2541 1346 2605 καλ
1363 2539 1446 2606 πνεῦ-

292 2665 383 2724 ματος
398 2638 484 2726 άγίου
500 2648 616 2726 γνοῦσιν.
650 2640 717 2708 Ἵνα
733 2640 766 2707 δέ
778 2638 825 2726 μὴ
840 2637 984 2708 άναλίσκω
1001 2639 1125 2726 χρόνον,
1146 2642 1199 2714 καλ
1215 2639 1326 2724 ταύτην
1343 2647 1447 2708 διασει-

292 2739 417 2823 σάμενος
433 2740 487 2825 τόν
500 2743 628 2826 χαλεπὴν
645 2747 696 2810 καὶ
712 2742 844 2810 δάπλουν
858 2751 912 2808 τοῦ
929 2741 1074 2830 πελάγους
1089 2741 1191 2825 ζάλην,
1217 2744 1267 2808 έπλ
1282 2742 1336 2820 τάς
1351 2745 1448 2828 ἑτέρας

293 2848 469 2922 θαλαττίους
484 2851 685 2932 ποντοπορίας
697 2845 731 2912 τό
747 2844 863 2928 σκάφος
881 2843 1054 2930 όπλίσομαι,
1077 2848 1221 2927 έπιμελῦς
1238 2844 1309 2922 τοῦς
1326 2843 1447 2930 αῦγένας

293 2952 409 3031 κρατοῦν
426 2949 458 3012 έν
473 2956 509 3037 τῇ
524 2955 578 3014 τοῦ
594 2955 670 3014 θεοῦ
686 2947 811 3030 δυνάμει
826 2950 877 3014 καὶ
893 2945 992 3032 εόγοῖς
1006 2945 1113 3034 άγίυν,
1136 2945 1220 3024 ὅπως
1234 2951 1447 3033 παραπλέοντες

292 3048 534 3134 κατοπτεόοαμεν
554 3055 613 3116 τῶν
634 3047 744 3136 όγρίυν
765 3048 905 3134 κυμάτων
926 3049 980 3133 την
998 3048 1160 3134 κάρτασιν,
1192 3052 1243 3116 καλ
1260 3056 1321 3117 τῶν
1338 3053 1372 3116 έν
1387 3059 1446 3126 τοῖς

293 3151 426 3237 πελάγεσι
441 3157 555 3238 θηρίων
570 3151 696 3236 ίοβόλον
710 3151 763 3228 τάς
779 3150 915 3238 μορφάς,
938 3151 1081 3236 άπληκτοι
1097 3153 1130 3218 δέ
1146 3151 1206 3218 άπό
1223 3151 1445 3238 σμυραινάδονς

294 3257 342 3321 ίοῦ
363 3257 415 3319 καλ
433 3259 577 3341 τρυγόνος
597 3257 649 3320 καὶ
665 3259 829 3340 δρακαίνης
846 3257 897 3321 καλ
914 3259 1075 3342 καρχαρίαν
1092 3257 1145 3321 καλ
1161 3259 1344 3341 σκορπαίνης
1360 3251 1442 3340 περό·

293 3377 359 3435 σαι,
389 3359 440 3421 καὶ
458 3365 512 3423 τοῦ
527 3357 628 3426 εόδίου
645 3364 698 3440 τῆς
714 3354 855 3440 άληθείας
870 3360 988 3440 λιμένος
1003 3356 1039 3423 δι’
1055 3355 1142 3440 εόγῆς
1157 3359 1209 3424 καὶ
1225 3361 1337 3434 ἱκεσίας
1352 3359 1442 3424 ἐπιτο-

171 3493 223 3540 pq.
236 3481 281 3526 τιε.
295 3469 355 3542 χεῖν
370 3462 580 3544 δυνηθείημεν·
603 3460 811 3544 πληρουμένου
824 3461 876 3524 καὶ
890 3462 921 3526 έν
935 3457 1008 3543 ἡμῖν
1021 3467 1075 3525 τοῦ
1087 3463 1195 3544 ῥητοῦ,
1216 3467 1285 3540 τοῦ,
1311 3463 1352 3526 Οί
1361 3485 1444 3526 κατα-
1535 3533 1536 3570 ρ

293 3565 447 3645 βαίνοντες
461 3565 503 3638 είς
517 3563 670 3630 θάλασσαν
685 3559 738 3638 τάς
754 3558 859 3648 α’ρετάς
875 3569 928 3628 τοῦ
945 3567 1053 3648 κυρίου
1069 3560 1267 3647 διηγήσονται.
1307 3560 1374 3642 Ἐφ’
1388 3562 1442 3626 ἑτέ·
1535 3571 1536 3648 η

294 3690 350 3749 ραν
370 3669 471 3730 τοίνυν
490 3664 601 3750 ταύτην
621 3669 750 3748 καθεξῆς
771 3662 826 3747 τόν
846 3669 968 3751 πορείαν
988 3664 1152 3748 ποιήσομαι
1175 3663 1250 3750 πρός
1271 3663 1411 3752 διήγησιν.

614 3856 770 3966 xm
810 3889 1125 3983 *Κιιιαοια

484 4008 772 4104 ὀκτωκαιδεκάτη,
799 4007 822 4104 ἡ
849 4015 908 4084 καὶ
933 4010 1114 4110 τριακοστὴ
1143 4010 1264 4107 ὀγδόη..

158 4164 224 4232 Κεφ.
243 4161 274 4218 α’.
379 4163 506 4224 Καιονοί
522 4183 597 4234 τινες
612 4157 819 4242 ὀνομάζονται,
849 4149 910 4224 dr&
927 4164 981 4225 τοῦ
999 4158 1079 4224 Κάϊν
1094 4158 1246 4244 εἰληφότες
1261 4157 1316 4246 τὴν
1334 4162 1440 4226 έπυνυ-

293 4264 363 4343 μίαν
379 4268 431 4344 τῆς
447 4262 593 4347 οίρέσεοις.
640 4253 730 4327 Οὗτοι
746 4260 801 4348 γάρ
819 4259 873 4328 τόν
891 4260 970 4326 Κάϊν
988 4263 1154 4344 ἐπαινοῦσι,
1183 4264 1235 4328 καί
1252 4263 1392 4346 πατέραέ
1428 4302 1439 4314 -

293 4370 351 4427 τῶν
368 4372 474 4430 τοῦτον
488 4363 640 4444 τάττουσι,
662 4366 713 4428 καί
729 4362 828 4446 αότολ,
852 4361 893 4441 άς
911 4367 1019 4443 είπεῖν,
1043 4361 1083 4441 τίς
1098 4363 1157 4432 άπό
1172 4368 1323 4451 διαφοράς
1339 4367 1439 4432 έπανν-

328 4517 387 4571 cn.
399 4521 466 4572 Vffl.
483 4547 517 4560 -
537 4521 557 4574 1.
577 4523 650 4586 Υιιλςο
667 4515 758 4576 αότῦν.
921 4520 949 4587 ⁸)
967 4505 1058 4576 νοίλῦι
1074 4521 1125 4576 οοδ
1138 4523 1236 4587 κλισίῃ.
