3096 4988
374 288 509 340 Pmoun
526 289 590 340 Hb.
605 288 624 338 l.
642 287 722 338 Tute
735 287 768 336 11.
785 285 883 342 HABR
897 285 989 345 XXX.
1191 273 1252 336 279

109 411 245 474 Dmuilerr'o
258 411 420 470 merdanus
431 410 485 470 lton
497 409 604 489 pascha
621 410 791 468 maome
807 407 956 468 oobr'scrrrrr·
997 402 1112 488 Quibus
1130 405 1250 489 insuper

105 511 273 574 uocabulum
292 509 365 586 boc,
398 513 533 582 onmem,
557 509 746 583 addiderunt,
769 527 860 590 seque
877 506 957 591 ipsos
978 507 1143 572 miserrimo
1165 507 1250 572 deee-

106 622 216 694 μιιιιιι,
240 632 305 674 cnm
322 631 374 694 per
388 631 532 674 summum
546 611 643 674 scelus
659 611 822 674 adulterets
837 608 982 692 scripturo
998 607 1074 672 buno
1088 609 1118 672 in
1132 611 1247 674 modurn

104 715 288 778 extuleruntr
327 716 403 774 Nure
421 717 559 774 derrilers'o
575 716 734 774 dmr'derom'
745 715 799 774 hoc
807 715 932 792 porcio,
956 733 1067 774 meere
1079 717 1250 778 multum

105 818 262 878 nobiscum?
304 813 396 897 Atqui
417 814 510 896 pelam
527 814 597 878 illud
616 814 796 892 ostenditur,
821 810 969 879 Christum
990 813 1136 878 dominum
1152 824 1182 876 et
1199 835 1248 898 pe-

103 917 166 980 selro
190 915 362 979 celebrasse
383 926 414 978 et
435 935 541 980 cernes
564 915 680 993 edisse,
709 915 950 997 quemadmodum
968 914 1042 989 disi.
1086 911 1248 979 Praetereo

102 1040 137 1081 ex
154 1039 191 1080 eo
208 1018 275 1080 viso
292 1029 413 1101 possunt
430 1016 569 1100 redorgui
584 1018 660 1099 qnod
680 1017 766 1080 boeto
783 1014 875 1082 Petro
890 1027 1080 1080 moosuorem
1097 1027 1158 1094 cst,
1183 1038 1247 1080 cnm

102 1120 220 1182 linteum
235 1119 305 1182 illud
323 1118 439 1203 aspexit
453 1117 485 1180 io
501 1139 559 1202 quo
576 1121 703 1184 terarum
720 1137 756 1182 nc
774 1117 915 1203 pecudum
933 1128 963 1181 et
978 1119 1121 1202 reptilium
1141 1139 1176 1184 no
1196 1141 1248 1186 vo-

103 1221 210 1284 lucrum
231 1241 342 1305 genero
360 1220 457 1283 omniu
478 1221 713 1284 continebantur.
759 1217 926 1284 Secundum
948 1240 1024 1303 quoe
1046 1221 1093 1284 dei
1115 1221 1164 1284 ille
1185 1243 1247 1286 vox

102 1335 144 1386 cst
157 1323 275 1400 auditu,
303 1326 415 1402 Surge,
439 1325 549 1396 occide,
572 1326 761 1384 ermnnduco.
805 1320 1015 1405 llesnondcote
1031 1319 1139 1402 Petro,
1162 1325 1250 1386 Absit
1261 1335 1309 1378 tot.
1323 1335 1355 1390 ¹⁰.
1370 1336 1400 1381 1⁸·

102 1429 223 1498 ιιιιιὶιιι,
247 1427 323 1486 siut
335 1428 407 1484 ιιιίιιι
429 1445 571 1486 commune
593 1427 640 1484 cel
651 1427 820 1486 sirmundum
836 1427 956 1484 rirtrsuit
973 1429 1003 1488 ιἰι
1020 1445 1052 1486 os
1067 1445 1173 1498 rorum,
1196 1425 1249 1490 tlo-

103 1528 192 1590 minus
209 1524 346 1602 subiecit,
370 1529 452 1603 Quod
465 1529 534 1588 deus
545 1527 720 1606 purrltcoor'r,
745 1537 777 1588 tu
791 1546 934 1588 ιιιιιιιιιιιι
948 1547 985 1588 ne
999 1529 1118 1588 umero.
1150 1523 1248 1610 Siqui-

104 1629 162 1691 lem
180 1639 306 1711 auoque
323 1630 409 1690 modo
427 1627 593 1692 confirmari
616 1628 726 1690 veritus
742 1637 850 1710 potest.
885 1625 959 1692 Sive
975 1627 1052 1690 coion
1070 1629 1199 1692 dixerint
1212 1629 1248 1692 el

103 1729 195 1792 omnin
214 1729 432 1794 esculentorum
448 1749 558 1811 genero
572 1725 655 1790 Petri
674 1727 780 1791 dictum
797 1728 866 1790 illud
884 1729 1048 1810 pertinere,
1078 1751 1143 1793 cum
1165 1729 1247 1808 dicit,

105 1834 181 1892 ‚vua
198 1851 319 1912 mquam
337 1852 479 1892 comrnunc
492 1833 538 1892 uel
551 1833 736 1904 immundum,
761 1840 836 1892 utet
853 1829 963 1906 Ιιοιιιι,
986 1851 1102 1916 copres,
1125 1852 1198 1896 oves
1213 1852 1248 1896 no

105 1933 236 1996 volucres
254 1953 424 1994 communes
441 1952 507 1996 esse
526 1931 670 2009 voluerit,
694 1931 792 1996 stetim
808 1931 875 1996 illos
890 1931 970 2014 prior
987 1932 1051 1996 eins
1067 1933 1185 1996 vivendi
1201 1955 1248 1998 rn-

106 2035 141 2096 tin
158 2034 281 2100 relellit.
325 2033 422 2101 Docte
440 2035 543 2117 qnippe
560 2032 618 2097 inm
640 2053 734 2096 uxore
752 2054 816 2096 cum
837 2043 866 2096 ct
881 2033 990 2098 liberos
1010 2033 1132 2101 heberet
1149 2046 1180 2098 et
1200 2055 1249 2100 so-

105 2157 180 2198 erom
200 2157 217 2198 e
238 2133 408 2200 lrrdeeorum
425 2135 600 2198 ceremoniis
617 2155 685 2198 sese
700 2135 736 2200 orl
749 2131 899 2200 Christum
919 2135 1101 2220 aggregavit.
1144 2135 1187 2201 At
1204 2135 1250 2202 lu-

106 2237 164 2300 daei
181 2237 321 2301 cornibus
338 2248 516 2314 vescuntur,
548 2257 603 2300 uec
618 2257 719 2300 eornm
738 2257 807 2300 osus
824 2238 897 2321 opud
919 2239 984 2302 illos
1007 2236 1184 2302 execrabilis
1204 2251 1250 2302 ost

106 2349 151 2402 eut
167 2338 342 2423 prohibitus.
389 2335 464 2402 Cum
487 2339 578 2421 igitur
596 2338 681 2402 initio
704 2339 841 2402 sororibus
858 2349 1006 2416 uteretur,
1037 2340 1140 2404 sultem
1162 2340 1199 2404 nd
1220 2340 1250 2404 it

106 2462 192 2523 usqne
213 2451 328 2525 tempus
350 2463 408 2524 qno
423 2439 454 2504 in
470 2437 619 2506 Christum
637 2441 783 2504 dominum
803 2440 920 2520 incidit,
944 2442 1128 2506 menifestum
1145 2450 1191 2506 est
1205 2441 1250 2506 oi-

105 2543 140 2606 bil
156 2543 235 2606 illum
251 2543 326 2626 qnod
345 2564 499 2606 commuue
518 2566 576 2608 rroo
591 2554 673 2608 esset
687 2563 739 2626 pro
755 2543 900 2606 commoni
913 2542 1063 2607 ltnbuissc.
1088 2541 1157 2606 Nou
1170 2543 1248 2606 cuim

105 2665 202 2708 omncs
226 2643 308 2708 cibos
329 2646 491 2708 communis
514 2645 710 2728 immeritique
732 2663 805 2709 voce
822 2643 1073 2728 complexuum,
1102 2647 1154 2708 sed
1176 2665 1251 2728 quos

104 2745 244 2810 eiusmodi
264 2766 332 2811 essc
348 2746 400 2810 lex
418 2747 480 2830 ipso
499 2747 663 2810 definierat.
708 2742 784 2810 Cum
799 2746 890 2829 igitur
905 2757 1020 2810 constet
1041 2747 1151 2811 nonde
1172 2753 1250 2810 omrri

104 2850 231 2913 carnium
247 2867 358 2931 genere
375 2847 503 2912 locutum
518 2867 586 2915 esse
597 2845 736 2925 Petrum,
761 2858 790 2912 ut
811 2868 913 2915 omncs
935 2871 1001 2912 csse
1024 2869 1192 2914 commones
1209 2850 1249 2911 di-

105 2962 198 3027 eeret‚
230 2951 283 3012 sod
301 2951 337 3012 de
363 2948 399 3012 iis
418 2971 492 3033 quus
511 2970 577 3012 esse
600 2969 770 3014 communes
786 2949 1008 3036 immundosque
1033 2954 1083 3015 lex
1104 2953 1249 3027 edissent,

104 3052 173 3118 dens
186 3061 308 3116 mortue
327 3047 438 3114 Christi
456 3052 601 3114 ecclesiae
621 3063 717 3116 uotam
736 3053 915 3137 formamque
933 3053 1149 3137 praescribens,
1174 3073 1253 3118 com-

104 3173 186 3218 mone
210 3154 365 3236 quicquam
386 3154 531 3237 appellere
554 3151 710 3236 probibuit.
756 3150 863 3221 Omnis
885 3153 990 3239 quippe
1012 3175 1084 3239 puro
1108 3164 1194 3232 sunt,
1225 3155 1251 3220 si

104 3275 165 3318 rom
188 3255 307 3317 notione
329 3255 488 3337 gratiarum
508 3254 611 3338 deique
634 3256 838 3318 berredietiooe
856 3267 1019 3320 sumentur.
1065 3253 1144 3338 Quin
1164 3255 1251 3317 obem

103 3357 285 3422 rocntiooem
306 3355 436 3438 gentium
453 3357 548 3419 visum
566 3356 634 3420 illud
651 3355 857 3436 odnmbrsbot,
882 3379 918 3420 ne
937 3357 1086 3442 praeputio
1105 3355 1252 3439 praestitos

101 3479 271 3522 communes
286 3459 473 3542 impurosque
489 3469 636 3522 eerrseret.
683 3455 865 3542 Quamquam
883 3460 997 3524 obiectu
1017 3459 1066 3522 ills
1082 3454 1172 3520 Petro
1185 3475 1252 3540 spe·

102 3560 161 3624 cies
176 3581 236 3624 oon
254 3561 289 3622 sd
307 3559 514 3642 significandos
535 3560 684 3638 bernoinus,
708 3563 760 3624 sed
781 3563 815 3623 nd
834 3581 869 3624 ee
885 3581 959 3644 qnae
975 3562 1040 3642 lege
1057 3567 1142 3622 erent
1162 3558 1253 3620 intor-

102 3661 178 3726 dictn
192 3661 365 3744 spectabutr
389 3663 417 3724 id
436 3665 511 3746 quod
529 3673 667 3728 constnre
683 3663 804 3726 cuilibet
818 3672 926 3746 potest.
960 3659 1003 3726 lto
1020 3661 1145 3744 undique
1163 3679 1253 3744 nugs-

103 3764 176 3826 toris
199 3783 236 3826 so
260 3763 335 3828 levis
357 3763 472 3828 illorum
494 3765 593 3848 opinio
616 3763 750 3828 minoidnt
772 3784 895 3828 necesse
917 3773 974 3824 est.

184 3863 278 3930 lidem
299 3867 499 3949 apostolorum
521 3867 659 3944 nomios,
690 3887 748 3948 qno
767 3863 881 3930 recline
899 3873 1064 3928 sectatores
1082 3886 1152 3930 suos
1171 3865 1252 3950 pelli·
1283 3881 1347 3948 'cen

102 3967 195 4046 ciam,
226 3985 280 4051 per
296 3967 509 4032 simulationem
527 3968 698 4046 admittunt,
721 3967 825 4052 quibus
843 3965 930 4030 etium
951 3967 1095 4030 conlictos
1112 3969 1251 4050 quosdam
1269 3949 1365 4002 xxm·

103 4087 167 4132 sss
184 4069 275 4132 libror
290 4070 472 4148 inscribunt,
502 4069 582 4134 velut
601 4091 617 4132 ι
635 4065 758 4146 laccho,
782 4066 952 4158 Μιιιιιιιιο,
976 4091 1012 4134 eo
1029 4068 1149 4150 reliquis
1168 4067 1254 4130 disci·

102 4171 177 4254 pulis
196 4171 304 4238 editos.
349 4167 433 4236 lrrter
454 4191 528 4254 quoe
549 4169 670 4236 loeuois
689 4172 776 4234 etium
803 4171 926 4254 apostoli
952 4192 1056 4236 nonen
1081 4170 1253 4242 admiscent

102 4293 160 4355 ntus
176 4294 280 4338 corum
296 4273 435 4340 vecordis
453 4275 546 4358 pessit
561 4294 602 4338 ex
618 4272 695 4337 omrri
713 4283 795 4357 porte
814 4275 1002 4358 leprelroutli.
1047 4270 1123 4336 Nam
1144 4293 1200 4334 uun
1219 4291 1255 4332 ro
