3096 4988
407 315 542 368 sanant}
559 317 621 368 ΗΒ.
635 318 656 368 1.
674 315 755 370 ΤΟΜ.
769 317 800 368 ll.
817 315 915 368 nasa.
929 313 1019 368 XXX.
1230 309 1287 370 2lil

137 433 236 511 limos,
260 433 401 513 contulit,
425 433 619 520 comitemque
637 432 724 512 lecit,
747 434 852 500 inbcua
868 435 989 519 insuper
1003 445 1035 500 ut
1051 434 1185 520 quicquid
1203 437 1291 501 vellat

137 547 262 620 optaret.
308 533 361 598 llle
380 536 450 600 nihil
468 536 545 600 aliud
563 536 619 600 nisi
639 535 693 600 hoc
715 557 803 600 uuum
823 536 943 602 maximi
960 537 1091 600 bcaelioii
1109 535 1175 603 loco
1191 549 1290 624 pestu-

136 637 223 716 lavit‚
255 635 311 700 sibi
335 648 366 701 ut
388 637 418 703 in
437 635 612 702 ludaeorum
631 637 712 723 pagis
731 638 866 702 omnibus
882 646 913 701 at
929 638 1041 723 oppidis
1059 641 1288 704 extruendnrum

135 739 164 801 ia
187 735 300 804 Christi
322 739 463 804 bonorem
487 739 679 803 ecclesiarum
705 750 835 825 potestas
858 738 1043 824 imperatoris
1071 741 1168 805 edicta
1193 743 1287 809 beret.

135 837 250 924 Quibus
266 840 295 904 ia
308 839 382 904 locis
397 863 483 904 ncnan
498 862 622 925 uuquam
638 841 780 906 ecclesias
794 841 948 905 aedificare
963 851 1111 926 potuerat,
1133 843 1208 927 quod
1224 844 1288 907 nul-

135 943 178 1006 lus
194 941 275 1006 inter
290 963 343 1006 cos
359 962 454 1028 neque
469 943 605 1027 gentilis,
629 963 723 1026 neque
741 939 964 1021 Samaritanus,
988 963 1082 1027 neque
1102 939 1287 1010 Christianus

134 1043 291 1108 habitaret.
336 1041 573 1128 praesertimque
588 1042 760 1122 Tiberiade,
785 1041 1014 1123 Diocaesareae,
1039 1067 1113 1129 quae
1127 1055 1158 1109 et
1173 1045 1287 1132 Sepbu·

134 1145 187 1208 rina
206 1145 329 1226 dicitur,
351 1143 511 1225 Numanti,
536 1141 770 1231 Capharnaumi,
802 1143 852 1209 nbi
870 1144 1026 1230 diligenter
1043 1147 1097 1211 boc
1114 1148 1285 1228 observant,

134 1267 221 1310 anemo
243 1258 275 1310 nt
295 1247 392 1332 gentis
412 1247 534 1312 alterins
555 1246 731 1312 domicilium
754 1247 813 1310 illic
835 1247 950 1311 babent.

218 1347 261 1412 Aa
280 1346 423 1434 Iosephus
440 1350 568 1436 acceptis
585 1371 650 1413 cnm
669 1369 703 1412 ea
721 1358 864 1434 potestate
882 1369 917 1412 ac
933 1349 1072 1433 dignitate
1087 1351 1181 1416 literis
1195 1349 1285 1416 'libe-
1304 1369 1363 1438 ουρ.
1374 1374 1430 1427 xat.

133 1450 243 1514 riadean
263 1451 414 1535 perrexit,
444 1471 558 1536 unaque
576 1461 606 1514 et
623 1449 780 1536 diplomata
795 1471 895 1514 secum
914 1451 1023 1532 attulit,
1055 1451 1158 1536 quibus
1176 1454 1286 1538 impen-

134 1573 214 1616 sase
233 1553 307 1616 fisco
321 1562 456 1638 caperet,
480 1574 544 1616 cum
564 1551 697 1638 privatim
716 1551 778 1636 ipse
793 1553 936 1638 stipendia
955 1573 993 1614 cx
1009 1555 1110 1617 eodem
1125 1556 1283 1641 acciperet.

134 1651 229 1737 lgitnr
250 1653 411 1718 Tiberiade
433 1653 587 1720 ecclesiam
610 1654 766 1718 aedilicarc
787 1655 893 1740 coepit.
939 1653 1014 1720 Erat
1034 1657 1063 1721 in
1088 1657 1189 1722 cadem
1212 1659 1286 1724 nahe

133 1755 272 1841 tempium
287 1754 393 1839 ingens
408 1755 476 1822 olim
492 1766 671 1835 extructum,
695 1757 771 1840 quod
786 1756 972 1837 Adrianium,
996 1759 1052 1822 nisi
1070 1759 1163 1837 lallor,
1187 1761 1286 1847 appel-

134 1858 244 1920 labant.
289 1855 375 1940 Quod
393 1879 458 1921 cum
476 1858 675 1942 imperfectum
692 1857 832 1920 hactenns
849 1859 1022 1937 mansisset,
1046 1861 1180 1946 oppidani
1193 1862 1286 1948 publi·

133 1981 183 2024 cas
209 1960 239 2022 in
260 1959 382 2024 balaena
401 1969 580 2024 commutare
602 1959 768 2024 studebant.
814 1957 879 2024 lloc
902 1957 1042 2045 losephus
1066 1973 1168 2028 nactus
1194 1964 1230 2029 ad
1255 1965 1282 2028 id

134 2063 208 2146 quod
226 2062 323 2125 animo
336 2070 515 2146 conceperat
529 2062 750 2126 accommodare
765 2060 900 2125 instituit.
933 2060 973 2126 Et
989 2074 1021 2126 ut
1035 2066 1175 2146 quadrato
1190 2063 1284 2152 lupide

134 2173 306 2246 quaternum
324 2163 486 2228 cubitorum
505 2175 614 2228 certam
633 2165 668 2226 ad
687 2162 866 2228 altitudinem
884 2176 1012 2228 erectum
1031 2165 1201 2244 invenerat,
1232 2189 1283 2231 ve-

134 2265 188 2330 teri
201 2275 370 2330 structurae
387 2287 492 2330 novam
511 2265 655 2330 ecelesiae
671 2265 775 2328 molem
792 2265 942 2351 imponere
958 2265 1070 2328 statuit.
1115 2268 1162 2332 Ad
1180 2267 1208 2332 id
1224 2270 1283 2333 cal·

134 2387 166 2430 ce
183 2367 253 2432 viva
273 2387 345 2453 opas
363 2378 442 2448 erat,
473 2367 641 2454 reliquaque
661 2366 739 2430 omni
757 2367 890 2430 materia.
936 2362 1029 2451 lgitur
1046 2367 1177 2432 caminos
1196 2381 1284 2435 extra

134 2467 235 2532 urbem
254 2467 322 2532 lieri
339 2491 398 2533 nnn
414 2491 525 2555 paucos
543 2469 682 2553 imperat,
711 2479 849 2553 septenos
865 2467 999 2549 circiter,
1030 2489 1102 2553 quos
1117 2471 1205 2556 vaalgo
1222 2473 1283 2537 lor-

133 2591 222 2634 oaees
240 2570 403 2635 nominant.
446 2569 509 2638 Sub
528 2570 600 2634 baec
619 2567 720 2632 ludaei
738 2569 774 2632 ad
793 2569 927 2633 audenda
943 2569 1089 2654 quaelihet
1105 2572 1227 2656 proiecti
1247 2575 1282 2639 nd

131 2672 239 2736 usitata
258 2672 380 2756 cigenti
396 2673 541 2738 malelieia
557 2670 739 2754 canlnginnt.
784 2667 903 2734 Etenim
919 2671 1041 2756 magieis
1055 2673 1231 2740 carminibus
1247 2697 1283 2740 ac

132 2773 299 2860 praestigiis
311 2773 369 2837 vina
385 2773 461 2859 iguis
476 2774 616 2860 impedire
632 2770 743 2857 egregii
759 2771 891 2836 homines
903 2774 1037 2857 aggressi
1052 2786 1138 2856 sunt;
1157 2777 1209 2842 sed
1224 2799 1283 2842 uota

131 2886 274 2962 perpetuo
288 2887 457 2960 patuerunt.
502 2877 544 2940 Αῑ
557 2874 640 2938 initio
654 2885 750 2938 tamen
765 2874 901 2938 cessabat
915 2876 1008 2959 ignis,
1032 2875 1159 2962 nihilque
1175 2900 1282 2963 coqne-

130 2980 198 3057 hat,
231 2987 352 3042 naturae
373 2999 444 3042 snae
466 2979 547 3042 velut
569 2977 661 3042 officio
683 2977 849 3041 destitutus.
896 2976 973 3041 Tum
1001 2978 1048 3064 qui
1071 2981 1282 3064 suppeditando

129 3081 191 3165 igni
207 3079 330 3165 pabulo,
354 3079 488 3162 virgultis
503 3079 617 3144 scilieet
632 3099 665 3141 ne
681 3079 839 3160 lanctibus,
864 3090 949 3143 erant
963 3079 1104 3165 appositi,
1128 3103 1194 3144 cum
1210 3082 1281 3146 nibil

128 3203 162 3246 se
182 3181 328 3266 prolicere
345 3181 629 3260 animadverterent,
661 3203 722 3244 rem
739 3182 774 3245 nd
793 3179 947 3267 losephum
965 3183 1110 3246 delerant.
1154 3179 1282 3268 Pupugit

128 3305 164 3348 en
190 3305 240 3348 res
265 3284 426 3364 hominem,
458 3284 613 3368 statimqne
635 3286 756 3348 coelesti
781 3283 808 3346 in
831 3283 977 3347 dominum
996 3285 1101 3348 ardore
1120 3305 1280 3350 succensus

128 3397 216 3452 extra
234 3384 334 3448 urbem
350 3387 485 3462 advolat,
509 3369 770 3470 aqnam'postulatc
795 3384 917 3449 allerlur
934 3387 962 3448 in
979 3406 1073 3450 aeneo
1090 3407 1179 3465 vase,
1204 3389 1278 3472 qnod
1289 3433 1313 3454 ..

127 3507 303 3573 canpsaccn
319 3488 419 3571 vulgo,
443 3488 502 3551 illic
516 3489 667 3552 cncubium
683 3497 800 3551 vocant.
837 3485 882 3551 Eo
897 3508 995 3551 coram
1012 3488 1145 3551 omnibus
1159 3499 1280 3574 accepto

127 3595 210 3668 (nana
230 3589 265 3652 ad
284 3589 339 3652 hoc
356 3591 551 3674 spectaculum
570 3587 742 3654 ludaeorum
762 3588 846 3653 turba
862 3601 1057 3667 convenerat,
1080 3602 1112 3653 nt
1130 3590 1173 3653 rei
1191 3611 1281 3655 even-

128 3703 208 3770 tum,
233 3711 268 3753 ac
287 3691 354 3776 quid
371 3696 488 3755 tandem
505 3689 648 3778 losepbus
664 3702 767 3778 agaret
780 3692 930 3772 viderent)
947 3690 1043 3754 crucis
1060 3693 1174 3776 signum
1191 3713 1280 3780 super

127 3793 197 3856 illnd
214 3792 304 3876 digito
323 3793 417 3870 ducit,
440 3814 475 3856 ac
491 3791 559 3858 leau
576 3815 681 3858 nonacn
699 3794 841 3858 invocans
858 3813 963 3875 magna
981 3814 1056 3857 voce
1072 3793 1116 3858 sic
1134 3795 1278 3880 loquitur:

127 3900 161 3960 ln
177 3899 367 3958 samuhelem
382 3899 546 3971 Nazaraei,
570 3919 649 3978 quem
667 3901 724 3958 mei
733 3901 846 3976 pariter
859 3907 943 3976 ntpae
961 3897 1060 3958 dorum
1076 3903 1206 3973 omnaitm,
1231 3904 1283 3982 pai

127 4001 175 4060 lic
188 4000 313 4071 adstant,
333 4002 452 4058 moahres
468 4002 497 4060 a'n
511 4019 621 4060 ornem
638 4011 768 4078 egerunt,
784 3999 853 4060 haee
864 4018 939 4078 oqun
955 4003 1008 4060 nain
1025 4001 1124 4061 hebeto
1138 4004 1177 4062 ad
1188 4005 1279 4080 mugi·

127 4121 178 4160 ena
194 4110 273 4160 artes
291 4101 483 4180 maleficisque
499 4105 591 4162 emath
607 4103 823 4180 restahgueada,
852 4120 924 4180 pune
940 4103 991 4161 isti
1003 4112 1217 4182 compararant,
1241 4103 1278 4162 ob

160 4249 187 4301 2.
206 4253 247 4302 Sto
260 4253 311 4301 eod.
326 4253 423 4314 llhcda'p.
437 4257 458 4302 et
471 4253 547 4303 addua
559 4255 616 4304 ltber
626 4257 688 4304 oter·
720 4255 770 4303 cod
785 4265 828 4302 ma.
846 4255 921 4302 ammo
937 4256 1004 4303 cuius
1019 4269 1092 4316 qnam
1108 4257 1133 4303 a'n
1148 4267 1225 4316 marg.
1241 4256 1279 4303 sot

126 4333 180 4382 pue.
211 4319 267 4370 cod
282 4322 355 4370 Vntte.
370 4321 437 4370 habnt
449 4313 504 4386 ἤδη
517 4317 689 4387 cummianus
720 4322 966 4384 montaneorum
977 4327 1011 4372 est
1023 4325 1137 4374 thottru.
1159 4315 1279 4389 ἀπέχοιτο

128 4387 188 4454 (stc)
199 4383 285 4446 λίθους
299 4383 344 4441 διὰ
357 4387 515 4470 capsacibus
529 4388 605 4442 liban
620 4379 688 4456 cipe,
720 4389 757 4438 ed.
772 4391 847 4451 patae.
881 4382 1017 4457 indegena
1033 4390 1084 4438 cod.
1099 4389 1195 4451 amata.

127 4451 178 4536 fvt
195 4447 277 4538 idmst
293 4471 357 4514 τινος
373 4455 595 4522 ανιγηγερμίιους.
755 4461 779 4506 «t.
801 4455 845 4508 καὶ
861 4453 889 4510 ad
906 4460 957 4509 eod.
975 4459 1048 4506 Vatia.

159 4525 187 4574 6.
205 4522 335 4594 απιίχιιτο
350 4525 388 4574 ad
401 4523 493 4588 Petam,
508 4527 538 4578 de
553 4529 689 4578 manate
