3078 5012
334 291 469 346 neuneu
485 293 548 345 orn.
560 295 579 345 r.
597 295 677 346 rom.
689 293 733 344 111.
752 293 851 344 utun.
863 295 944 346 xum
1153 286 1216 350 out

66 441 98 484 ac
113 417 210 504 seipso
226 418 313 500 longe
329 414 584 501 praestantiorem,
606 411 819 498 Dominumqne
834 435 931 494 suum,
949 426 981 478 nt
994 416 1101 496 dicitis,
1118 415 1215 481 lesum

65 523 191 600 scilieet,
226 519 402 583 tentaverit?
445 515 511 602 Ego
535 538 607 581 vero
630 517 676 580 dei
700 518 791 580 lretus
818 518 930 580 auxilio
954 519 1029 600 quod
1054 539 1071 580 e
1094 539 1126 582 re
1150 529 1218 584 unta

66 625 131 687 mibi
149 624 323 686 inanimum
342 621 486 684 intullerat
502 621 538 684 ad
558 621 613 684 ista
631 620 753 684 subieci.
800 616 947 699 Creditis,
971 621 1105 705 inquam,
1131 617 1218 686 Cbri·

65 737 140 790 stum
155 745 223 792 esse
238 725 433 788 crucifixum?
476 721 543 786 Nos
560 743 649 802 vero,
674 721 783 807 inquil,
808 724 971 801 credimus,
998 743 1052 786 uec
1066 725 1149 787 lateri
1166 725 1218 787 tlu-

66 829 176 894 bitarit.
222 827 371 912 Aqttibns
387 847 458 912 ergo
474 827 635 890 crucilixns
653 827 717 889 estl
738 827 852 910 rogari.
899 825 946 889 Ab
965 825 1147 904 bominibus,
1171 847 1219 890 re·

65 932 191 1018 spondit.
238 930 316 994 Tum
333 951 406 1014 ego:
431 927 505 1012 Quis
521 927 670 991 amborum
687 931 834 1012 potentior
850 940 912 1006 est,
938 929 1041 1008 bomo,
1065 950 1101 992 an
1119 929 1219 992 ‹liubo-

66 1037 131 1098 lus'l
175 1032 335 1111 Diabolus,
365 1031 459 1115 inquit
480 1030 548 1108 ille,
580 1031 666 1114 longe
688 1042 814 1115 praestat
837 1029 1012 1096 bominibus.
1058 1030 1124 1116 Ego
1146 1053 1218 1096 vern

65 1140 100 1202 ad
118 1137 190 1200 baec
206 1134 411 1216 istu-subieci:
438 1130 471 1196 si
486 1134 522 1196 ab
541 1132 722 1212 hominibus,
747 1135 794 1219 qui
813 1135 899 1218 louge
915 1133 1121 1198 imbecilliores
1139 1146 1218 1215 sunt,

66 1240 226 1304 crucifixus
246 1249 292 1302 est
309 1235 463 1314 Christus,
493 1237 560 1320 quid
577 1237 680 1300 mirum
700 1247 746 1300 est
762 1237 885 1300 eundem
904 1257 921 1302 a
938 1237 1053 1301 diabolo
1072 1259 1140 1302 esse
1157 1248 1221 1301 teu-

66 1343 177 1406 tatnml
220 1341 265 1404 At
283 1340 355 1404 baec
371 1340 448 1403 enim
465 1340 561 1402 omnia
575 1359 645 1403 vere
661 1361 697 1402 ue
712 1351 813 1403 nostra
827 1361 930 1403 caussa
947 1341 1108 1419 toleranda,
1132 1342 1221 1404 adco-

66 1466 121 1529 quc
137 1444 216 1508 illum
232 1465 297 1507 curn
314 1441 429 1506 diabolo
446 1462 637 1526 congressum
656 1463 714 1505 non
730 1453 848 1506 coactus
865 1464 881 1506 a
898 1444 1049 1529 quopiam,
1073 1443 1125 1508 secl
1144 1444 1221 1507 ultro

66 1567 99 1612 se
118 1543 256 1610 Christus
273 1545 397 1622 obiecit3
429 1544 504 1630 quotl
525 1544 639 1628 quidem
658 1565 716 1608 non
734 1545 790 1608 ullu
806 1547 869 1610 eius
884 1545 1082 1610 imbecillitate
1100 1548 1219 1625 lactum,

66 1652 117 1714 scd
134 1651 286 1714 volumtate
302 1657 486 1732 susceptum,
518 1665 572 1709 suo
589 1656 621 1710 nt
637 1667 691 1710 uos
708 1649 843 1732 exenrplo
861 1649 1121 1728 condocelaceret,
1156 1671 1222 1713 crn-

67 1753 168 1838 cisque
184 1751 325 1838 supplicio
339 1750 461 1814 salntem
479 1748 563 1814 uobis
579 1749 714 1829 afferret,
739 1751 891 1813 damnaret
906 1761 1074 1836 peccatum,
1097 1763 1220 1817 mortem

67 1857 194 1940 deniqne
216 1853 394 1939 profligaret.

152 1955 256 2022 Schnl.
276 1953 364 2019 th.
396 1959 438 2018 Et
455 1960 530 2017 dicit
551 1959 634 2016 Petro
659 1967 689 2018 et
705 1959 838 2037 reliqum,
873 1960 982 2019 Euctus
997 1971 1170 2040 praeparate
1191 1971 1362 2036 attinent.

67 2066 265 2124 manducemus
284 2061 403 2122 Pnsckm

153 2163 257 2228 flelut.
273 2157 361 2224 LXl.
396 2157 548 2243 lugentem
565 2171 667 2223 contra
687 2171 716 2222 te
734 2161 856 2224 telorum
875 2161 980 2225 nubem
998 2162 1084 2227 unius
1103 2163 1223 2228 huiusce

68 2266 231 2330 testimonii
247 2263 406 2328 auctoritas
422 2263 569 2342 continet,
603 2259 730 2326 Marcio.
776 2258 852 2327 Cum
877 2264 953 2326 enim
975 2267 1145 2350 praeparari
1166 2265 1222 2329 sibi

68 2367 184 2434 Pascba
207 2367 322 2443 iubeat,
355 2364 441 2450 ithue
464 2374 618 2448 antequam
638 2360 774 2429 Christus
794 2376 944 2450 pateretur
965 2377 1011 2430 est
1030 2367 1221 2448 celebratum,

68 2473 204 2556 prefecto
221 2469 287 2553 lege
305 2469 380 2532 istud
397 2468 490 2552 ipsum
508 2465 719 2552 praescriptum
739 2469 845 2531 lueret.
892 2465 992 2550 Quare
1009 2491 1075 2532 cnm
1092 2489 1131 2535 ex
1150 2471 1224 2555 legis

66 2574 209 2638 mandato
227 2567 364 2636 Christus
385 2570 463 2633 vitae
482 2590 554 2633 snae
572 2570 716 2633 rationem
735 2581 940 2656 componeret,
973 2573 1158 2638 manifestum
1180 2585 1227 2637 cst

68 2699 129 2740 noo
146 2676 228 2740 illum
246 2674 405 2738 solvendae
420 2671 512 2757 legis,
541 2673 593 2736 sed
608 2670 770 2756 implendae
788 2672 883 2756 gratia
899 2674 1030 2738 venisse.
1075 2671 1136 2740 lam
1154 2697 1226 2760 quo·

68 2779 127 2843 ties
145 2779 240 2863 legem
256 2775 390 2861 princeps
405 2797 464 2839 nou
478 2774 617 2860 abrogat,
642 2775 858 2840 constitutionis
874 2797 948 2860 quae
963 2775 992 2840 in
1007 2777 1073 2862 lege
1090 2789 1136 2842 est
1151 2779 1226 2843 intc-

67 2903 124 2968 gra
140 2891 240 2946 manet
256 2880 385 2958 sanctio,
417 2900 471 2942 nec
488 2876 583 2942 edicto
601 2889 770 2942 revocatur.
816 2877 962 2963 Quamdiu
978 2901 1049 2946 vcro
1066 2881 1141 2966 legis
1160 2903 1226 2946 san-

67 2986 130 3048 ctio
155 2993 343 3069 perseverat,
375 2991 476 3066 estque
498 2981 583 3046 lirma
602 2981 789 3062 constitutio,
820 2981 927 3068 siquid
950 2985 985 3046 ad
1008 3005 1072 3048 eam
1090 2985 1227 3070 princeps

68 3085 237 3151 cumulantli
256 3085 323 3149 doni
342 3083 437 3169 gratia
455 3085 527 3147 velit
542 3083 688 3166 adiicere,
723 3085 758 3148 nb
775 3083 904 3149 eiusdem
920 3096 1064 3170 potestate
1081 3086 1228 3150 accessio·

68 3191 118 3253 uis
133 3188 212 3254 illius
227 3187 393 3272 benignitas
407 3187 594 3270 bilaritasque
612 3188 751 3252 dimanat.
790 3185 850 3250 Set
866 3209 930 3250 ctum
945 3189 980 3250 ab
994 3209 1052 3251 nno
1066 3189 1227 3273 eodemque

67 3293 148 3377 legis
173 3291 220 3355 ille
241 3293 311 3356 latio
334 3291 525 3375 accessioque
548 3288 763 3354 beneticentiae
784 3291 913 3372 prolecta
937 3291 992 3368 sit,
1025 3291 1108 3354 lucile
1132 3290 1228 3374 quivis

67 3393 210 3478 intelligit
224 3414 282 3457 uon
298 3415 363 3458 eum
380 3391 532 3458 adversari
547 3392 605 3474 legi
621 3393 668 3476 qui
684 3393 718 3455 etl
734 3411 799 3455 eam
814 3391 920 3476 aliquid
937 3391 1129 3457 adiiciendum
1146 3403 1228 3478 puta·

68 3499 123 3562 rit.
172 3494 368 3580 Quamobrem
389 3497 618 3558 demonstratum
640 3494 709 3558 illud
734 3505 797 3575 est,
829 3494 898 3558 nibil
918 3506 1002 3558 vetus
1023 3505 1228 3559 testamentum

66 3623 105 3665 ac
127 3601 334 3685 prophetarum
350 3598 457 3662 seriem
476 3619 540 3660 cum
558 3597 711 3680 cvangelio
729 3618 871 3683 pugnare.
918 3597 967 3661 To
987 3617 1076 3677 cero,
1099 3596 1227 3678 Marcio,

67 3703 229 3789 multiplex
245 3711 347 3766 contra
363 3712 391 3764 te
407 3710 608 3786 argumentum
623 3698 761 3778 attulisti,
785 3701 861 3785 quoti
878 3709 908 3764 ut
924 3701 1038 3763 laceres
1056 3700 1119 3786 ipsa
1134 3711 1163 3765 te
1178 3723 1230 3766 re·
1311 3771 1316 3778 ,

68 3809 148 3872 ritas
164 3805 212 3868 vel
228 3803 350 3868 inritum
368 3805 476 3888 coligit.
524 3801 617 3866 Vetus
635 3804 712 3865 cutim
729 3801 844 3866 Pascba
860 3803 929 3866 nihil
949 3814 1067 3887 praeter
1082 3803 1150 3887 agui
1168 3825 1229 3867 ma·

67 3910 253 3986 ctutiouem,
283 3926 422 3990 eoumque
439 3904 584 3984 carnium,
614 3915 643 3969 et
659 3905 870 3983 animatorum,
900 3926 955 3968 nec
971 3926 1030 3968 non
1046 3907 1229 3991 Aaymorum

67 4011 189 4078 babuit.
235 4005 313 4093 Quid
332 4019 359 4072 te
376 4009 464 4092 igitur
480 4008 608 4095 impulit,
639 4017 671 4071 ut
687 4029 723 4071 ne
738 4008 832 4072 locum
850 4008 948 4087 illum,
978 4009 1026 4093 qui
1043 4011 1079 4074 ad
1095 4009 1135 4072 tui
1151 4009 1230 4072 relu-

66 4115 218 4182 tationem
236 4123 388 4198 tantopere
401 4109 545 4198 pertinet,
570 4109 695 4174 auderes
710 4111 850 4188 eradere,
874 4112 931 4175 nisi
947 4112 1010 4193 vis,
1033 4110 1227 4191 oblinimus,

103 4335 153 4392 43.
178 4329 366 4394 cimboclmroc
389 4339 472 4399 scripsi
495 4351 524 4386 ec
547 4336 639 4388 Petenti
672 4331 787 4384 demnata
803 4343 839 4384 est
854 4333 915 4401 legis
929 4332 1084 4384 constitutio.
1113 4335 1230 4398 ctutum

64 4408 237 4464 emundatione
258 4419 302 4467 pro
327 4396 373 4456 ntia
397 4398 550 4464 oibonlmcoc,
576 4403 639 4467 quod
672 4406 764 4453 Petunti
779 4406 904 4454 Anintudu.
921 4405 954 4452 ud
968 4405 990 4452 lb
1006 4405 1021 4451 l.

63 4481 148 4540 culpo
166 4479 238 4524 ectnt.
269 4475 298 4524 ln
314 4473 365 4522 entl.
382 4473 480 4535 unctu.
501 4475 584 4535 lenitur
608 4465 638 4524 ml
704 4469 745 4523 ll.
764 4471 879 4542 βασιλεία
895 4473 950 4522 edit.
963 4475 1038 4534 princ.

64 4541 252 4602 καῦὀσίωτος.
277 4541 405 4592 Comuntur
416 4543 499 4592 oerttt:
513 4557 564 4592 uon
575 4557 638 4592 cou-

955 4623 1026 4693 40*
