3072 4986
314 304 448 357 rausuu
463 305 542 356 nnv.
559 305 726 356 assumes
743 305 805 354 urs.
821 307 841 355 r.
857 305 938 357 rou.
957 309 977 356 1.
1180 297 1220 362 49

84 429 200 490 terarum
216 424 319 504 modo,
346 425 397 488 sed
415 433 445 488 et
459 434 627 508 serpentum
645 445 681 488 ac
697 422 904 488 vilissimorum
920 425 1108 488 animantium
1126 426 1225 490 condi·

83 529 182 591 tionem
197 527 272 590 iliius
290 525 427 606 dimittis,
454 547 527 610 quae
545 536 697 604 naturam,
721 536 750 590 te
766 525 881 609 quidem
897 537 1035 607 auctore,
1059 526 1225 592 haustama

82 632 133 692 deo
147 639 177 692 et
192 649 362 714 expressam
381 628 522 706 obtinuit,
547 639 643 714 potest
661 627 813 712 quicquam
836 649 871 692 ea
894 649 927 692 re
950 649 1024 694 esso·
1039 629 1227 716 perversius?

158 731 200 793 Aa
227 731 313 792 etiam
344 733 432 794 iatum
464 729 547 794 nobis
577 729 698 808 obiicis,
732 751 749 794 a
779 751 836 814 quo
863 729 960 793 omnia
988 731 1222 816 proficiscantur,
1244 750 1357 820 captu.

80 853 149 916 quae
175 843 228 894 tam
251 831 359 894 homini
389 853 473 915 quam
499 831 624 894 caeteris
648 830 736 894 rebus
761 832 907 896 accidunt.
952 829 1064 896 Verum
1092 854 1151 896 unc
1175 855 1226 898 eo-

80 956 132 1019 que
151 933 324 996 brevissimo
346 933 424 996 dicto
447 944 526 996 tuum
548 933 617 995 iliud
647 945 841 998 commentum
867 945 1038 998 evanescet.
1084 931 1118 998 Si
1146 937 1224 998 enim

79 1036 150 1099 istud
171 1035 280 1118 ipsum,
304 1034 464 1118 sapientem
488 1055 522 1098 ac
542 1035 711 1119 prudentem
733 1035 812 1113 deri,
837 1036 959 1100 rationis
980 1034 1150 1120 participem
1173 1057 1226 1100 ex·

79 1147 241 1222 pertemque
264 1137 362 1216 nasci,
386 1137 554 1221 reliquaque
571 1137 656 1199 husius
673 1136 791 1220 generis
813 1137 863 1200 tati
884 1141 1046 1202 necessitas
1065 1137 1163 1215 affert,
1186 1137 1228 1201 si·

78 1241 153 1301 leant
174 1238 290 1300 decreta
311 1237 408 1322 legum
430 1240 545 1318 oninia,
575 1237 679 1324 quippo
702 1259 766 1300 cum
789 1238 819 1301 in
842 1239 990 1302 adulteros
1010 1239 1228 1323 sceleratosque

78 1353 207 1403 caeteros
233 1339 282 1400 inti
311 1340 358 1402 vis
385 1339 433 1402 ilia
456 1341 633 1403 dominetur.
679 1337 760 1404 Saue
785 1337 898 1423 quidem
924 1340 1028 1406 iustius
1058 1341 1094 1402 ab
1121 1341 1226 1418 stellis,

78 1464 148 1526 quae
167 1441 372 1504 necessitatem
391 1443 523 1526 pariunt,
540 1461 665 1526 poenae
684 1451 853 1525 repetantur
873 1461 958 1524 quom
979 1441 1016 1504 ab
1034 1461 1070 1505 eo
1089 1441 1136 1525 qui
1153 1444 1229 1525 quod

80 1545 135 1626 agit
157 1543 278 1606 omnino
300 1554 419 1607 coactus
442 1543 621 1628 aggreditur.
664 1542 764 1627 Atque
783 1554 814 1606 ut
828 1543 855 1606 id
871 1542 926 1606 aiia
943 1543 1056 1606 ratione
1073 1543 1229 1628 disputem,

76 1648 101 1710 si
123 1648 162 1708 ita
181 1645 221 1708 nti
244 1645 346 1708 volunt
368 1667 401 1707 sc
422 1667 471 1708 res
489 1645 593 1724 habet,
625 1646 748 1728 agedum
768 1643 886 1708 scholae
904 1645 1121 1724 conticescant,
1153 1645 1231 1708 desi·

78 1759 144 1810 naat
165 1747 334 1832 sophistae,
358 1747 510 1825 rhetores,
533 1747 733 1830 grammatici,
757 1747 879 1826 medici,
908 1757 1101 1832 caeteraeque
1123 1747 1232 1810 doctri-

79 1871 131 1914 nae
154 1870 278 1925 omues,
312 1847 493 1912 illiberaiium
523 1848 628 1912 artium
652 1849 806 1914 innumera
828 1849 992 1914 multitudo.
1035 1847 1103 1912 Nec
1126 1850 1231 1912 doceat

76 1953 212 2036 deinceps
229 1949 389 2035 quispiam3
408 1951 437 2014 si
455 1951 568 2034 quidem
586 1950 636 2014 tari
652 1951 808 2030 beneflcio,
827 1972 885 2014 nou
900 1950 1050 2014 literarum
1064 1949 1228 2032 disciplina,

75 2054 177 2138 generi
201 2053 328 2115 herriaco
350 2051 472 2115 scientia
495 2052 670 2137 suppeditat.
714 2049 793 2116 Nam
817 2051 844 2115 si
866 2051 969 2115 doctos
992 2064 1078 2135 atquc
1099 2051 1230 2114 eruditos

72 2157 191 2220 efficere
211 2154 262 2218 iati
279 2153 442 2217 necessitas
459 2163 574 2239 potest,
605 2173 692 2218 nemo
708 2153 890 2238 praeceptori
907 2163 996 2216 navet
1011 2173 1148 2238 operam,
1177 2153 1230 2216 aed

72 2259 135 2320 iliae
157 2256 287 2319 stamina
309 2255 458 2319 trahentes
474 2253 587 2320 Parcae
607 2254 726 2339 ingenia
746 2253 892 2318 nominum
911 2254 1072 2340 disciplinis
1088 2253 1228 2333 imbuant,

70 2358 312 2442 quemadmodum
336 2355 416 2420 inani
438 2357 568 2442 ialsoquc
591 2356 642 2421 iilo
665 2358 800 2442 dogmate
821 2355 981 2442 profiteris.

373 2595 451 2674 DE
500 2596 913 2691 PLAtuttchS,

217 2741 300 2814 qnae
328 2725 380 2792 est
404 2717 552 2792 haeresis
580 2718 759 2793 Gentilium
775 2717 856 2811 tv„
882 2717 998 2792 ordine
1018 2715 1077 2790 VI.

148 2867 239 2932 Haec
260 2879 362 2932 contra
383 2867 535 2932 Zenonem
558 2879 586 2932 et
608 2865 726 2934 Stoicos
749 2869 825 2932 dicta
847 2880 946 2932 sunto.
992 2865 1078 2952 Quod
1101 2867 1137 2931 ad
1156 2863 1224 2934 Pla·
1245 2879 1302 2947 σιμ.
1322 2881 1341 2930 t.

65 2983 164 3034 tonem
191 2970 314 3047 attinet,
346 2969 374 3032 iu
398 2971 499 3034 eodem
521 2973 548 3034 is
570 2972 630 3035 luto
652 2981 798 3034 versatur.
842 2969 920 3034 Nam
942 2971 978 3032 dc
1001 2969 1162 3034 animarum
1186 2991 1226 3034 ex

61 3074 124 3137 aiiis
147 3073 184 3136 in
206 3071 264 3136 aiis
288 3094 410 3158 corpora
433 3074 604 3138 traiectione
627 3093 662 3136 ac
682 3071 899 3150 vicissitudine,
930 3073 1023 3156 deque
1042 3071 1224 3136 multitudiue

59 3177 189 3238 deorum
218 3196 255 3238 ac
281 3176 400 3259 reliquis
430 3175 611 3239 idololatriae
637 3174 910 3260 superstitionisque
937 3173 1095 3256 generibus
1122 3175 1223 3236 eadem

58 3291 103 3340 est
127 3278 216 3342 iltius
243 3277 402 3340 sententia.
447 3275 507 3340 Sed
532 3279 568 3341 de
591 3275 710 3342 matoria
727 3277 851 3339 fortasse
870 3297 927 3338 uon
946 3273 1064 3339 omnino
1082 3295 1146 3337 cum
1166 3269 1224 3335 Ze·

54 3401 136 3442 none
155 3377 332 3462 Stoicisqoe
348 3378 448 3441 sentit.
495 3376 611 3442 Etenim
627 3381 711 3442 dcrrm
727 3379 775 3442 iile
790 3379 940 3462 coguovit,
959 3377 995 3439 ab
1011 3395 1103 3460 eoque
1118 3383 1224 3437 concta

53 3483 228 3562 producta,
254 3490 313 3542 tum
327 3489 442 3544 mentes
457 3483 594 3564 quasdam
611 3481 715 3564 agendi
734 3481 870 3544 facultate
885 3479 1031 3564 praeditas
1046 3499 1062 3540 a
1080 3495 1152 3540 vero
1168 3475 1223 3539 deo

52 3594 243 3668 propagatas
264 3581 402 3646 asseruit.
446 3579 606 3646 Praeterea
623 3583 745 3667 primum
764 3603 831 3647 esse
847 3580 1037 3666 principium,
1068 3599 1102 3640 ac
1116 3597 1223 3640 secun·

52 3687 142 3762 dum,
183 3695 215 3746 et
230 3683 358 3746 tertium.
405 3679 536 3765 Quorum
555 3685 675 3770 primum
693 3686 778 3748 deum
795 3705 862 3747 esse
879 3679 1067 3768 pronunciat,
1098 3681 1220 3744 aiterum

49 3797 239 3869 procreatas
261 3806 277 3847 a
297 3787 352 3848 deo
369 3796 501 3864 mentes,
533 3786 569 3848 ab
591 3787 721 3870 utrisque
737 3789 850 3849 demum
868 3781 1018 3846 materiam
1038 3782 1218 3868 productam.

47 3885 99 3952 Sic
118 3889 213 3953 enim
233 3887 349 3950 definite
373 3887 486 3950 coelum
503 3909 567 3950 cum
589 3897 717 3972 ternpore
736 3889 842 3950 iactum
859 3903 946 3962 essc,
968 3904 1083 3969 unaque
1100 3905 1164 3947 cum
1184 3903 1221 3946 eo

47 3989 239 4054 dissolutum
257 3988 306 4051 iri.
352 3986 467 4072 Quibus
487 3989 586 4054 verbis
604 3990 729 4074 priorem
747 4009 829 4054 suam
851 3987 886 4048 de
904 3986 1025 4049 nrateria
1044 3981 1218 4049 seutentiam

45 4096 184 4157 uertit.
219 4093 307 4156 Alias
324 4092 402 4156 enim
421 4093 570 4157 materiam
591 4092 647 4155 deo
665 4089 814 4175 aequalem
832 4109 899 4154 esse
916 4100 1047 4176 tempore
1063 4095 1217 4154 statuerat.

1531 605 1533 686 t
