3080 5002
301 205 362 271 710
723 217 844 270 ειαοτι
861 213 1034 269 εειοειιιιι

300 337 355 424 γάρ
378 333 397 400 δ
416 333 572 411 Ἰουστῖνος
589 338 774 419 Σαμαρείτης
791 327 830 417 ήν
851 332 884 399 τδ
907 336 1009 420 γένος,
1040 335 1082 410 είς
1100 333 1232 420 Χριστὸν
1254 333 1453 409 πειτιστεαιιιῖς

301 442 352 504 καί
370 440 499 525 μεγάλως
514 439 703 521 ε’ξασιιηθείς,
734 436 840 523 άρετής
854 463 884 502 τε
903 441 969 520 βίον
986 435 1201 519 ἐνδειξάμενος,
1231 433 1265 502 τύ
1279 438 1361 512 τέλος
1379 433 1452 520 ύειδρ

305 548 434 626 Χριστοῦ
449 541 637 626 μαρτυρήσας
651 544 759 606 τελείου
773 538 923 620 στεφάνου
939 544 1138 618 καταξιούται,
1157 541 1208 606 ἐπί
1220 546 1275 621 τῆς
1288 536 1452 621 Ῥωμαίων,

302 647 351 711 ἐπί
364 641 520 709 Ῥωστιιιοῦ
537 641 681 729 ἡγεμόνος
697 645 747 708 καί
761 641 916 726 Ἀδριανοῦ
932 645 1085 725 βασιλέως,
1102 645 1176 708 ἐτοῖν
1188 640 1347 727 τριάκοντα
1361 638 1452 725 ύειύρ-

301 774 362 832 χων
375 750 408 813 ἐν
421 746 596 836 καθεστώσῃ
613 743 722 834 ήλικίμ.
770 745 873 835 Τούτῳ
891 742 909 811 ύ
923 747 1135 830 προειρημένος
1153 743 1295 821 Τατιανδς
1307 743 1452 826 σννακμιί·

301 873 356 926 σας
378 847 414 914 τά
435 857 538 934 πρῶτα
559 856 655 924 καλαῖς
677 847 840 932 φερόμενος
860 850 911 913 καί
932 856 967 939 τῇ
988 853 1084 914 πίστει
1105 849 1272 934 ἐρρωμένας
1291 846 1452 932 ἐτύγχανεν,

301 952 374 1018 ίίσον
392 945 427 1034 ἦν
443 950 498 1016 σύν
514 959 554 1040 τῷ
572 949 646 1040 άγίιμ
659 949 806 1040 ’ίουστίνιμ
822 959 863 1040 τῷ
880 951 1021 1036 μάρτυρι,
1043 951 1091 1016 ὅτε
1109 952 1140 1020 δὲ
1157 949 1288 1016 ἐτελεύτα
1300 947 1453 1026 Ἰοασεῖνος

302 1054 319 1122 δ
335 1055 435 1140 άγιος,
468 1055 563 1140 δι’ςπερ
580 1053 689 1135 τυφλός
702 1052 968 1140 χειραγωγούμενος
984 1053 1043 1129 ίδς
1056 1051 1118 1118 ύπδ
1134 1061 1189 1119 τοῦ
1207 1062 1390 1139 χειραγωγοῦ
1407 1081 1451 1120 ιια-

300 1161 483 1242 ταλειφθείη,
498 1161 549 1224 καί
562 1160 770 1239 καταλειφθείς
783 1159 836 1223 ἐπί·
845 1156 979 1241 κρημνδν
993 1155 1101 1222 ἕαυτδν
1113 1154 1220 1232 ίιιδούς
1233 1155 1283 1221 διά
1296 1156 1354 1241 τήν
1369 1183 1450 1242 προς-

301 1269 394 1328 οῡσαν
409 1259 488 1350 αύτῷ
504 1261 652 1341 τύφλωσιν
665 1263 861 1345 καταφέρεται
873 1258 1073 1342 ἀνεπισχέτως,
1096 1262 1153 1336 ἕως
1170 1262 1212 1333 είς
1225 1258 1365 1325 θάνατον
1378 1285 1451 1326 ιιατε-

300 1369 429 1448 νεχθείη,
453 1363 532 1430 ούτω
548 1367 599 1428 καλ
612 1361 709 1440 αύτύς.
755 1365 816 1428 Καὶ
832 1356 870 1446 ἦν
885 1364 937 1445 μίν
951 1362 1052 1445 Σύρος
1065 1361 1099 1428 ιδ
1114 1365 1208 1448 γένος,
1230 1359 1272 1478 τῇ
1287 1359 1310 1446 ή
1324 1365 1367 1438 είς
1381 1360 1452 1446 ἡμᾶς

300 1469 433 1532 ἐλθοῦσα
450 1465 713 1552 γνοῖσις“περιίχει·
743 1464 776 1532 τύ
798 1468 831 1531 δὲ
852 1464 945 1532 αύτοῖι
960 1469 1165 1531 διδασκαλεῖον
1184 1466 1387 1550 προεστήσατα
1409 1463 1451 1532 δυ’

301 1567 392 1654 άρχῆς
414 1571 520 1653 μὲνέν
542 1577 577 1658 τῇ
599 1571 690 1658 Μέση
712 1577 771 1634 ταῖν
795 1575 959 1651 Ποταμῶν,
990 1565 1031 1644 τίς
1052 1571 1120 1654 περί
1142 1566 1176 1634 τύ
1198 1570 1372 1635 δωδίκατον
1393 1572 1451 1646 ἔτας

305 1670 502 1740 δἈντωνίνου
518 1680 570 1738 τοῦ
587 1670 742 1756 Εὐσεβοῦς
761 1673 1144 1756 Καίσαρσς”ίπικληθίντας.
1186 1669 1259 1738 ‘And
1273 1668 1388 1755 Ῥώμης
1401 1671 1449 1757 γάρ

300 1774 372 1859 μετά
392 1775 446 1858 τήν
466 1783 520 1841 τοῦ
538 1772 624 1860 άγίαο
641 1772 799 1840 Ἰουστίνου
816 1780 960 1840 τελείωσιν
975 1773 1103 1840 διελθαίν
1122 1777 1170 1840 ἐπί
1186 1773 1223 1839 τά
1239 1781 1294 1856 τῆς
1311 1773 1450 1856 ἀνατολῆς

301 1881 392 1964 μέρη,
422 1880 473 1942 καί
495 1881 587 1943 ἐκεῖσε
605 1882 781 1961 διατρίβων,
809 1883 887 1968 κακή
907 1882 1024 1966 διανοίᾳ
1045 1877 1211 1963 περιπεσεῖν
1232 1878 1357 1954 Αίῶνύς
1375 1903 1450 1952 τινας

300 1979 375 2046 κατά
397 1979 468 2057 τούς
490 1980 608 2063 μύθους
630 1979 841 2060 Οὐαλεντίνου,
870 1983 921 2046 καί
936 1979 1040 2066 Ἀρχάς
1054 2007 1135 2056 τινας
1155 1983 1206 2046 καί
1226 1981 1387 2067 Προβολύς
1402 1982 1446 2046 ιαῖ

301 2081 391 2159 αύτδς
404 2085 582 2168 είςηγήσατο.
631 2083 671 2149 Τδ
689 2085 721 2148 δὲ
738 2092 873 2150 πλεῖστον
887 2091 941 2148 τοῦ
960 2081 1052 2149 αύταύ
1068 2082 1255 2169 κηρύγματος
1272 2083 1333 2150 άκδ
1349 2083 1448 2150 Ἀντιο-

297 2190 378 2270 χιίας
393 2193 446 2268 τῆς
462 2185 537 2272 πρδς
554 2186 697 2270 Δάφνην,
719 2190 770 2252 καί
788 2188 836 2252 ἐπί
852 2184 888 2250 τά
904 2193 962 2250 ταῖν
979 2192 1108 2252 Κιλίκων
1125 2188 1216 2273 μέρη,
1239 2189 1291 2252 lai
1305 2195 1405 2252 πλεῖον
1416 2185 1447 2250 δὲ

300 2291 332 2355 ἐν
350 2296 386 2378 τῇ
404 2294 528 2378 Πισιδίμ
547 2289 712 2376 ίκράτυνεν.
754 2287 826 2354 ’And
843 2287 950 2355 τούτου
967 2287 1022 2375 γάρ
1041 2288 1117 2354 κατά
1135 2288 1277 2374 διαδοχήν
1291 2293 1324 2356 οῖ
1335 2288 1446 2374 Ἐγειρο-

298 2401 375 2457 τῖται
395 2392 544 2478 λεγόμενοι
564 2400 619 2458 τού
641 2396 689 2458 ίού
708 2395 911 2475 μετεσχηκότες
929 2389 1103 2477 ύπάρχουσκ
1147 2395 1273 2478 Λίγεται
1295 2393 1329 2458 δὲ
1350 2391 1383 2457 τά
1401 2387 1447 2456 διά

299 2493 448 2581 τεσσάρων
464 2493 656 2581 *εύαγγίλιον
670 2492 721 2560 ύιτ’
737 2493 830 2561 αύτοῦ
844 2502 1019 2581 γεγενῆσθαι
1032 2494 1121 2581 ὅπερ,
1146 2494 1230 2560 Κατά
1243 2493 1398 2582 Ἑβραίους
1410 2519 1447 2560 τι·

297 2598 345 2673 νίς
368 2605 498 2664 καλοῦσι.

60 2745 62 2748 -
164 2704 231 2777 Κεφ.
250 2708 281 2781 β’.
390 2699 433 2764 Τά
455 2698 530 2765 αύτά
552 2700 582 2766 δὲ
604 2710 668 2776 ταῖς
689 2707 828 2778 παλαιαῖς
848 2703 976 2787 αἱρέσεσι
996 2703 1048 2767 καί
1069 2694 1158 2778 ούτος
1179 2704 1351 2786 δογματίζει.
1392 2700 1445 2766 Καί

299 2809 419 2887 πρῶτον
434 2805 487 2886 μὲν
503 2803 611 2883 φάσκει
627 2803 667 2886 μή
681 2803 827 2882 σώζεσθαι
842 2801 893 2870 τδν
906 2801 1009 2887 Ἀδάμ.
1050 2801 1240 2890 Ἐγκράτειαν
1254 2805 1288 2869 δδ
1302 2796 1386 2880 οὗτος
1399 2827 1444 2882 τη·

300 2904 410 2988 ρύττει·
441 2904 493 2971 τδν
516 2906 547 2970 δλ
569 2904 664 2992 γάμον
683 2911 821 2992 πορνείαν
841 2909 894 2972 καί
914 2905 1038 2990 φθοράν
1057 2905 1185 2992 ήγεῖται,
1215 2904 1345 2986 φάσκων
1364 2905 1444 2989 μηδίν

290 3006 478 3074 διαλλάττειν
498 3012 636 3094 πορνείας
658 3007 711 3074 τδν
731 3007 845 3094 γάμον,
875 3007 946 3074 άλλά
966 3008 999 3076 ιδ
1024 3007 1096 3075 αύεδ
1120 3006 1202 3075 εἶναι.
1237 3008 1339 3076 Ὅθεν
1359 3012 1442 3094 huj

175 3147 227 3194 pag.
240 3137 285 3182 σεε.
299 3110 485 3195 προσχήματι
502 3119 555 3194 τής
574 3111 756 3197 ἐγκρατείας,
785 3114 837 3177 καί
858 3120 912 3178 τοῦ
930 3115 1140 3199 ίγιιρατητικσύ
1159 3111 1260 3194 ἤθους
1276 3108 1442 3196 κυβειπιεῆν

300 3213 361 3298 ίσχε
377 3212 432 3297 τήν
449 3212 583 3301 άγωγήν,
607 3211 648 3290 τίς
663 3213 752 3290 λύκος
768 3213 866 3301 άριταξ
883 3213 1060 3297 ίνδυδμινος
1074 3213 1230 3300 προβάτου
1246 3216 1373 3294 παίδων,
1398 3212 1441 3278 ταί

299 3324 418 3383 πλανῶν
433 3323 474 3406 τῷ
487 3321 658 3405 προςιιαίρῳ
672 3316 854 3402 προσχήματι
869 3317 939 3395 τούς
954 3316 1174 3400 άπατωμίνους.
1218 3323 1405 3404 Μυστηρίοις
1414 3313 1441 3378 δὲ

300 3418 438 3496 ύςαύτως
454 3421 604 3505 κέχρηται,
630 3418 705 3484 κατά
724 3426 846 3504 μίμησιν
862 3429 915 3505 τῆς
930 3418 1015 3510 άγίας
1030 3424 1197 3502 ἐκκλησίας,
1219 3419 1309 3486 ύδαιι
1325 3423 1358 3488 δδ
1367 3417 1439 3511 μύες

299 3520 447 3606 χρύμενος
464 3525 495 3588 ἓν
508 3533 571 3599 τοῖς
583 3519 685 3599 αύτοῖς
698 3529 875 3610 μυστηρίοις.
909 3529 1047 3589 Πεσεῖται
1061 3525 1092 3589 δὲ
1105 3525 1154 3588 καῖ
1167 3516 1256 3600 οὗτος
1270 3521 1347 3590 κατά
1358 3516 1439 3589 πάντα

299 3623 428 3707 τρόπον,
452 3622 614 3690 άσύστατσν
628 3627 701 3708 ἔχων
717 3623 750 3691 τύ
766 3625 916 3713 κήρυγμα·
938 3625 996 3710 ήδη
1010 3627 1043 3692 δὲ
1059 3627 1108 3692 καί
1127 3619 1216 3704 οὗτος
1231 3625 1438 3713 κατασβεηδτίλι

299 3725 398 3811 οίμαι,
427 3730 521 3812 ἔληξε,
550 3730 600 3793 καί
617 3727 651 3794 τδ
669 3727 778 3795 τούτου
793 3732 1004 3796 διδασκαλεῖον.
1050 3728 1158 3796 Πόθεν
1173 3727 1229 3816 γάρ
1245 3728 1302 3797 ούιι
1318 3721 1437 3818 &wlff-

300 3853 378 3897 σεται
392 3827 412 3898 δ
427 3839 577 3909 τοιοῦτοςς
613 3837 739 3916 Προῖτον
753 3832 806 3914 μὲν
819 3831 874 3918 γάρ
890 3831 964 3898 κατά
979 3831 1015 3898 τά
1031 3831 1095 3898 άνω
1108 3829 1181 3915 ήμῖν
1194 3831 1437 3918 προδεδηλαμίτε,

298 3937 350 4000 καί
375 3932 450 4020 πρδς
472 3931 525 4009 τάς
546 3932 624 4000 ούτω
647 3934 822 4016 φασκούσας
846 3937 987 4021 αἱρέσεις,
1018 3934 1062 4002 ὅτι
1081 3933 1232 4002 α’δύνατον
1253 3933 1328 4002 είναι
1344 3928 1439 4003 πολλοῖς

297 4035 402 4122 ’Λρχάς
414 4034 585 4122 γεννητικάς
599 4043 658 4102 ταῖν
674 4037 748 4102 κατά
762 4037 903 4122 διαδοχήν
916 4041 1115 4124 γεννωμένων.
1158 4043 1203 4103 At
1213 4037 1268 4124 γάρ
1283 4029 1366 4104 οδσαι
1377 4039 1436 4098 πιλ-

298 4141 346 4204 λαί
358 4141 408 4205 καί
423 4144 474 4222 μία
489 4141 523 4206 ἐκ
537 4147 590 4222 τῆς
602 4145 672 4222 μιᾶς
685 4138 872 4227 ύττάρχουσαι
885 4144 918 4207 ίιι
931 4149 985 4224 τῆς
997 4139 1089 4226 σύσης
1103 4149 1173 4226 μιᾶς
1187 4145 1282 4218 αίτίας
1294 4147 1351 4208 ειὸν
1370 4147 1436 4202 ἀει·

325 4297 349 4346 2.
365 4291 393 4356 δε
405 4301 503 4349 inlibris
513 4301 660 4351 διιίδιτοιια
669 4303 782 4350 omnibus.
802 4301 857 4349 Cor·
891 4303 969 4351 οαλοιιι
986 4301 1052 4349 addi.

297 4368 365 4418 nario
385 4372 406 4418 ιι
422 4369 519 4418 Pacuvio
540 4369 617 4431 ιιιομίι
630 4369 722 4432 placuit
741 4366 764 4420 ελ
780 4371 858 4430 parti-
925 4368 949 4420 3.
966 4370 1032 4420 λαόιι·
1048 4371 1132 4420 hubent
1146 4363 1289 4424 ’Διτονίιοκ
