3096 4988
371 327 504 378 romanu
521 327 585 376 cro.
601 327 619 376 r.
636 325 716 378 rou.
731 327 762 376 rt.
781 325 879 376 ussa.
896 327 997 377 xxxi.
1191 317 1252 380 349

105 460 135 512 ot
152 460 183 512 et
201 443 392 512 Conditorem
410 447 504 532 ipsum
520 447 666 531 Angelum
680 447 725 510 dei
741 445 865 510 similem
881 447 1005 526 lacinntp
1031 467 1065 510 ac
1079 443 1251 513 Paradisum

104 569 219 636 qnoque
241 550 289 634 qni
312 571 399 635 supra
418 549 535 614 tertium
552 549 665 614 eoelum
685 549 811 626 eminet,
845 559 977 632 qpartnm
996 549 1025 612 vi
1045 551 1166 634 quadam
1186 571 1254 616 esse

104 655 217 718 coelum
234 653 389 730 deliniunt,
414 652 450 716 ab
468 671 562 737 eoquo
581 651 712 716 nonnibil
731 651 892 730 Adonem,
918 671 982 714 curn
1000 654 1074 736 apud
1093 653 1186 738 ipsum
1204 655 1254 718 de·

105 767 206 842 geret,
239 755 400 840 accepisse.
447 751 586 819 Ceterum
612 755 709 818 omnia
734 753 790 818 ista
815 749 1005 818 Conditorem
1027 766 1145 838 putasse
1167 758 1196 820 vi
1221 777 1253 821 se

105 859 222 946 propria
238 879 273 922 ae
290 879 344 921 sua
360 858 536 941 perdedisse,
560 878 627 921 cunr
643 856 758 920 interim
776 855 938 920 Achamoth
957 857 1095 922 universa
1113 859 1254 944 prodoce-

104 974 166 1042 ret,
191 962 242 1025 ille
261 981 335 1025 reru
353 960 393 1024 ita
411 961 524 1025 coelom
540 960 708 1037 moliretur,
733 969 764 1022 ot
779 959 892 1024 coelum
909 959 1026 1024 omnino
1044 963 1188 1041 nesciret,
1212 962 1254 1028 ita

106 1065 254 1128 bominem
271 1065 421 1142 formaret,
441 1074 474 1128 nt
487 1063 632 1126 bominem
648 1062 811 1146 ignoraret,
835 1063 1012 1148 ignarosque
1027 1075 1126 1128 terrae
1141 1066 1253 1130 demum

106 1179 215 1232 terram
235 1166 422 1232 nibilominus
441 1165 584 1243 efficeret,
610 1175 695 1250 atque
715 1165 769 1229 boo
786 1176 871 1250 pacto
887 1165 917 1229 in
934 1167 1011 1230 omni
1030 1162 1128 1232 rerum
1145 1189 1254 1252 genere

106 1291 207 1334 eorum
226 1289 300 1356 qnae
320 1270 431 1332 laceret
447 1265 549 1344 ideas,
580 1267 729 1353 ipsamque
747 1269 819 1332 adeo
836 1266 981 1350 Matrem,
1012 1269 1129 1335 minime
1146 1291 1254 1356 cogno-

106 1371 204 1450 visse,
237 1393 271 1436 se
291 1391 363 1435 vere
384 1392 470 1435 unum
491 1369 642 1455 complecti
661 1371 758 1434 omnia
776 1391 946 1456 persuasum
967 1373 1115 1438 babuisse.
1162 1371 1254 1438 Cuius

105 1474 145 1540 illi
170 1477 358 1559 arrogantiae
381 1493 515 1537 caussam
534 1470 666 1536 abiatra
686 1473 844 1559 praebitam
865 1475 972 1554 luisse,
1007 1497 1082 1561 qnae
1102 1478 1156 1542 boe
1174 1478 1253 1542 illum

105 1579 193 1642 modo
213 1597 368 1664 procreare
386 1576 529 1655 voluerit,
562 1587 593 1640 nt
609 1576 743 1661 propriae
761 1587 884 1640 naturae
901 1589 983 1662 caput
1005 1599 1039 1642 ae
1057 1580 1192 1666 princeps
1210 1593 1254 1646 tc·

106 1682 223 1764 tiusqoe
239 1679 373 1744 dominus
387 1679 485 1764 operis
500 1679 654 1743 existeret.
688 1677 820 1743 Eandem
835 1679 956 1764 insuper
967 1679 1094 1747 Matrem
1110 1695 1139 1748 et
1155 1679 1255 1769 Ogdo-

106 1783 190 1846 adem
207 1793 330 1860 aoeant,
360 1793 390 1844 et
407 1778 604 1866 Sapientiam,
629 1791 658 1846 et
674 1779 816 1862 Terram,
840 1792 870 1845 et
889 1780 1090 1865 Hierusalem,
1115 1797 1144 1850 et
1161 1784 1255 1872 Spiri-

106 1897 167 1950 tum
185 1897 329 1962 sanctom,
348 1896 376 1948 et
392 1885 552 1948 rnascolino
566 1903 676 1968 genere
692 1881 860 1948 Dominum.
907 1881 962 1948 Coi
978 1887 1007 1950 io
1024 1888 1117 1952 media
1134 1892 1255 1974 regione

107 1986 264 2052 stationem
283 1986 461 2066 attribuunt,
492 1997 524 2052 ut
544 1983 705 2051 Conditore
721 1986 920 2072 superiorem,
951 1989 995 2052 sic
1010 1990 1085 2054 inira
1104 1993 1152 2057 vol
1171 2005 1256 2058 extra

105 2088 244 2156 Pleroma
266 2091 301 2153 ad
323 2087 426 2154 Mundi
449 2089 534 2152 linem
557 2109 647 2173 nsque
671 2089 869 2153 constitutam.

193 2190 286 2276 igitur
307 2191 536 2277 quandoquidem
557 2201 688 2255 naturam
715 2192 791 2256 illam
821 2213 895 2278 qnae
913 2191 1042 2258 Materia
1064 2207 1179 2261 constat
1204 2199 1407 2279 tri-eopxxt.

109 2295 173 2379 pliei
196 2295 414 2380 perturbatione
433 2293 577 2360 contineri
599 2305 752 2372 asserunt,
783 2307 879 2374 metu,
910 2296 1010 2361 doloro
1033 2319 1067 2363 ac
1086 2301 1191 2364 meotis
1211 2301 1255 2365 ic·

108 2397 191 2482 opio,
225 2417 266 2462 ex
283 2409 361 2462 meto
381 2419 415 2461 ae
435 2398 629 2462 conversione
646 2397 782 2462 animalia
797 2417 928 2482 quaeque
944 2412 1131 2486 componunt.
1175 2401 1255 2468 Nam

109 2519 148 2563 ex
163 2499 360 2565 conversione
377 2496 566 2564 Conditorem
581 2502 727 2583 genitum,
752 2519 790 2563 es
807 2510 885 2563 meto
903 2501 1043 2587 reliquam
1061 2525 1175 2569 ornarem
1191 2507 1255 2572 ani·
1307 2517 1311 2526 '

110 2603 211 2667 malem
227 2603 421 2668 substantiam
439 2603 620 2680 existimant,
644 2601 804 2666 cuiusmodi
819 2614 887 2666 snut
900 2604 1011 2668 ratione
1027 2608 1187 2672 carentium
1204 2609 1255 2674 be·

109 2704 230 2770 stiarnm
248 2717 278 2770 et
295 2707 422 2770 lerarum
441 2717 528 2790 atque
546 2705 692 2768 hominnm
709 2705 836 2770 animae.
881 2703 1042 2792 Propterea
1060 2729 1124 2774 cum
1142 2713 1177 2775 ad
1196 2714 1256 2798 spi-

107 2807 201 2871 ritalia
221 2808 362 2891 quaedam
383 2809 583 2894 pernoscenda
601 2806 773 2872 imbecillior
791 2809 884 2888 toret,
919 2809 1012 2874 solum
1031 2833 1064 2875 se
1082 2833 1149 2877 esse
1169 2815 1254 2880 deum

106 2909 296 2990 arbitratum,
321 2931 357 2974 ae
372 2931 424 2996 por
440 2911 596 2998 prophetas
613 2909 761 2988 edixisse,
785 2915 849 2990 Ego
865 2917 950 2988 dmm,
969 2927 1143 2995 praeterae
1159 2921 1255 2980 nullos
1267 2937 1396 2996 enema

106 3017 182 3075 oldae
199 3026 252 3076 ert.
292 3011 343 3077 Ex
359 3013 472 3098 reliquo
487 3035 574 3099 porro
590 3012 839 3096 perturbationum
853 3035 963 3099 genere
979 3015 1139 3102 spiritualia
1154 3021 1256 3104 nequi-

105 3115 166 3178 tiae
184 3126 355 3201 procreata,
386 3117 510 3200 indeque
529 3125 558 3180 et
576 3111 729 3179 Diabolum
749 3127 902 3197 exortum,
934 3139 1019 3202 quem
1037 3118 1256 3186 Moderatorern

107 3218 207 3282 mnndi
225 3218 351 3298 iaciunt,
377 3241 432 3282 noa
449 3241 513 3284 eum
531 3215 701 3282 Daemoniis
719 3228 748 3282 et
764 3219 904 3302 Angelis,
929 3230 1084 3306 ceteraque
1102 3224 1181 3286 omni
1197 3225 1256 3308 spi-

108 3319 186 3383 ritali
202 3320 349 3405 nequitiae
366 3317 547 3385 Substantia.
581 3317 692 3384 Verum
709 3317 898 3385 Conditorem
914 3322 1007 3406 ipsum
1021 3325 1173 3388 animalem
1190 3323 1256 3390 Ma·

108 3424 163 3485 tris
180 3421 268 3486 lilium
283 3443 351 3487 esse
363 3423 472 3503 dicunt,
496 3421 716 3486 Moderatorem
731 3443 803 3487 aero
817 3424 915 3486 mundi
933 3424 1073 3507 quoddam
1089 3447 1161 3511 opos
1176 3423 1256 3490 Con·

107 3522 225 3588 ditonis.
269 3524 317 3590 Ae
337 3526 433 3590 mnudi
456 3545 527 3590 eane
548 3523 706 3590 Rectorem
730 3545 804 3611 quae
824 3545 912 3610 snpra
930 3545 962 3588 se
981 3525 1057 3604 siut,
1088 3537 1186 3612 utpote
1206 3549 1257 3593 ne·

106 3627 218 3712 quitiae
234 3627 383 3712 spiritum,
407 3628 587 3713 intelligere,
613 3624 822 3706 Conditorem,
852 3629 927 3712 qnod
946 3628 1077 3692 animalis
1095 3630 1150 3710 sit,
1175 3631 1257 3716 igno·

104 3749 176 3793 rnre
192 3729 363 3794 defendunt.
409 3729 541 3815 Quorum
560 3730 647 3794 etiam
666 3727 794 3794 Matrem
811 3749 899 3815 supra
916 3731 1028 3795 coelom
1047 3729 1177 3797 babitare
1197 3755 1258 3798 me·

105 3831 156 3895 dio
174 3831 297 3915 quodam
312 3833 389 3911 loen,
408 3830 597 3898 Conditorem
610 3851 682 3896 vero
698 3833 727 3895 in
744 3833 808 3917 ipso
823 3828 927 3912 Coelo,
946 3831 1080 3897 nimirum
1094 3833 1124 3898 in
1139 3833 1257 3901 ilebdo-

107 3933 211 4013 made,
245 3933 344 3998 mondi
362 3933 519 3999 Rectorem
538 3935 662 4018 deniqne
681 3933 711 3997 in
732 3934 787 3998 boc
805 3934 946 3999 interiore
965 3933 1077 4000 Mundo
1097 3949 1256 4025 nostreque

140 4087 168 4138 2.
185 4085 293 4156 ψυχικὸν
310 4089 453 4140 desiderator
465 4093 491 4140 la
505 4091 557 4140 cod.
569 4090 665 4152 ltbedtp.
700 4090 775 4139 edtttr.
811 4091 922 4140 Petuntur
939 4094 1033 4167 oorrr‘qr't
1050 4088 1198 4158 ἐπουράνιον.
1231 4095 1258 4144 ln

106 4163 128 4208 et
137 4160 165 4207 tn
178 4157 232 4206 edd.
242 4158 315 4207 tama.
338 4159 418 4208 Adteot
430 4159 460 4207 de
470 4161 606 4208 nnamdote
616 4159 665 4207 cod.
699 4159 751 4208 ond.
763 4159 817 4208 Vera.
831 4161 902 4208 aerbo
915 4155 940 4210 do
953 4159 988 4226 τῇ
1000 4157 1122 4227 μεσότητι
1131 4189 1162 4199 -
1171 4189 1204 4198 -
1213 4155 1258 4213 da-

107 4227 188 4276 Venrtt
202 4230 225 4274 et
242 4227 290 4274 tet.
306 4226 401 4288 latorpr.
700 4221 810 4290 eopoimoo
823 4231 877 4276 aaut
891 4230 985 4278 ominata
1013 4231 1259 4292 rmtmopreruerttt

141 4293 168 4344 3.
186 4289 293 4361 bagrada
310 4293 377 4343 codd.
395 4296 469 4344 Potio.
495 4295 549 4344 vm.
570 4295 667 4357 llbedip.
700 4292 725 4342 iu
744 4309 775 4343 eo
793 4292 835 4360 qui
852 4293 885 4343 eit
902 4295 928 4344 in
946 4295 1016 4346 caelo
1031 4296 1107 4348 locare.

106 4367 128 4411 et
144 4363 225 4412 Porta.
258 4363 286 4412 ln
303 4361 370 4410 eddte
385 4367 450 4411 estut
470 4359 575 4430 danqraol.
734 4362 758 4412 ὁ.
776 4359 967 4428 κοσμοκράτορα
983 4366 1035 4416 cod.
1053 4367 1106 4415 Vra.
1125 4369 1146 4414 et
1162 4368 1208 4416 Vct.
1221 4367 1260 4416 la-

140 4425 168 4478 4.
186 4423 331 4494 datonpoimoa
344 4429 501 4492 momorum.
526 4431 602 4479 stae
615 4445 668 4480 oon·
700 4435 770 4492 terpr.
796 4428 1170 4497 ccuroapoiropcoodddtbedip.
1187 4435 1259 4485 tatic.

105 4500 161 4550 tea‘t
174 4499 224 4546 tem
235 4497 291 4547 adm
300 4497 384 4547 Btttter
394 4496 444 4562 (ent
456 4499 596 4548 admonetur
605 4499 668 4547 llor-
701 4503 722 4550 ot
737 4499 807 4550 edttto
823 4504 929 4563 oroque.

104 4569 186 4616 uum
200 4577 259 4629 pop.
273 4562 337 4632 tta).
371 4559 545 4632 dnepoupdarm
561 4570 624 4616 rotat
644 4568 668 4616 ta
