3112 4984
361 317 496 371 aaaron
513 319 576 372 nm.
590 321 610 371 ι.
624 319 707 372 rou.
721 319 753 371 u.
770 318 869 370 ausa.
884 319 1006 372 xxvur.
1199 305 1261 374 ιιι

113 440 210 504 codem
227 437 333 504 relicto
348 435 446 503 lesum
461 439 630 504 revolasse:
663 435 761 502 lesum
778 459 867 524 porro
889 449 919 502 et
934 437 1043 503 obiisse
1059 449 1202 518 mortem,
1232 449 1263 504 et

110 543 256 606 advitam
280 541 440 605 excitatam
465 562 548 605 esse:
581 537 731 605 Christum
760 561 831 604 rero
861 541 909 625 qui
932 541 1126 605 descenderat
1149 561 1262 626 poenae

108 643 199 708 omnis
214 653 368 729 expertem
385 660 421 708 co
439 643 515 706 unde
532 657 657 708 venerat
672 663 844 722 reuersum,
868 644 915 727 qui
934 643 1010 706 idom
1027 643 1076 708 illo
1091 644 1198 727 estqui
1212 663 1263 708 oo·

108 746 222 811 lamhae
243 745 343 831 specie
365 745 501 831 delapsus
524 746 638 825 luerat3
661 745 701 808 ita
722 742 821 809 lesum
843 745 963 809 minime
985 765 1052 810 esse
1074 741 1238 810 Christum.

186 845 302 913 Verum
321 857 352 911 et
367 846 413 911 hic
430 869 488 911 non
504 847 600 911 minus
615 868 698 932 qaam
714 847 819 932 reliqui
834 867 935 910 omnes
952 847 1079 924 excidit,
1104 859 1135 911 ut
1149 847 1258 912 intueri
1284 852 1343 920 cap.
1359 853 1391 905 ΙΙ·

108 950 188 1015 facile
204 951 328 1036 potestis
345 949 517 1034 quicumque
531 950 666 1013 veritatis
679 970 781 1012 amore
795 949 946 1013 terremini.
991 947 1068 1013 Nam
1086 969 1152 1013 sum
1169 971 1186 1013 a
1204 971 1262 1034 quo

108 1051 154 1115 lex
176 1053 285 1116 tradite
308 1053 347 1115 sit
368 1052 474 1115 honum
497 1062 586 1136 negat
601 1072 685 1131 esse,
718 1051 801 1115 ouius
819 1061 917 1115 morsu
935 1051 992 1135 legi
1009 1053 1108 1135 utique
1126 1061 1295 1134 tanquam.

105 1152 199 1218 honac
224 1153 427 1239 obtemperare
449 1153 577 1218 videtur.
624 1150 683 1235 Qui
706 1173 778 1217 vero
801 1152 956 1232 convenit,
986 1165 1019 1217 at
1040 1154 1090 1237 qui
1109 1153 1202 1216 malus
1222 1153 1263 1217 sit

108 1255 210 1319 honam
228 1257 322 1340 legem
341 1254 585 1340 praescripserit?
627 1253 661 1320 Si
679 1254 756 1319 euim
772 1277 830 1320 non
847 1255 1021 1336 adulterari,
1046 1255 1093 1320 rel
1110 1275 1168 1318 nou
1182 1254 1261 1317 occi·

108 1359 174 1422 dero
190 1369 239 1422 ost
256 1359 428 1437 honestum,
452 1368 560 1441 quanto
577 1356 682 1420 molior
697 1357 722 1420 is
739 1357 848 1441 estqui
865 1357 922 1420 ista
939 1357 1104 1442 praecepit,
1127 1355 1194 1418 siis
1211 1355 1261 1439 qai

107 1480 140 1522 ea
156 1481 216 1523 non
233 1459 379 1524 commisit
394 1459 581 1534 confossione
596 1459 722 1522 omnium
739 1459 832 1522 honus
849 1458 983 1522 habetur.
1024 1457 1160 1542 Quonam
1176 1469 1260 1543 puoto

107 1561 173 1624 mali
187 1561 338 1626 cuiusdam
356 1562 493 1625 facinoris
508 1561 641 1626 accusari
657 1571 753 1646 potest
768 1560 816 1645 qui
830 1560 907 1624 hona
924 1561 1062 1638 consulit,
1085 1581 1120 1623 ao
1137 1570 1195 1624 tam
1208 1559 1261 1622 ho-

108 1685 172 1726 nam
195 1663 294 1747 legem
316 1662 480 1726 hominihus
504 1663 679 1748 descripsit?
721 1661 881 1727 Enimvero
900 1663 1028 1728 luriosus
1051 1673 1082 1726 et
1097 1681 1199 1726 amous
1215 1671 1263 1724 est

108 1766 155 1850 qai
170 1786 207 1828 ea
222 1767 335 1829 iactare
351 1787 410 1828 non
426 1774 472 1828 est
487 1767 610 1830 veritus.
656 1765 754 1849 Atque
769 1765 844 1827 idem
859 1765 919 1844 ille,
941 1763 1097 1842 carissimi,
1122 1763 1188 1843 fuit,
1212 1763 1262 1846 qui

109 1868 306 1953 apostolorum
323 1876 453 1952 tempore
469 1867 620 1931 tumultum
636 1867 716 1931 illum
733 1867 892 1944 excitavit,
915 1887 980 1929 cam
997 1863 1121 1929 lacobus
1137 1864 1262 1929 cacteri-

108 1991 162 2054 que
181 1969 307 2055 apostoli
325 1969 425 2032 literas
443 1967 630 2032 Antiochiam
648 1971 830 2054 scripserunt
846 1968 891 2031 his
908 1967 1025 2032 verbis:
1057 1972 1192 2046 Quoniam
1214 1989 1261 2029 eo·
1273 1979 1366 2035 tet-tt.
1378 1977 1410 2022 ιι.

107 2078 271 2153 quominus,
303 2075 435 2153 quosdam
451 2094 470 2132 a
484 2073 564 2134 nolis
579 2075 619 2133 ad
632 2093 681 2133 uos
695 2093 755 2133 esse
764 2073 924 2153 prtrseotos,
956 2075 1070 2151 rurique
1086 2091 1134 2130 aar
1145 2081 1261 2149 pertur-

109 2177 187 2237 basse
202 2175 394 2248 sermonibus,
425 2175 526 2254 quibus
543 2195 598 2236 non
616 2177 804 2235 mandarimus
821 2183 880 2236 etc.
925 2169 1005 2234 ltlem
1025 2191 1140 2254 quoquc
1158 2189 1259 2234 corum
1272 2183 1321 2227 tot.
1334 2181 1366 2226 ιι.

108 2295 181 2339 unas
198 2285 246 2339 est
263 2274 358 2358 quise
374 2271 464 2338 Petro
480 2285 694 2360 opposuerant,
719 2296 782 2337 cum
800 2274 835 2337 ad
851 2285 982 2337 sanctum
1000 2269 1170 2336 Cornelium
1188 2269 1260 2335 iris·

107 2391 169 2458 set,
199 2398 218 2440 a
239 2398 297 2461 quo
319 2387 384 2462 post
403 2377 529 2440 oblatum
552 2377 720 2462 pervisum
741 2376 876 2460 angelum
894 2385 958 2438 erat
975 2372 1147 2438 arcessitus.
1192 2369 1260 2454 Quo

108 2491 239 2566 tempore
258 2479 409 2543 dubitante
425 2475 516 2542 Petro
534 2477 654 2542 linteum
672 2477 741 2542 illud
760 2499 826 2540 cum
845 2477 881 2539 iis
901 2497 974 2560 quae
992 2473 1161 2538 continebat
1179 2473 1261 2538 obio-

108 2593 183 2645 ctoro
201 2591 267 2659 est,
290 2591 321 2643 et
336 2602 354 2644 a
370 2581 487 2644 domino
502 2580 577 2644 istud
591 2581 685 2664 ipsum
702 2579 807 2656 audiit,
839 2577 957 2662 nequid
974 2597 1126 2642 commune
1142 2576 1192 2640 vel
1205 2575 1260 2639 im·
1353 2575 1355 2586 '

108 2704 209 2766 parurn
227 2682 398 2768 appellarat.
445 2679 539 2766 Igitur
552 2679 712 2746 cerinthus
728 2678 965 2743 circumcisorum
980 2699 1098 2764 gregem
1117 2678 1261 2744 advorsus

108 2782 227 2848 Petram
247 2794 444 2849 revertentem
462 2785 619 2848 commovit
637 2781 869 2867 Hierosolymis,
901 2782 1018 2846 dioensc
1049 2787 1200 2862 Ingressus
1216 2791 1261 2842 est
1271 2796 1319 2838 aaa
1332 2793 1365 2846 ιι,
1377 2793 1398 2835 ι.

107 2891 143 2948 ad
156 2893 235 2948 ori-m
249 2892 428 2967 praeputium
442 2889 583 2948 ludentes.
631 2883 717 2968 Quod
735 2884 849 2969 quidem
864 2885 900 2948 ah
917 2905 953 2948 oo
967 2886 1074 2948 lactum
1090 2895 1153 2961 est,
1177 2893 1261 2946 oote-

106 3010 189 3072 quam
208 3009 293 3052 sunm
310 2989 340 3050 iu
355 2987 430 3051 alsia
447 2988 550 3072 dogma
567 2987 767 3073 praedicaret,
797 3007 888 3071 seque
904 2987 934 3050 in
951 2987 1035 3050 exitii
1053 2985 1099 3050 sui
1114 2984 1261 3070 gurgitem

106 3090 279 3175 profandius
298 3089 478 3154 immitteret.
524 3087 600 3154 Nam
617 3111 682 3152 oum
699 3087 889 3154 circumcisus
907 3089 953 3152 hic
969 3099 1066 3168 osset,
1096 3098 1128 3150 ut
1144 3107 1195 3150 cos
1211 3083 1262 3168 qui

105 3203 223 3256 retento
242 3191 394 3278 praeputio
411 3192 510 3256 fideles
529 3201 614 3256 eraut
634 3191 843 3270 ulcisceretur,
874 3191 1059 3255 occasionem
1076 3209 1094 3252 e
1109 3186 1262 3251 circumci-

105 3295 188 3360 sione
213 3305 319 3357 nactus
341 3305 399 3358 est.
1179 3295 1186 3308 '

186 3393 254 3461 Sed
271 3417 335 3460 cum
353 3397 487 3461 dominus
503 3395 620 3460 humaui
639 3395 758 3480 generis
777 3415 875 3460 curam
893 3403 1033 3480 porpetoo
1049 3400 1151 3475 gerat,
1181 3400 1212 3452 et
1228 3389 1259 3454 io
1277 3393 1338 3461 Gap.
1349 3393 1395 3445 111.

105 3499 243 3563 raritatis
257 3498 421 3562 aorantihus
437 3499 502 3562 liliis
516 3511 624 3562 cartam
638 3521 673 3562 ao
687 3509 870 3562 constantem
885 3497 962 3561 illius
981 3495 1063 3558 tidem
1083 3491 1213 3556 stabiliro
1226 3511 1261 3556 ao

104 3603 281 3666 confirmare
303 3601 415 3679 soleat,
447 3599 513 3664 cum
532 3602 718 3666 sanctissimo
737 3601 870 3686 apostolo
888 3597 977 3662 Petro
996 3593 1165 3660 confutandi
1183 3593 1261 3660 illius

105 3703 277 3768 fucultatem
303 3723 338 3765 ao
363 3703 506 3766 rationem
533 3703 679 3781 dedisset,
713 3703 869 3766 manifeste
895 3699 1027 3764 omnihus
1054 3707 1100 3760 cst
1125 3694 1261 3762 Corinthi

106 3815 260 3892 comperta
273 3805 430 3870 stoliditas.
460 3802 504 3868 lto
518 3805 595 3868 enim
609 3803 759 3890 apostolus
773 3804 888 3868 loeutus
902 3813 965 3865 estc
984 3805 1048 3882 Ego
1059 3821 1136 3863 mam
1149 3806 1178 3862 r'n
1193 3805 1261 3863 ca'm'-
1274 3807 1369 3913 ⁵⁶2,qu
1383 3805 1397 3849 ⁵

106 3921 159 3971 ure
169 3915 280 3990 lappe.-
301 3919 330 3969 et
339 3911 399 3969 miii
409 3912 499 3970 maduit
513 3911 574 3969 haer
586 3912 664 3970 cr‘rca
677 3910 774 3968 loram
786 3917 894 3967 sectam
908 3907 1021 3966 landrum
1038 3915 1161 3984 quatuor
1172 3907 1262 3964 cilitiis

105 4015 248 4074 sumtu·
266 4015 301 4072 dc
322 4014 414 4085 coelo,
448 4015 477 4072 in
502 4032 558 4092 quo
578 4019 663 4071 mant
681 4011 773 4070 omnia
793 4009 984 4088 quadrupedia
1004 4017 1034 4067 et
1053 4009 1177 4088 reptilia.
1222 4007 1264 4066 m

104 4117 177 4176 dixit
196 4115 285 4186 miti,
319 4115 629 4174 cammerinorum.
674 4113 747 4172 Drinr'
762 4121 870 4184 autem,
901 4112 1102 4191 Nequaquam,
1134 4109 1260 4178 domnica,-

106 4221 167 4296 qar'a
185 4217 268 4277 ιιιῚιιῚ
283 4237 404 4297 unquam
419 4235 561 4276 commune
579 4217 624 4275 uel
640 4215 807 4274 immundum
825 4217 954 4274 rhtroriu't
969 4218 998 4274 iu
1014 4235 1046 4274 os
1064 4229 1162 4272 meum.
1208 4209 1261 4268 lla·

104 4323 221 4398 pandit
232 4329 328 4381 autem
347 4321 419 4380 maha'
434 4340 490 4380 aaa
507 4320 542 4380 ds
560 4319 653 4389 coelo,
680 4317 756 4394 Quae
773 4317 841 4376 daus
858 4319 1016 4387 mandauit,
1042 4323 1073 4374 tu
1090 4333 1125 4372 ua
1140 4329 1262 4370 commu-

104 4426 148 4484 m'a
164 4425 292 4485 dwem.
339 4423 379 4482 Et
393 4422 538 4505 conseruin
558 4441 622 4482 ecoe
638 4421 693 4480 duo
709 4420 767 4479 ur’ri
780 4422 934 4480 asteterunt
950 4421 979 4478 ιἰι
997 4419 1086 4476 domm
1133 4414 1173 4474 Iit
1188 4413 1265 4472 atate
