3100 4984
322 321 941 387 aeneannte.r.apaurt.trasmxxxr.
1145 312 1206 376 ³73

58 454 149 508 tntum
166 453 229 522 est,
254 453 287 508 at
301 441 397 508 rideri
415 441 650 528 commutarique
667 451 779 528 posset.
825 437 965 508 Ceterum
982 463 1050 507 caro
1069 453 1155 508 retas
1172 443 1206 508 il·

58 547 103 610 lad
121 565 193 632 opus
211 544 257 609 dei
273 555 337 623 est,
361 545 420 609 iam
435 556 495 608 tam
510 544 546 608 ab
561 544 667 610 Adami
683 544 861 630 temporibus
877 565 916 610 ex
934 545 1020 610 banno
1037 547 1204 626 formatum,

58 671 141 734 quan
158 648 204 712 dei
223 644 355 711 Verbum
373 646 464 718 luisse
480 647 635 712 verilsinre
652 645 779 712 loannes
794 646 931 733 prodidit.
978 645 1021 710 ltu
1036 647 1128 734 prima
1140 647 1206 714 illo·

58 773 118 816 rnm
140 761 170 815 et
186 751 388 835 antiquissima
408 747 529 835 Ogdoas
547 749 578 813 in
598 749 716 815 nibilum
735 749 850 814 recidit.
897 747 1041 833 Quoniam
1062 749 1138 814 euim
1157 752 1207 814 uni

58 853 208 938 eidemque
228 852 387 918 convenire
407 863 599 918 monstratum
619 863 681 932 est,
706 862 737 916 ut
755 863 784 916 et
801 849 996 936 Unigenitus,
1020 863 1050 915 et
1065 850 1152 932 Vita,
1177 864 1208 916 et

59 953 189 1035 buten,
212 966 243 1018 et
259 951 415 1034 Salvator,
438 966 469 1018 et
483 952 639 1034 Christus,
662 965 693 1019 et
707 951 764 1018 Dei
782 953 858 1018 lilius
875 965 966 1033 esset,
990 964 1020 1019 et
1034 955 1059 1017 is
1075 954 1138 1040 ipse
1153 976 1206 1020 uc·

58 1069 115 1123 stra
134 1078 239 1122 caussa
257 1073 375 1122 carnem
393 1057 546 1138 indueret,
580 1069 641 1122 tota
659 1057 708 1121 illa
727 1051 875 1140 Ogdoadis
895 1055 989 1119 labala
1007 1056 1118 1141 dilapsa
1135 1077 1205 1120 con-

11 1225 12 1228 ,
58 1161 141 1225 uidet.
184 1157 249 1243 Qua
264 1159 395 1224 discussa
408 1161 575 1225 nniversam
590 1181 678 1225 ruere
694 1159 802 1245 pariter
818 1160 984 1242 dogmatum
999 1156 1114 1223 illorum
1128 1171 1205 1224 stru·

57 1274 165 1328 claram
183 1281 306 1328 necesse
322 1272 384 1341 est,
408 1281 493 1346 quam
509 1261 551 1326 illi
568 1262 625 1326 sibi
643 1262 723 1328 velut
740 1283 793 1348 per
810 1261 953 1326 somnium
968 1260 1137 1344 effingentes
1156 1283 1205 1328 sa·

58 1388 119 1432 eras
135 1366 237 1431 literas
255 1364 432 1450 depravant,
456 1367 522 1429 dum
539 1385 590 1430 eas
610 1366 645 1430 ad
663 1375 866 1449 argumentum
882 1385 966 1428 sunm
983 1365 1204 1430 accommodare

56 1469 181 1534 student.
226 1465 341 1532 Deinde
359 1487 478 1552 sparsas
500 1466 643 1532 dictiones
663 1487 699 1532 ac
719 1466 860 1531 vocabula
879 1466 987 1552 passim
1004 1477 1121 1551 reperta
1143 1467 1203 1532 ool-

57 1571 177 1656 ligentes
193 1570 230 1634 ab
249 1570 349 1635 nativo
363 1591 453 1636 seusu
470 1581 500 1634 et
514 1571 632 1655 proprio
648 1571 677 1634 in
693 1570 838 1649 alienum,
862 1580 894 1634 ut
909 1567 1053 1648 diximus,
1078 1570 1203 1654 pervim

57 1675 246 1740 nescierunt.
280 1671 529 1756 Quemadmodum
544 1673 564 1736 ii
581 1672 692 1738 iaciunt
705 1673 753 1759 qui
767 1671 894 1759 qnalibet
907 1671 1028 1736 materia
1042 1672 1201 1757 proposita,

56 1776 230 1863 depromptis
250 1797 291 1841 ex
308 1774 440 1840 llomero
458 1776 609 1856 versibus,
644 1777 769 1841 siccam
788 1784 916 1840 tractant
931 1783 1018 1858 alque
1037 1773 1200 1860 expoliunt,

56 1891 84 1942 ut
97 1879 241 1964 imperitis
257 1880 454 1964 persuadeant
466 1879 502 1943 de
518 1879 629 1944 recenti
644 1879 695 1944 illo
710 1901 764 1943 suo
779 1887 953 1963 argomento
968 1874 1130 1942 Homerum
1146 1877 1203 1944 ista

56 1982 214 2059 cecinisse,
247 2003 282 2045 ac
301 1982 446 2067 plerisque
464 1981 559 2046 series
578 1982 640 2068 ipsa
659 1982 819 2046 carminum
835 2001 870 2045 oo
886 1989 1043 2044 cantemus
1058 1979 1200 2065 imponat,

57 2085 132 2170 quasi
148 2085 223 2150 baeu
237 2084 267 2148 iu
283 2105 349 2148 eum
364 2085 479 2148 modum
496 2084 605 2148 inerint
619 2084 655 2148 ab
670 2081 799 2148 Homero
813 2083 937 2168 digesta.
972 2080 1023 2147 Sic
1036 2080 1085 2146 ille
1100 2082 1200 2146 neseio

56 2191 132 2272 qais,
167 2186 216 2272 qui
235 2185 392 2251 Herculem
411 2185 448 2249 ab
465 2185 635 2272 Eurystheo
652 2187 689 2250 ad
707 2186 850 2249 internum
868 2205 970 2248 canem
989 2183 1200 2248 extrahendum

55 2291 171 2358 missum
190 2287 358 2354 llomeriois
376 2289 511 2354 versibus
533 2289 572 2352 ita
591 2288 745 2375 descripsit
761 2287 847 2368 (nihil
864 2288 941 2351 enim
960 2286 1088 2373 exempli
1106 2286 1200 2372 gratia

55 2393 185 2479 probibet
204 2393 260 2456 ista
279 2391 519 2472 commemorari,
551 2412 615 2456 cum
635 2391 837 2475 parilemque
859 2389 898 2453 sit
916 2389 1067 2456 amborum
1084 2389 1200 2454 iustitu-

55 2499 142 2580 tutn):

201 2601 252 2662 Sic
272 2603 329 2672 ait,
353 2609 380 2660 et
402 2603 482 2660 tecta's
500 2598 703 2678 gemebundum
725 2600 851 2658 extrusit
869 2597 905 2657 ad
926 2599 993 2658 altri

201 2705 413 2782 Magnentianae
433 2703 570 2774 Alciden,
586 2702 734 2781 sactorum
757 2701 839 2760 leude
855 2709 994 2779 potentem

201 2809 350 2867 Perseidos
369 2806 547 2884 Eurystheus
568 2803 699 2871 Stheneli
716 2805 874 2864 claruistiau
892 2803 1014 2882 procles,
1040 2863 1043 2872 ,

200 2909 346 2991 Inserantur
368 2918 401 2968 ut
418 2927 535 2986 superus
556 2907 697 2966 custodem
718 2907 834 2988 cſjtmet
855 2909 884 2964 a'n
905 2925 1001 2966 atnam

200 3013 282 3090 Ergo
303 3011 353 3070 ille
373 3011 529 3088 intrepidus
550 3011 677 3069 montani
696 3028 772 3068 more
793 3009 880 3067 nonu

205 3113 278 3174 Urbe
298 3132 383 3173 ruens
405 3121 463 3171 tota
482 3113 567 3171 sociob
589 3111 786 3172 comitantibus
807 3110 883 3183 s'lat,¹

200 3217 283 3276 Hunc
304 3217 416 3275 muenes
436 3217 585 3294 anumque
602 3234 683 3274 senes
703 3223 850 3291 castaeque
868 3213 979 3291 puellae

201 3320 350 3378 Deductcst
368 3319 453 3396 longo
471 3319 595 3394 gemitu,
617 3336 669 3376 ceu
690 3325 777 3376 morte
794 3317 962 3394 propinqua.

204 3422 272 3481 Tuas
293 3440 324 3480 se
343 3421 506 3480 Mercurius
526 3421 651 3480 comitem
671 3437 733 3478 cant
754 3418 870 3478 Pallade
890 3417 994 3494 auagu,

202 3525 289 3600 Quam
310 3543 366 3584 non
378 3523 513 3604 flaterni
529 3541 612 3582 cosan
633 3540 771 3600 curaeque
793 3518 926 3580 latebant.

55 3619 144 3706 Quem
166 3645 227 3690 non
249 3623 407 3710 simplicem
432 3621 606 3708 minimaque
629 3621 735 3685 malum
755 3619 900 3683 bominem
920 3637 1026 3682 versus
1047 3617 1096 3681 isti
1118 3614 1197 3680 deui-

55 3727 144 3810 piant,
176 3737 208 3790 nt
229 3746 281 3791 ens
301 3725 540 3812 quemadmodum
561 3723 656 3802 audit,
688 3723 724 3786 de
746 3723 801 3786 boc
818 3731 990 3806 argumento
1011 3719 1048 3784 ab
1066 3717 1197 3784 llomero

55 3829 173 3915 scriptos
193 3829 388 3896 assentiatur?
431 3829 537 3913 Atqui
553 3825 676 3892 llomeri
692 3825 819 3890 lectione
836 3825 920 3890 tritus
943 3835 1004 3904 eat,
1037 3822 1122 3890 iacile
1139 3823 1196 3888 ista

55 3929 212 4013 discernet,
244 3951 300 3995 neo
319 3931 467 4016 ignorabit
484 3930 585 3994 borum
608 3929 712 4015 partim
733 3929 769 3992 de
785 3925 893 4014 Ulysse
912 3927 1004 4006 diota,
1034 3925 1139 4013 partim
1159 3928 1194 3992 de

54 4029 192 4115 Hercule,
225 4034 329 4120 partim
345 4039 380 4099 ad
397 4031 562 4112 Priamum,
592 4033 697 4118 partim
714 4032 748 4095 ad
766 4028 933 4094 Menelaum
952 4041 982 4094 et
998 4032 1195 4116 Agamemno-

53 4155 113 4199 nem
134 4137 295 4224 pertinere.
341 4134 456 4220 Quibus
473 4135 541 4199 inde
559 4133 707 4199 translatis
728 4155 763 4197 ac
785 4153 839 4196 suo
861 4133 926 4197 loco
943 4133 1086 4198 restitutis
1102 4143 1192 4196 totum

53 4235 114 4302 illud
134 4261 208 4325 opus
226 4239 378 4305 dissolvet.
424 4235 476 4304 Sic
492 4237 625 4319 omnino,
649 4236 698 4322 qui
715 4234 847 4301 veritatis
865 4236 996 4320 regulam
1013 4247 1144 4300 neutram
1162 4234 1191 4300 in

53 4375 125 4438 legisse
134 4377 229 4427 uidetur
237 4377 330 4439 plenius
341 4371 507 4442 ἐπιγνώσεται
518 4374 563 4460 pulv
575 4373 608 4429 roi
675 4371 700 4426 9.
720 4375 766 4424 i'et.
777 4375 888 4438 laur-pares
898 4389 1015 4441 praeseus
1026 4381 1195 4452 argumentum

54 4437 112 4509 lou,
129 4441 178 4510 niv
195 4443 224 4498 δὲ
238 4439 358 4512 dedicere
373 4437 419 4496 eda
433 4441 607 4511 lucpvmoeuuv.
641 4445 717 4496 uniit.

81 4512 165 4564 utet
174 4514 302 4575 interpres:
315 4521 341 4562 et
354 4527 550 4581 unamquemque
562 4528 607 4564 suo
677 4511 716 4564 10.
734 4505 749 4566 ὁ
766 4523 811 4562 unt.
826 4512 876 4563 eud.
894 4513 948 4562 Vere.

52 4573 111 4630 libro
124 4577 271 4632 reddiderit.
