3106 4990
343 221 404 286 5³0
767 233 887 286 ειαοω
905 233 1071 286 εειοιιιειιι

342 349 410 416 νεάν
422 349 662 437 προβαινόντων,
684 352 734 416 καὶ
749 347 823 424 κατά
839 349 978 434 διαδοχὴν
994 352 1064 416 υίοῦ
1080 351 1191 436 πατέρα
1204 351 1436 434 διαδεχομένον,
1456 351 1487 424 είς

345 451 444 538 γενεάς
466 455 551 519 πέντε
572 451 591 519 ό
612 450 686 518 αίῶν
709 451 835 535 ἐληλακε.

214 573 281 643 Κεφ.
293 569 328 641 η’.
429 558 489 620 Καὶ
503 559 603 642 μέμονε
618 553 680 622 κατ’
696 559 790 621 έκεῖνο
810 562 916 641 καιροῦ
934 553 954 638 ἦ
970 562 1023 636 τῆς
1036 559 1214 637 Βαβυλῶνος
1231 559 1326 632 κτίσις
1342 557 1377 620 έν
1391 563 1427 644 τῇ
1441 561 1488 618 τῶν

341 655 502 744 Ἀσσυρίων
517 665 571 750 μη,
602 662 654 726 καί
671 655 688 724 ύ
704 657 755 724 ὁπ’
772 655 870 724 αύτῶν
886 660 1099 742 οἰκοδομηθεὶς
1116 657 1180 726 τότε
1195 657 1318 742 πύργος.
1360 650 1451 722 Ἦσαν
1464 657 1487 719 δέ

341 761 416 828 κατά
436 769 543 828 τοῦτον
564 759 615 826 τόν
636 759 755 847 καιρόν,
787 757 828 835 ῶς
844 759 901 843 ἤδη
921 763 951 826 ἐν
969 771 1034 838 ταῖς
1050 759 1194 848 πρότερον
1212 764 1342 846 αἱρέσεσι
1361 755 1486 844 διηχηαύ

341 890 410 947 μην,
428 862 505 930 κατά
520 863 572 932 τόν
587 864 687 948 είρμδν
702 871 761 928 τῶν
779 861 840 928 άνω
857 889 909 946 μοι
922 869 1028 949 γενεῶν
1043 871 1326 950 πραγματευθεισῶν
1345 867 1380 930 οί
1394 861 1487 934 πάντες

341 967 602 1052 ἑβδομηκονταδύο
619 965 723 1051 άνδρες
738 965 789 1032 τόν
808 963 948 1052 άριθμόν,
972 963 1094 1050 α’ρχηγοί
1111 991 1141 1030 τε
1158 968 1209 1032 καί
1225 973 1429 1044 κεφαλαιῶται
1445 969 1486 1028 τοτ’·

340 1069 393 1151 μὲν
412 1068 482 1152 Χάμ
504 1071 608 1156 μένους
630 1067 857 1155 τριακονταδύο,
888 1071 1015 1134 καὶτοῦ
1038 1067 1164 1150 ιἸόφεθ
1185 1071 1364 1150 δεκαπέντε,
1396 1065 1487 1134 τοῦδέ

342 1171 432 1254 ἑΣήμ
447 1175 631 1238 εἰκοσιπέντε.
673 1174 734 1248 Καὶ
747 1171 843 1248 οὕτως
861 1168 1005 1257 δπῦρχος
1020 1174 1070 1236 καὶ
1085 1168 1105 1254 ἦ
1120 1171 1265 1254 Βαβυλῶν
1281 1173 1408 1256 ἐγένετο.
1447 1165 1486 1232 ’Ex

340 1273 456 1340 τούτων
478 1273 678 1362 διεσπάρησαν
700 1277 748 1340 ἐπί
770 1283 868 1338 πᾶσαν
889 1272 941 1357 τὴν
963 1280 1017 1359 μην
1034 1279 1125 1356 φυλαί
1141 1298 1172 1337 τε
1188 1275 1238 1340 καί
1256 1281 1395 1360 γλῶσσαι.
1438 1271 1485 1334 Κῶ

344 1380 461 1464 ἐπείπερ
480 1382 510 1444 οί
523 1375 782 1460 ἑβδομηκονταδύο
801 1375 866 1443 τότε
884 1377 936 1443 τόν
951 1375 1066 1463 πύργον
1082 1379 1310 1459 οἰκοδομοῦντες
1329 1383 1397 1452 ταῖς
1412 1371 1484 1460 μλόσ
1527 1407 1528 1424 1

343 1503 410 1556 σαις
429 1479 681 1562 διεσκεδάσθησαν
700 1482 908 1566 συγχυθέντος,
939 1481 990 1546 καί
1012 1476 1070 1544 άτιύ
1093 1485 1163 1562 μιᾶς
1182 1471 1220 1562 ἧς
1239 1477 1354 1567 ᾔδεσαν
1375 1481 1486 1560 ἐμπυευ
1527 1469 1528 1516 7

342 1585 464 1658 σθέντες
488 1585 521 1650 ἐκ
544 1591 620 1649 θεοῦ
641 1582 809 1666 βουλήσεως
831 1580 916 1658 άλλος
939 1580 1027 1665 ἄλλην
1047 1581 1211 1665 ἐσχήκασιν.
1252 1579 1301 1658 Ἐξ
1326 1575 1425 1666 ῶνπερ
1445 1579 1485 1642 ιιοί
1527 1581 1528 1650 ί

219 1715 270 1760 ρος.
283 1703 328 1748 ωε.
342 1687 425 1772 μέχρι
448 1689 535 1769 δεῦρο
557 1683 577 1767 ἦ
599 1685 737 1760 σύστασις
754 1692 813 1752 τῶν
828 1691 934 1750 λαλιῶν
951 1687 1110 1768 ἐνέστηκεν.
1144 1683 1234 1760 Ὥςτε
1250 1686 1424 1771 βουλομένῳ
1439 1683 1487 1746 ένε·

342 1809 406 1853 στιν
426 1784 521 1872 εύρεῑν
539 1789 663 1854 ἕκαστον
685 1785 812 1872 άρχηχόν
834 1787 958 1872 ἑκάστης
980 1787 1124 1873 μλῶσσης·
1155 1783 1196 1864 ῶς
1220 1783 1348 1854 3Ἰωυιίν
1372 1787 1425 1869 μέν
1443 1781 1486 1864 τόν
1527 1785 1528 1872 J

339 1887 491 1972 Ἑλληνίδα
507 1893 601 1976 έσχεν,
624 1893 655 1966 ἐξ
670 1882 761 1976 οὗπερ
775 1891 824 1954 καί
834 1887 932 1966 Ἴωνες
946 1893 1097 1974 κέκληνται
1113 1893 1145 1955 οί
1155 1887 1207 1972 τήν
1220 1888 1351 1954 παλαιάν
1367 1893 1486 1974 γλῶσσαν
1527 1879 1528 1908 ¹

341 1999 401 2058 τῶν
413 1989 559 2076 Ἑλλήνων
575 1995 702 2076 ἔχοντες,
728 1990 830 2077 Θήρας
845 1994 876 2058 δὲ
891 1999 952 2058 τῶν
968 1997 1111 2080 Θρᾳκῶν,
1134 1990 1243 2074 Μοσόχ
1257 1991 1311 2074 τὴν
1326 1993 1484 2056 Μοσσυνοί-

341 2121 403 2160 κων
417 2102 564 2181 γλῶσσαν,
589 2095 691 2177 Θωβὲλ
707 2093 761 2176 τὴν
778 2101 838 2159 τῶν
857 2099 1023 2174 Θετταλῶν,
1048 2092 1153 2160 Ἐλούδ
1170 2093 1224 2178 τὴν
1242 2098 1371 2174 Λυδῶν,
1395 2087 1484 2172 Γεφόρ
1527 2083 1528 2136 ί

342 2193 396 2280 τὴν
414 2203 596 2280 Γασφηνῶν,
628 2196 763 2282 Μιστρὲμ
782 2195 911 2280 τὴντῶν
929 2200 1115 2282 Αἰγυπτίων,
1153 2204 1237 2272 Ψοῦς
1252 2194 1305 2280 την
1322 2204 1384 2262 τῶν
1396 2193 1482 2270 ’Λξου-

342 2305 448 2382 μιτῶν,
477 2297 598 2384 Ἀρμῶτ
613 2297 668 2381 τήν
686 2305 745 2363 τῶν
765 2296 920 2384 Ἀράβων,
949 2303 999 2366 καί
1017 2306 1077 2364 τῶν
1094 2306 1205 2366 λοιπῶν
1223 2301 1359 2380 ἕκαστος,
1388 2291 1484 2375 έναμδ
1527 2289 1528 2378 J

340 2403 456 2468 καθένα
472 2404 561 2487 λέγω,
591 2404 668 2466 ίδίαν
686 2401 868 2483 ἐνεπνεύσθη
888 2409 1026 2487 γλῶσσαν.
1071 2403 1131 2466 Καί
1149 2401 1246 2478 οῦτως
1262 2400 1387 2483 ἑκάστης
1404 2395 1482 2484 χλύσ-

342 2525 396 2587 σης
417 2501 438 2586 ἡ
459 2501 581 2588 διαδοχὴ
604 2507 635 2570 ἐν
656 2511 698 2592 τῷ
720 2502 821 2591 κόσμῳ
843 2503 1048 2572 πεπλάτυνται.
1527 2575 1528 2584 J

207 2609 271 2678 Κεφ.
290 2607 324 2666 θ’.
429 2604 534 2671 Πόθεν
556 2599 658 2672 τοίνδιν
678 2597 761 2671 οὗτοι
783 2606 1025 2693 έψεαδηγόρησαν
1044 2603 1143 2672 αύτῶν
1167 2604 1202 2670 τά
1225 2604 1359 2690 βήματα,
1389 2625 1483 2686 παρετ
1527 2681 1528 2694 J

341 2707 445 2784 θέντες
462 2707 514 2791 τήν
529 2710 641 2774 ἑαυτῶν
660 2713 845 2792 μυθοποιίαν
862 2708 1088 2792 φανταζόμενοι,
1117 2711 1169 2773 καὶ
1186 2699 1483 2794 όνειροπολοῦντεςιί
1527 2775 1528 2782 J

341 2806 383 2891 μὴ
400 2807 471 2874 όντα
489 2808 530 2886 ῶς
547 2809 633 2890 όντα,
661 2813 713 2876 καί
728 2809 764 2876 τά
782 2809 853 2877 ι’ίυτα
871 2819 923 2894 τῆς
941 2813 1053 2876 ἑαυτῶν
1070 2813 1203 2886 διανοίας
1220 2807 1482 2880 διασκεδαννύνπεσὶ

340 2907 425 2978 Ἀλλά
440 2910 473 2978 τό
491 2920 551 2978 πῦν
567 2920 621 2978 τοῦ
637 2911 778 2996 διαβόλου
792 2913 927 2996 βούλημα
942 2919 1028 2980 τοῦτο
1043 2915 1206 2997 ἐνεκίσσησε
1222 2923 1286 2990 ταῖς
1301 2919 1361 2978 τῶν
1377 2903 1481 2992 άνθςνί·

340 3039 407 3080 πων
422 3025 545 3099 ψυχαῖς·
568 3017 628 3080 έοτι
643 3016 675 3079 δέ
690 3017 763 3080 ἰδεῖν
778 3018 829 3080 καί
843 3015 999 3099 θαυμάσαι
1016 3014 1056 3092 ῶς
1072 3019 1103 3082 ἐν
1119 3025 1240 3092 πολλοῖς
1255 3017 1308 3100 μέν
1325 3011 1481 3096 &tumim

341 3115 394 3182 τόν
408 3115 573 3205 άνθρωπον
586 3116 717 3200 ἦπάτησε
731 3120 782 3182 καί
796 3121 836 3194 είς
850 3123 1037 3202 παρανομίαν
1051 3121 1240 3198 κατέσπασεν,
1257 3123 1300 3194 είς
1311 3143 1343 3184 τε
1355 3117 1482 3202 πορνείας

341 3223 392 3286 καί
406 3227 535 3306 μοιχείας
547 3223 597 3286 καί
610 3218 765 3306 άσελμείας,
781 3223 988 3304 εἰδωλομανίας
1002 3246 1031 3286 τε
1045 3223 1095 3286 καί
1108 3225 1243 3307 γοητείας
1257 3223 1306 3286 καί
1321 3223 1480 3304 αίματεαχν·

341 3328 421 3403 σίας,
452 3321 589 3410 ύρπαμάς
605 3348 636 3388 τε
652 3325 704 3387 καὶ
720 3321 894 3406 ἀπληστίας,
917 3327 1036 3405 κυβείας
1052 3349 1082 3388 τε
1097 3325 1147 3388 καί
1165 3321 1348 3409 άδηφαχίας,
1372 3323 1419 3388 καί
1433 3316 1480 3382 δσσ

341 3432 471 3491 τοιαῦτα.
518 3423 660 3508 Ούδαμοῦ
683 3425 715 3490 δέ
736 3424 793 3509 πρό
813 3433 865 3509 τῆς
882 3433 935 3492 τοῦ
954 3433 1085 3512 Χριστοῦ
1101 3431 1266 3510 παρουσίας
1282 3427 1433 3508 ἐτόλμησεν
1446 3421 1480 3494 είς

342 3525 393 3593 τόν
416 3529 524 3595 ἑαυτοῦ
543 3527 689 3610 δεσπότην
706 3530 895 3614 φθέγξασθαι
913 3527 1087 3612 βλάσφημόν
1103 3555 1169 3594 τινα
1184 3527 1288 3616 λόγον,
1316 3526 1479 3610 ἢῶντνρσῑν

342 3630 488 3711 ἐννοῆσαι.
530 3628 668 3714 Ἀνέμενε
686 3627 740 3716 γάρ
758 3628 809 3694 τόν
825 3639 878 3696 τοῦ
896 3637 1025 3716 Χριστοῦ
1043 3635 1224 3716 παρουσίαν,
1248 3627 1287 3707 ῶς
1301 3631 1390 3715 λέγει,
1414 3624 1478 3710 Περὶ

341 3739 396 3796 σοῦ
411 3734 571 3819 χέχραπται
593 3733 653 3813 ὅτι,
681 3741 744 3807 τοῖς
760 3730 890 3818 άμμέλοις
907 3731 999 3799 αύτοῦ
1016 3736 1166 3800 ἐντελεῖται
1185 3735 1253 3820 περὶ
1270 3740 1341 3812 σοῦ,
1373 3733 1420 3798 καί
1437 3727 1477 3794 ἐπί
1527 3749 1528 3756 ’

341 3840 447 3920 χειρῶν
463 3831 568 3920 άροῦσί
587 3856 626 3900 σε.
662 3833 773 3900 ’Ἠκουε
791 3833 845 3920 γάρ
862 3834 907 3900 άεί
922 3843 980 3902 τῶν
996 3843 1159 3920 προφητῶν
1171 3833 1420 3922 κατοχμελλόντων
1434 3827 1478 3910 τήν

344 3941 476 4021 Χριστοῦ
492 3943 674 4022 παρουσίαν,
700 3936 843 4023 λύτρωσιν
860 3940 1001 4020 ἐσομένην
1019 3947 1079 4004 τῶν
1097 3936 1345 4024 άμαρτησόντων,
1372 3937 1421 4002 καί
1435 3927 1477 3998 διό
1527 3941 1528 4036 J

345 4045 475 4126 Χριστοῦ
497 4031 734 4122 μετανοούντων,
765 4040 876 4123 ἐνόμιζέ
896 4066 925 4105 τε
946 4038 1105 4118 τεύξασθαί
1126 4066 1206 4116 τινος
1228 4042 1334 4116 ἐλέους.
1370 4039 1435 4104 ’Ότι
1451 4031 1477 4096 δέ

341 4141 418 4210 είδεν
433 4141 451 4210 δ
465 4140 552 4218 τάλας
565 4140 616 4208 τόν
634 4141 817 4228 Χριστόνμή
832 4140 989 4226 δεξάμενον
1004 4140 1098 4210 αύτοῦ
1112 4142 1168 4228 τὴν
1182 4145 1251 4230 περὶ
1266 4146 1411 4231 σωτηρίας
1424 4141 1474 4204 έτν
1527 4131 1528 4154 ³

376 4335 565 4386 (λιο.ν111.-
585 4305 608 4384 1¹.
626 4335 690 4382 Libri
707 4335 789 4385 λοοιιιι
806 4331 878 4402 Σήμ,
929 4331 958 4389 δέ
976 4332 1041 4402 Σήμ
1061 4333 1223 4388 εἰκοσιπέντε.

374 4406 399 4452 2.
416 4405 480 4453 Libri
500 4405 584 4452 λοοεκι
604 4395 702 4465 Ίάφεθ.
726 4427 759 4439 -
786 4407 895 4454 Ρειιιυιιιτ
961 4403 985 4454 3.
1003 4397 1126 4466 Ἰωῖωαὶν,
1149 4407 1245 4453 κίτται
1262 4405 1328 4466 λιςο,
1354 4405 1474 4455 canotum
1527 4427 1528 4452 ι

340 4475 460 4531 proposuit
476 4471 520 4524 τοῦ
537 4467 567 4524 δέ
579 4465 671 4536 Ἰιίφεθ
687 4469 836 4536 δεκαπέντε,
853 4473 898 4524 τοῦ
932 4477 964 4523 ιιι
980 4485 1010 4522 επ
1026 4473 1076 4522 τοῦ.
1092 4473 1210 4522 Vaticano.
