<?xml version="1.0" encoding="UTF-8"?>
<!DOCTYPE html PUBLIC "-//W3C//DTD XHTML 1.0 Transitional//EN"
    "http://www.w3.org/TR/xhtml1/DTD/xhtml1-transitional.dtd">
<html xmlns="http://www.w3.org/1999/xhtml" xml:lang="en" lang="en">
 <head>
  <title>
</title>
<meta http-equiv="Content-Type" content="text/html;charset=utf-8" />
  <meta name='ocr-system' content='tesseract 3.04.00' />
  <meta name='ocr-capabilities' content='ocr_page ocr_carea ocr_par ocr_line ocrx_word'/>
</head>
<body>
  <div class='ocr_page' id='page_1' title='image "./corporishaerese01oehlgoog_0298.png"; bbox 0 0 3096 4988; ppageno 0'>
   <div class='ocr_carea' id='block_1_1' title="bbox 366 293 1252 358">
    <p class='ocr_par' dir='ltr' id='par_1_1' title="bbox 366 293 1252 358">
     <span class='ocr_line' id='line_1_1' title="bbox 366 293 1252 358; baseline 0 -2"><span class='ocrx_word' id='word_1_1' title='bbox 366 303 502 357; x_wconf 79' lang='lat' dir='ltr'><strong>ruuaau</strong></span> <span class='ocrx_word' id='word_1_2' title='bbox 518 303 582 354; x_wconf 82' lang='lat' dir='ltr'><strong>nra.</strong></span> <span class='ocrx_word' id='word_1_3' title='bbox 592 305 612 355; x_wconf 92' lang='lat'><strong>1.</strong></span> <span class='ocrx_word' id='word_1_4' title='bbox 629 303 711 356; x_wconf 82' lang='lat' dir='ltr'><strong>nou.</strong></span> <span class='ocrx_word' id='word_1_5' title='bbox 725 303 758 355; x_wconf 93' lang='grc' dir='ltr'><strong>ιι.</strong></span> <span class='ocrx_word' id='word_1_6' title='bbox 775 303 874 355; x_wconf 81' lang='lat' dir='ltr'><strong>ausu.</strong></span> <span class='ocrx_word' id='word_1_7' title='bbox 891 303 981 356; x_wconf 86' lang='lat' dir='ltr'><strong>xxx.</strong></span> <span class='ocrx_word' id='word_1_8' title='bbox 1191 293 1252 358; x_wconf 72' lang='lat'><strong>25⁵</strong></span> 
     </span>
    </p>
   </div>
   <div class='ocr_carea' id='block_1_2' title="bbox 92 421 1405 2440">
    <p class='ocr_par' dir='ltr' id='par_1_2' title="bbox 95 421 1254 500">
     <span class='ocr_line' id='line_1_2' title="bbox 95 421 1254 500; baseline 0 -14"><span class='ocrx_word' id='word_1_9' title='bbox 95 421 236 488; x_wconf 73' lang='lat' dir='ltr'>historiae</span> <span class='ocrx_word' id='word_1_10' title='bbox 253 422 351 486; x_wconf 84' lang='lat' dir='ltr'><strong>oblata</strong></span> <span class='ocrx_word' id='word_1_11' title='bbox 368 422 454 487; x_wconf 92' lang='lat' dir='ltr'><strong>nobis</strong></span> <span class='ocrx_word' id='word_1_12' title='bbox 470 423 588 488; x_wconf 87' lang='lat' dir='ltr'><strong>oeoorio</strong></span> <span class='ocrx_word' id='word_1_13' title='bbox 604 433 661 500; x_wconf 87' lang='lat' dir='ltr'><strong>est,</strong></span> <span class='ocrx_word' id='word_1_14' title='bbox 685 422 716 488; x_wconf 93' lang='lat' dir='ltr'><strong>in</strong></span> <span class='ocrx_word' id='word_1_15' title='bbox 735 443 799 486; x_wconf 88' lang='lat' dir='ltr'><strong>eam</strong></span> <span class='ocrx_word' id='word_1_16' title='bbox 816 443 881 487; x_wconf 89' lang='lat' dir='ltr'><strong>snm</strong></span> <span class='ocrx_word' id='word_1_17' title='bbox 898 423 1020 489; x_wconf 77' lang='lat' dir='ltr'><strong>fortuito</strong></span> <span class='ocrx_word' id='word_1_18' title='bbox 1037 422 1162 487; x_wconf 85' lang='lat' dir='ltr'><strong>delatos.</strong></span> <span class='ocrx_word' id='word_1_19' title='bbox 1206 421 1254 486; x_wconf 87' lang='lat' dir='ltr'><strong>Eu</strong></span> 
     </span>
    </p>

    <p class='ocr_par' dir='ltr' id='par_1_3' title="bbox 93 523 1255 1020">
     <span class='ocr_line' id='line_1_3' title="bbox 93 523 1255 609; baseline -0.003 -19"><span class='ocrx_word' id='word_1_20' title='bbox 93 545 166 590; x_wconf 90' lang='lat' dir='ltr'><strong>roro</strong></span> <span class='ocrx_word' id='word_1_21' title='bbox 185 524 352 609; x_wconf 69' lang='lat' dir='ltr'>pertinebat</span> <span class='ocrx_word' id='word_1_22' title='bbox 370 523 468 604; x_wconf 84' lang='lat' dir='ltr'><strong>istud,</strong></span> <span class='ocrx_word' id='word_1_23' title='bbox 498 535 530 588; x_wconf 88' lang='lat' dir='ltr'><strong>ot</strong></span> <span class='ocrx_word' id='word_1_24' title='bbox 547 525 712 609; x_wconf 76' lang='lat' dir='ltr'>complures</span> <span class='ocrx_word' id='word_1_25' title='bbox 732 525 955 600; x_wconf 67' lang='lat' dir='ltr'><strong>ostenderemus</strong></span> <span class='ocrx_word' id='word_1_26' title='bbox 976 525 1007 588; x_wconf 92' lang='lat' dir='ltr'><strong>in</strong></span> <span class='ocrx_word' id='word_1_27' title='bbox 1025 545 1063 588; x_wconf 88' lang='lat' dir='ltr'><strong>ea</strong></span> <span class='ocrx_word' id='word_1_28' title='bbox 1081 524 1255 608; x_wconf 77' lang='lat' dir='ltr'><strong>migratione</strong></span> 
     </span>
     <span class='ocr_line' id='line_1_4' title="bbox 94 623 1255 712; baseline -0.002 -20"><span class='ocrx_word' id='word_1_29' title='bbox 94 626 193 692; x_wconf 73' lang='lat' dir='ltr'><strong>vemas</strong></span> <span class='ocrx_word' id='word_1_30' title='bbox 212 647 374 712; x_wconf 85' lang='lat' dir='ltr'><strong>oeeupasse</strong></span> <span class='ocrx_word' id='word_1_31' title='bbox 393 629 497 705; x_wconf 88' lang='lat' dir='ltr'><strong>sedes,</strong></span> <span class='ocrx_word' id='word_1_32' title='bbox 530 629 578 710; x_wconf 91' lang='lat' dir='ltr'><strong>qui</strong></span> <span class='ocrx_word' id='word_1_33' title='bbox 599 647 638 690; x_wconf 82' lang='lat' dir='ltr'><strong>ea</strong></span> <span class='ocrx_word' id='word_1_34' title='bbox 655 623 817 690; x_wconf 73' lang='lat' dir='ltr'><strong>israelitica</strong></span> <span class='ocrx_word' id='word_1_35' title='bbox 836 637 923 711; x_wconf 79' lang='lat' dir='ltr'><strong>gente</strong></span> <span class='ocrx_word' id='word_1_36' title='bbox 944 627 1066 711; x_wconf 77' lang='lat' dir='ltr'><strong>originis</strong></span> <span class='ocrx_word' id='word_1_37' title='bbox 1085 637 1170 690; x_wconf 86' lang='lat' dir='ltr'><strong>erunt</strong></span> <span class='ocrx_word' id='word_1_38' title='bbox 1188 648 1255 692; x_wconf 85' lang='lat' dir='ltr'><strong>suu·</strong></span> 
     </span>
     <span class='ocr_line' id='line_1_5' title="bbox 94 726 1255 812; baseline -0.003 -18"><span class='ocrx_word' id='word_1_39' title='bbox 94 731 231 794; x_wconf 81' lang='lat' dir='ltr'><strong>sessione</strong></span> <span class='ocrx_word' id='word_1_40' title='bbox 248 728 383 793; x_wconf 84' lang='lat' dir='ltr'><strong>derivati.</strong></span> <span class='ocrx_word' id='word_1_41' title='bbox 429 726 488 811; x_wconf 79' lang='lat' dir='ltr'><strong>Qui</strong></span> <span class='ocrx_word' id='word_1_42' title='bbox 507 729 621 812; x_wconf 91' lang='lat' dir='ltr'><strong>quidem</strong></span> <span class='ocrx_word' id='word_1_43' title='bbox 641 728 678 791; x_wconf 87' lang='lat' dir='ltr'><strong>ab</strong></span> <span class='ocrx_word' id='word_1_44' title='bbox 695 747 731 792; x_wconf 88' lang='lat' dir='ltr'><strong>ea</strong></span> <span class='ocrx_word' id='word_1_45' title='bbox 750 728 798 792; x_wconf 87' lang='lat' dir='ltr'><strong>ubi</strong></span> <span class='ocrx_word' id='word_1_46' title='bbox 818 728 988 792; x_wconf 85' lang='lat' dir='ltr'><strong>babitabant</strong></span> <span class='ocrx_word' id='word_1_47' title='bbox 1004 727 1126 812; x_wconf 71' lang='lat' dir='ltr'><strong>regione</strong></span> <span class='ocrx_word' id='word_1_48' title='bbox 1145 751 1255 812; x_wconf 79' lang='lat' dir='ltr'><strong>eogno-</strong></span> 
     </span>
     <span class='ocr_line' id='line_1_6' title="bbox 94 827 1253 914; baseline 0 -18"><span class='ocrx_word' id='word_1_49' title='bbox 94 828 199 896; x_wconf 82' lang='lat' dir='ltr'><strong>oioari</strong></span> <span class='ocrx_word' id='word_1_50' title='bbox 221 829 367 896; x_wconf 83' lang='lat' dir='ltr'><strong>solebant.</strong></span> <span class='ocrx_word' id='word_1_51' title='bbox 421 829 671 914; x_wconf 76' lang='lat' dir='ltr'><strong>Quemadmodum</strong></span> <span class='ocrx_word' id='word_1_52' title='bbox 697 851 761 892; x_wconf 87' lang='lat' dir='ltr'><strong>eom</strong></span> <span class='ocrx_word' id='word_1_53' title='bbox 787 830 862 894; x_wconf 90' lang='lat' dir='ltr'><strong>liliae</strong></span> <span class='ocrx_word' id='word_1_54' title='bbox 888 827 987 894; x_wconf 87' lang='lat' dir='ltr'><strong>letbro</strong></span> <span class='ocrx_word' id='word_1_55' title='bbox 1012 829 1127 894; x_wconf 84' lang='lat' dir='ltr'><strong>allatam</strong></span> <span class='ocrx_word' id='word_1_56' title='bbox 1151 831 1207 894; x_wconf 90' lang='lat' dir='ltr'><strong>sibi</strong></span> <span class='ocrx_word' id='word_1_57' title='bbox 1236 851 1253 896; x_wconf 87' lang='lat' dir='ltr'><strong>a</strong></span> 
     </span>
     <span class='ocr_line' id='line_1_7' title="bbox 93 931 1254 1020; baseline -0.002 -22"><span class='ocrx_word' id='word_1_58' title='bbox 93 931 202 1020; x_wconf 77' lang='lat' dir='ltr'><strong>Moyse</strong></span> <span class='ocrx_word' id='word_1_59' title='bbox 220 955 304 1019; x_wconf 87' lang='lat' dir='ltr'><strong>opem</strong></span> <span class='ocrx_word' id='word_1_60' title='bbox 322 932 436 1018; x_wconf 85' lang='lat' dir='ltr'><strong>parenti</strong></span> <span class='ocrx_word' id='word_1_61' title='bbox 453 932 674 1009; x_wconf 87' lang='lat' dir='ltr'><strong>renuntiarent,</strong></span> <span class='ocrx_word' id='word_1_62' title='bbox 699 943 911 1016; x_wconf 86' lang='lat' dir='ltr'><strong>narrareutque</strong></span> <span class='ocrx_word' id='word_1_63' title='bbox 928 933 1056 1017; x_wconf 86' lang='lat' dir='ltr'><strong>depulsis</strong></span> <span class='ocrx_word' id='word_1_64' title='bbox 1073 953 1137 996; x_wconf 88' lang='lat' dir='ltr'><strong>ase</strong></span> <span class='ocrx_word' id='word_1_65' title='bbox 1156 944 1254 1017; x_wconf 86' lang='lat' dir='ltr'><strong>pasto-</strong></span> 
     </span>
    </p>

    <p class='ocr_par' dir='ltr' id='par_1_4' title="bbox 93 1033 1255 1118">
     <span class='ocr_line' id='line_1_8' title="bbox 93 1033 1255 1118; baseline -0.002 -18"><span class='ocrx_word' id='word_1_66' title='bbox 93 1035 174 1100; x_wconf 85' lang='lat' dir='ltr'><strong>ribus</strong></span> <span class='ocrx_word' id='word_1_67' title='bbox 189 1056 262 1100; x_wconf 86' lang='lat' dir='ltr'><strong>eoos</strong></span> <span class='ocrx_word' id='word_1_68' title='bbox 278 1034 358 1098; x_wconf 90' lang='lat' dir='ltr'><strong>illum</strong></span> <span class='ocrx_word' id='word_1_69' title='bbox 372 1055 480 1118; x_wconf 75' lang='lat' dir='ltr'><strong>greges</strong></span> <span class='ocrx_word' id='word_1_70' title='bbox 496 1033 670 1116; x_wconf 83' lang='lat' dir='ltr'><strong>adaquasse,</strong></span> <span class='ocrx_word' id='word_1_71' title='bbox 695 1033 761 1112; x_wconf 84' lang='lat' dir='ltr'><strong>bon,</strong></span> <span class='ocrx_word' id='word_1_72' title='bbox 785 1033 915 1118; x_wconf 91' lang='lat' dir='ltr'><strong>inquam,</strong></span> <span class='ocrx_word' id='word_1_73' title='bbox 939 1055 1004 1098; x_wconf 84' lang='lat' dir='ltr'><strong>eoru</strong></span> <span class='ocrx_word' id='word_1_74' title='bbox 1020 1035 1135 1098; x_wconf 89' lang='lat' dir='ltr'><strong>domum</strong></span> <span class='ocrx_word' id='word_1_75' title='bbox 1152 1055 1255 1098; x_wconf 85' lang='lat' dir='ltr'><strong>rerer·</strong></span> 
     </span>
    </p>

    <p class='ocr_par' dir='ltr' id='par_1_5' title="bbox 92 1133 1405 1527">
     <span class='ocr_line' id='line_1_9' title="bbox 94 1133 1254 1222; baseline -0.003 -20"><span class='ocrx_word' id='word_1_76' title='bbox 94 1159 143 1202; x_wconf 81' lang='lat' dir='ltr'><strong>roo</strong></span> <span class='ocrx_word' id='word_1_77' title='bbox 164 1136 278 1222; x_wconf 81' lang='lat' dir='ltr'><strong>parenti</strong></span> <span class='ocrx_word' id='word_1_78' title='bbox 295 1136 458 1212; x_wconf 81' lang='lat' dir='ltr'><strong>dixissent,</strong></span> <span class='ocrx_word' id='word_1_79' title='bbox 481 1133 650 1198; x_wconf 77' lang='lat' dir='ltr'><strong>sciscitante</strong></span> <span class='ocrx_word' id='word_1_80' title='bbox 666 1133 801 1198; x_wconf 85' lang='lat' dir='ltr'><strong>nimiroor</strong></span> <span class='ocrx_word' id='word_1_81' title='bbox 821 1155 875 1214; x_wconf 92' lang='lat' dir='ltr'><strong>eo,</strong></span> <span class='ocrx_word' id='word_1_82' title='bbox 910 1139 1064 1198; x_wconf 69' lang='lat' dir='ltr'><strong>euraudus</strong></span> <span class='ocrx_word' id='word_1_83' title='bbox 1079 1141 1193 1198; x_wconf 73' lang='lat' dir='ltr'><strong>wnebn&#39;s</strong></span> <span class='ocrx_word' id='word_1_84' title='bbox 1208 1159 1254 1198; x_wconf 86' lang='lat' dir='ltr'><strong>oe-</strong></span> 
     </span>
     <span class='ocr_line' id='line_1_10' title="bbox 94 1237 1405 1322; baseline -0.002 -20"><span class='ocrx_word' id='word_1_85' title='bbox 94 1243 185 1302; x_wconf 78' lang='lat' dir='ltr'><strong>lorr&#39;us</strong></span> <span class='ocrx_word' id='word_1_86' title='bbox 201 1241 309 1300; x_wconf 78' lang='lat' dir='ltr'><strong>solito?</strong></span> <span class='ocrx_word' id='word_1_87' title='bbox 329 1237 562 1322; x_wconf 85' lang='lat' dir='ltr'><strong>responderunt,</strong></span> <span class='ocrx_word' id='word_1_88' title='bbox 588 1241 640 1298; x_wconf 84' lang='lat' dir='ltr'><strong>Vr&#39;r</strong></span> <span class='ocrx_word' id='word_1_89' title='bbox 654 1242 816 1318; x_wconf 69' lang='lat' dir='ltr'><strong>Aegyptius</strong></span> <span class='ocrx_word' id='word_1_90' title='bbox 832 1240 962 1300; x_wconf 81' lang='lat' dir='ltr'><strong>liberauit</strong></span> <span class='ocrx_word' id='word_1_91' title='bbox 976 1261 1028 1300; x_wconf 86' lang='lat' dir='ltr'><strong>nos</strong></span> <span class='ocrx_word' id='word_1_92' title='bbox 1045 1242 1080 1300; x_wconf 91' lang='lat' dir='ltr'><strong>de</strong></span> <span class='ocrx_word' id='word_1_93' title='bbox 1097 1259 1182 1302; x_wconf 81' lang='lat' dir='ltr'><strong>muno</strong></span> <span class='ocrx_word' id='word_1_94' title='bbox 1197 1261 1251 1319; x_wconf 87' lang='lat' dir='ltr'><strong>po-</strong></span> <span class='ocrx_word' id='word_1_95' title='bbox 1264 1248 1365 1306; x_wconf 64' lang='lat' dir='ltr'><strong>azoto,</strong></span> <span class='ocrx_word' id='word_1_96' title='bbox 1375 1251 1405 1294; x_wconf 86' lang='lat' dir='ltr'><strong>ts.</strong></span> 
     </span>
     <span class='ocr_line' id='line_1_11' title="bbox 92 1337 1249 1420; baseline 0.002 -17"><span class='ocrx_word' id='word_1_97' title='bbox 92 1354 214 1416; x_wconf 69' lang='lat' dir='ltr'><strong>emunt,</strong></span> <span class='ocrx_word' id='word_1_98' title='bbox 238 1345 353 1420; x_wconf 75' lang='lat' dir='ltr'><strong>absuper</strong></span> <span class='ocrx_word' id='word_1_99' title='bbox 367 1351 396 1400; x_wconf 90' lang='lat' dir='ltr'><strong>et</strong></span> <span class='ocrx_word' id='word_1_100' title='bbox 408 1343 507 1400; x_wconf 76' lang='lat' dir='ltr'><strong>tausis</strong></span> <span class='ocrx_word' id='word_1_101' title='bbox 516 1357 628 1418; x_wconf 83' lang='lat' dir='ltr'><strong>aquom,</strong></span> <span class='ocrx_word' id='word_1_102' title='bbox 649 1351 801 1420; x_wconf 74' lang='lat' dir='ltr'><strong>pomumque</strong></span> <span class='ocrx_word' id='word_1_103' title='bbox 815 1344 893 1402; x_wconf 81' lang='lat' dir='ltr'><strong>dedit</strong></span> <span class='ocrx_word' id='word_1_104' title='bbox 905 1341 1002 1402; x_wconf 82' lang='lat' dir='ltr'><strong>onr&#39;dur</strong></span> <span class='ocrx_word' id='word_1_105' title='bbox 1015 1345 1131 1402; x_wconf 70' lang='lat' dir='ltr'><strong>nostrin</strong></span> <span class='ocrx_word' id='word_1_106' title='bbox 1180 1337 1249 1405; x_wconf 84' lang='lat' dir='ltr'><strong>Slu-</strong></span> 
     </span>
     <span class='ocr_line' id='line_1_12' title="bbox 93 1439 1253 1527; baseline 0 -21"><span class='ocrx_word' id='word_1_107' title='bbox 93 1443 203 1527; x_wconf 88' lang='lat' dir='ltr'><strong>timqne</strong></span> <span class='ocrx_word' id='word_1_108' title='bbox 221 1439 382 1519; x_wconf 74' lang='lat' dir='ltr'><strong>distentis,</strong></span> <span class='ocrx_word' id='word_1_109' title='bbox 407 1445 467 1502; x_wconf 81' lang='lat' dir='ltr'><strong>Cur</strong></span> <span class='ocrx_word' id='word_1_110' title='bbox 482 1461 538 1502; x_wconf 86' lang='lat' dir='ltr'><strong>non</strong></span> <span class='ocrx_word' id='word_1_111' title='bbox 553 1445 609 1502; x_wconf 82' lang='lat' dir='ltr'><strong>due</strong></span> <span class='ocrx_word' id='word_1_112' title='bbox 627 1444 706 1516; x_wconf 77' lang='lat' dir='ltr'><strong>illum</strong></span> <span class='ocrx_word' id='word_1_113' title='bbox 723 1445 893 1515; x_wconf 73' lang='lat' dir='ltr'><strong>addendus,</strong></span> <span class='ocrx_word' id='word_1_114' title='bbox 917 1454 949 1503; x_wconf 86' lang='lat' dir='ltr'><strong>ot</strong></span> <span class='ocrx_word' id='word_1_115' title='bbox 962 1445 1118 1504; x_wconf 73' lang='lat' dir='ltr'><strong>comeduut</strong></span> <span class='ocrx_word' id='word_1_116' title='bbox 1128 1451 1253 1524; x_wconf 65' lang='lat' dir='ltr'><strong>punem</strong></span> 
     </span>
    </p>

    <p class='ocr_par' dir='ltr' id='par_1_6' title="bbox 93 1540 1253 1730">
     <span class='ocr_line' id='line_1_13' title="bbox 95 1540 1251 1629; baseline 0.002 -21"><span class='ocrx_word' id='word_1_117' title='bbox 95 1541 170 1627; x_wconf 75' lang='lat' dir='ltr'><strong>Quis</strong></span> <span class='ocrx_word' id='word_1_118' title='bbox 193 1551 290 1606; x_wconf 82' lang='lat' dir='ltr'><strong>sotem</strong></span> <span class='ocrx_word' id='word_1_119' title='bbox 314 1541 409 1604; x_wconf 87' lang='lat' dir='ltr'><strong>neseit</strong></span> <span class='ocrx_word' id='word_1_120' title='bbox 430 1541 565 1606; x_wconf 75' lang='lat' dir='ltr'><strong>Amrnmi</strong></span> <span class='ocrx_word' id='word_1_121' title='bbox 587 1553 617 1604; x_wconf 85' lang='lat' dir='ltr'><strong>et</strong></span> <span class='ocrx_word' id='word_1_122' title='bbox 640 1540 813 1608; x_wconf 84' lang='lat' dir='ltr'><strong>iochabetae</strong></span> <span class='ocrx_word' id='word_1_123' title='bbox 840 1543 927 1608; x_wconf 89' lang='lat' dir='ltr'><strong>lilium</strong></span> <span class='ocrx_word' id='word_1_124' title='bbox 951 1543 1088 1606; x_wconf 76' lang='lat' dir='ltr'><strong>extitisse</strong></span> <span class='ocrx_word' id='word_1_125' title='bbox 1109 1541 1251 1629; x_wconf 80' lang='lat' dir='ltr'><strong>Moysen,</strong></span> 
     </span>
     <span class='ocr_line' id='line_1_14' title="bbox 93 1639 1253 1730; baseline 0 -20"><span class='ocrx_word' id='word_1_126' title='bbox 93 1647 267 1710; x_wconf 79' lang='lat' dir='ltr'><strong>dmramum</strong></span> <span class='ocrx_word' id='word_1_127' title='bbox 285 1639 408 1721; x_wconf 74' lang='lat' dir='ltr'><strong>Crathi,</strong></span> <span class='ocrx_word' id='word_1_128' title='bbox 441 1639 700 1721; x_wconf 65' lang='lat' dir='ltr'><strong>euertuntur,</strong></span> <span class='ocrx_word' id='word_1_129' title='bbox 733 1644 809 1708; x_wconf 86' lang='lat' dir='ltr'><strong>bone</strong></span> <span class='ocrx_word' id='word_1_130' title='bbox 826 1641 941 1723; x_wconf 86' lang='lat' dir='ltr'><strong>laeobi,</strong></span> <span class='ocrx_word' id='word_1_131' title='bbox 972 1645 1054 1709; x_wconf 88' lang='lat' dir='ltr'><strong>ouius</strong></span> <span class='ocrx_word' id='word_1_132' title='bbox 1071 1655 1154 1730; x_wconf 91' lang='lat' dir='ltr'><strong>pater</strong></span> <span class='ocrx_word' id='word_1_133' title='bbox 1171 1644 1253 1710; x_wconf 86' lang='lat' dir='ltr'><strong>lsua·</strong></span> 
     </span>
    </p>

    <p class='ocr_par' dir='ltr' id='par_1_7' title="bbox 94 1743 1252 2034">
     <span class='ocr_line' id='line_1_15' title="bbox 94 1743 1252 1834; baseline 0 -24"><span class='ocrx_word' id='word_1_134' title='bbox 94 1768 163 1825; x_wconf 84' lang='lat' dir='ltr'><strong>roa,</strong></span> <span class='ocrx_word' id='word_1_135' title='bbox 196 1744 293 1810; x_wconf 87' lang='lat' dir='ltr'><strong>lsaaei</strong></span> <span class='ocrx_word' id='word_1_136' title='bbox 310 1744 497 1808; x_wconf 81' lang='lat' dir='ltr'><strong>Abrabamus</strong></span> <span class='ocrx_word' id='word_1_137' title='bbox 516 1744 622 1808; x_wconf 79' lang='lat' dir='ltr'><strong>luerit?</strong></span> <span class='ocrx_word' id='word_1_138' title='bbox 664 1743 772 1829; x_wconf 86' lang='lat' dir='ltr'><strong>Neque</strong></span> <span class='ocrx_word' id='word_1_139' title='bbox 791 1757 905 1826; x_wconf 86' lang='lat' dir='ltr'><strong>tameo,</strong></span> <span class='ocrx_word' id='word_1_140' title='bbox 936 1767 988 1831; x_wconf 92' lang='lat' dir='ltr'><strong>pro</strong></span> <span class='ocrx_word' id='word_1_141' title='bbox 1005 1748 1133 1831; x_wconf 88' lang='lat' dir='ltr'><strong>eoquod</strong></span> <span class='ocrx_word' id='word_1_142' title='bbox 1151 1747 1252 1834; x_wconf 75' lang='lat' dir='ltr'><strong>Aegy-</strong></span> 
     </span>
     <span class='ocr_line' id='line_1_16' title="bbox 94 1844 1251 1935; baseline -0.002 -21"><span class='ocrx_word' id='word_1_143' title='bbox 94 1850 170 1935; x_wconf 84' lang='lat' dir='ltr'><strong>ptios</strong></span> <span class='ocrx_word' id='word_1_144' title='bbox 197 1847 341 1932; x_wconf 74' lang='lat' dir='ltr'><strong>apelletur</strong></span> <span class='ocrx_word' id='word_1_145' title='bbox 362 1844 505 1932; x_wconf 79' lang='lat' dir='ltr'><strong>Moyses,</strong></span> <span class='ocrx_word' id='word_1_146' title='bbox 535 1847 601 1911; x_wconf 88' lang='lat' dir='ltr'><strong>ideo</strong></span> <span class='ocrx_word' id='word_1_147' title='bbox 626 1847 787 1911; x_wconf 78' lang='lat' dir='ltr'><strong>nobilitatis</strong></span> <span class='ocrx_word' id='word_1_148' title='bbox 811 1848 888 1912; x_wconf 88' lang='lat' dir='ltr'><strong>illius</strong></span> <span class='ocrx_word' id='word_1_149' title='bbox 910 1869 945 1912; x_wconf 87' lang='lat' dir='ltr'><strong>ao</strong></span> <span class='ocrx_word' id='word_1_150' title='bbox 967 1849 1067 1932; x_wconf 78' lang='lat' dir='ltr'><strong>stirpis</strong></span> <span class='ocrx_word' id='word_1_151' title='bbox 1089 1860 1137 1913; x_wconf 84' lang='lat' dir='ltr'><strong>est</strong></span> <span class='ocrx_word' id='word_1_152' title='bbox 1156 1850 1251 1914; x_wconf 84' lang='lat' dir='ltr'><strong>series</strong></span> 
     </span>
     <span class='ocr_line' id='line_1_17' title="bbox 94 1947 1251 2034; baseline 0.002 -20"><span class='ocrx_word' id='word_1_153' title='bbox 94 1951 240 2015; x_wconf 82' lang='lat' dir='ltr'><strong>extineta.</strong></span> <span class='ocrx_word' id='word_1_154' title='bbox 277 1947 344 2013; x_wconf 82' lang='lat' dir='ltr'><strong>idon</strong></span> <span class='ocrx_word' id='word_1_155' title='bbox 357 1949 448 2032; x_wconf 77' lang='lat' dir='ltr'><strong>igitur</strong></span> <span class='ocrx_word' id='word_1_156' title='bbox 461 1949 548 2014; x_wconf 90' lang='lat' dir='ltr'><strong>modo</strong></span> <span class='ocrx_word' id='word_1_157' title='bbox 563 1947 688 2013; x_wconf 82' lang='lat' dir='ltr'><strong>Ebionis</strong></span> <span class='ocrx_word' id='word_1_158' title='bbox 704 1949 849 2034; x_wconf 75' lang='lat' dir='ltr'><strong>dimipuli,</strong></span> <span class='ocrx_word' id='word_1_159' title='bbox 868 1949 950 2013; x_wconf 89' lang='lat' dir='ltr'><strong>velot</strong></span> <span class='ocrx_word' id='word_1_160' title='bbox 964 1951 1137 2014; x_wconf 88' lang='lat' dir='ltr'><strong>aberrantes</strong></span> <span class='ocrx_word' id='word_1_161' title='bbox 1152 1972 1187 2014; x_wconf 86' lang='lat' dir='ltr'><strong>ae</strong></span> <span class='ocrx_word' id='word_1_162' title='bbox 1198 1951 1251 2016; x_wconf 84' lang='lat' dir='ltr'><strong>de·</strong></span> 
     </span>
    </p>

    <p class='ocr_par' dir='ltr' id='par_1_8' title="bbox 94 2050 1249 2136">
     <span class='ocr_line' id='line_1_18' title="bbox 94 2050 1249 2136; baseline -0.002 -20"><span class='ocrx_word' id='word_1_163' title='bbox 94 2053 152 2131; x_wconf 86' lang='lat' dir='ltr'><strong>vii,</strong></span> <span class='ocrx_word' id='word_1_164' title='bbox 182 2051 283 2116; x_wconf 78' lang='lat' dir='ltr'><strong>varium</strong></span> <span class='ocrx_word' id='word_1_165' title='bbox 300 2071 333 2115; x_wconf 89' lang='lat' dir='ltr'><strong>se</strong></span> <span class='ocrx_word' id='word_1_166' title='bbox 352 2051 382 2114; x_wconf 91' lang='lat' dir='ltr'><strong>in</strong></span> <span class='ocrx_word' id='word_1_167' title='bbox 397 2050 535 2134; x_wconf 77' lang='lat' dir='ltr'><strong>ambages</strong></span> <span class='ocrx_word' id='word_1_168' title='bbox 552 2072 586 2114; x_wconf 86' lang='lat' dir='ltr'><strong>ao</strong></span> <span class='ocrx_word' id='word_1_169' title='bbox 601 2052 698 2116; x_wconf 85' lang='lat' dir='ltr'><strong>llexus</strong></span> <span class='ocrx_word' id='word_1_170' title='bbox 711 2051 891 2136; x_wconf 77' lang='lat' dir='ltr'><strong>abruptaque</strong></span> <span class='ocrx_word' id='word_1_171' title='bbox 907 2051 1013 2114; x_wconf 88' lang='lat' dir='ltr'><strong>itinera</strong></span> <span class='ocrx_word' id='word_1_172' title='bbox 1029 2051 1249 2118; x_wconf 80' lang='lat' dir='ltr'><strong>commiserunt.</strong></span> 
     </span>
    </p>

    <p class='ocr_par' dir='ltr' id='par_1_9' title="bbox 178 2152 1344 2238">
     <span class='ocr_line' id='line_1_19' title="bbox 178 2152 1344 2238; baseline 0.001 -21"><span class='ocrx_word' id='word_1_173' title='bbox 178 2153 301 2217; x_wconf 78' lang='lat' dir='ltr'><strong>Atenim</strong></span> <span class='ocrx_word' id='word_1_174' title='bbox 316 2152 568 2220; x_wconf 76' lang='lat' dir='ltr'><strong>circumsisionem</strong></span> <span class='ocrx_word' id='word_1_175' title='bbox 587 2174 657 2238; x_wconf 86' lang='lat' dir='ltr'><strong>prae</strong></span> <span class='ocrx_word' id='word_1_176' title='bbox 675 2173 707 2216; x_wconf 90' lang='lat' dir='ltr'><strong>se</strong></span> <span class='ocrx_word' id='word_1_177' title='bbox 723 2155 838 2230; x_wconf 88' lang='lat' dir='ltr'><strong>lerunt,</strong></span> <span class='ocrx_word' id='word_1_178' title='bbox 862 2173 955 2237; x_wconf 88' lang='lat' dir='ltr'><strong>eaque</strong></span> <span class='ocrx_word' id='word_1_179' title='bbox 972 2173 1004 2214; x_wconf 91' lang='lat' dir='ltr'><strong>re</strong></span> <span class='ocrx_word' id='word_1_180' title='bbox 1021 2152 1172 2237; x_wconf 87' lang='lat' dir='ltr'><strong>plurimum</strong></span> <span class='ocrx_word' id='word_1_181' title='bbox 1186 2155 1249 2237; x_wconf 84' lang='lat' dir='ltr'><strong>glo·</strong></span> <span class='ocrx_word' id='word_1_182' title='bbox 1285 2167 1344 2234; x_wconf 77' lang='lat' dir='ltr'><strong>rnp.</strong></span> 
     </span>
    </p>

    <p class='ocr_par' dir='ltr' id='par_1_10' title="bbox 95 2235 1360 2440">
     <span class='ocr_line' id='line_1_20' title="bbox 95 2235 1360 2340; baseline 0.002 -22"><span class='ocrx_word' id='word_1_183' title='bbox 95 2255 227 2334; x_wconf 75' lang='lat' dir='ltr'><strong>nautor,</strong></span> <span class='ocrx_word' id='word_1_184' title='bbox 258 2263 361 2339; x_wconf 88' lang='lat' dir='ltr'><strong>utpote</strong></span> <span class='ocrx_word' id='word_1_185' title='bbox 378 2275 464 2338; x_wconf 88' lang='lat' dir='ltr'><strong>quam</strong></span> <span class='ocrx_word' id='word_1_186' title='bbox 483 2254 730 2339; x_wconf 78' lang='lat' dir='ltr'><strong>patrimo-burum,</strong></span> <span class='ocrx_word' id='word_1_187' title='bbox 760 2254 941 2339; x_wconf 88' lang='lat' dir='ltr'><strong>aliorumque</strong></span> <span class='ocrx_word' id='word_1_188' title='bbox 959 2254 1007 2338; x_wconf 91' lang='lat' dir='ltr'><strong>qui</strong></span> <span class='ocrx_word' id='word_1_189' title='bbox 1027 2254 1100 2339; x_wconf 79' lang='lat' dir='ltr'><strong>legis</strong></span> <span class='ocrx_word' id='word_1_190' title='bbox 1118 2265 1247 2340; x_wconf 87' lang='lat' dir='ltr'><strong>tempore</strong></span> <span class='ocrx_word' id='word_1_191' title='bbox 1265 2235 1360 2288; x_wconf 61' lang='lat' dir='ltr'>&#39;‘XV&#39;‘</span> 
     </span>
     <span class='ocr_line' id='line_1_21' title="bbox 95 2357 1249 2440; baseline 0 -18"><span class='ocrx_word' id='word_1_192' title='bbox 95 2357 201 2422; x_wconf 78' lang='lat' dir='ltr'><strong>vixere</strong></span> <span class='ocrx_word' id='word_1_193' title='bbox 215 2357 379 2436; x_wconf 83' lang='lat' dir='ltr'><strong>iustorum,</strong></span> <span class='ocrx_word' id='word_1_194' title='bbox 408 2367 508 2419; x_wconf 74' lang='lat' dir='ltr'><strong>nomm</strong></span> <span class='ocrx_word' id='word_1_195' title='bbox 525 2376 560 2419; x_wconf 89' lang='lat' dir='ltr'><strong>ae</strong></span> <span class='ocrx_word' id='word_1_196' title='bbox 575 2357 691 2440; x_wconf 74' lang='lat' dir='ltr'><strong>signum</strong></span> <span class='ocrx_word' id='word_1_197' title='bbox 706 2357 845 2420; x_wconf 82' lang='lat' dir='ltr'><strong>extitisse</strong></span> <span class='ocrx_word' id='word_1_198' title='bbox 863 2367 983 2440; x_wconf 79' lang='lat' dir='ltr'><strong>putent3</strong></span> <span class='ocrx_word' id='word_1_199' title='bbox 1015 2377 1072 2439; x_wconf 88' lang='lat' dir='ltr'><strong>quo</strong></span> <span class='ocrx_word' id='word_1_200' title='bbox 1092 2357 1179 2420; x_wconf 91' lang='lat' dir='ltr'><strong>etiam</strong></span> <span class='ocrx_word' id='word_1_201' title='bbox 1196 2379 1249 2422; x_wconf 92' lang='lat' dir='ltr'><strong>no-</strong></span> 
     </span>
    </p>
   </div>
   <div class='ocr_carea' id='block_1_3' title="bbox 95 2454 1345 2747">
    <p class='ocr_par' dir='ltr' id='par_1_11' title="bbox 95 2454 1345 2747">
     <span class='ocr_line' id='line_1_22' title="bbox 95 2454 1249 2544; baseline 0 -22"><span class='ocrx_word' id='word_1_202' title='bbox 95 2459 173 2524; x_wconf 89' lang='lat' dir='ltr'><strong>rnine</strong></span> <span class='ocrx_word' id='word_1_203' title='bbox 190 2459 348 2544; x_wconf 79' lang='lat' dir='ltr'><strong>adaequari</strong></span> <span class='ocrx_word' id='word_1_204' title='bbox 363 2479 397 2522; x_wconf 90' lang='lat' dir='ltr'><strong>se</strong></span> <span class='ocrx_word' id='word_1_205' title='bbox 410 2479 476 2522; x_wconf 85' lang='lat' dir='ltr'><strong>eam</strong></span> <span class='ocrx_word' id='word_1_206' title='bbox 492 2457 550 2521; x_wconf 91' lang='lat' dir='ltr'><strong>illis</strong></span> <span class='ocrx_word' id='word_1_207' title='bbox 565 2458 756 2535; x_wconf 81' lang='lat' dir='ltr'><strong>arbitrantur,</strong></span> <span class='ocrx_word' id='word_1_208' title='bbox 775 2458 905 2541; x_wconf 88' lang='lat' dir='ltr'><strong>adeoque</strong></span> <span class='ocrx_word' id='word_1_209' title='bbox 919 2454 1029 2522; x_wconf 84' lang='lat' dir='ltr'><strong>Christi</strong></span> <span class='ocrx_word' id='word_1_210' title='bbox 1044 2459 1135 2541; x_wconf 85' lang='lat' dir='ltr'><strong>ipsius</strong></span> <span class='ocrx_word' id='word_1_211' title='bbox 1149 2479 1249 2522; x_wconf 81' lang='lat' dir='ltr'><strong>raem-</strong></span> 
     </span>
     <span class='ocr_line' id='line_1_23' title="bbox 96 2554 1247 2646; baseline -0.001 -21"><span class='ocrx_word' id='word_1_212' title='bbox 96 2561 173 2646; x_wconf 88' lang='lat' dir='ltr'><strong>plnm</strong></span> <span class='ocrx_word' id='word_1_213' title='bbox 189 2563 224 2624; x_wconf 86' lang='lat' dir='ltr'><strong>ad</strong></span> <span class='ocrx_word' id='word_1_214' title='bbox 239 2560 317 2624; x_wconf 89' lang='lat' dir='ltr'><strong>illam</strong></span> <span class='ocrx_word' id='word_1_215' title='bbox 332 2560 575 2644; x_wconf 81' lang='lat' dir='ltr'><strong>comprobandam</strong></span> <span class='ocrx_word' id='word_1_216' title='bbox 590 2559 822 2636; x_wconf 79' lang='lat' dir='ltr'><strong>adcommodant,</strong></span> <span class='ocrx_word' id='word_1_217' title='bbox 840 2569 872 2622; x_wconf 85' lang='lat' dir='ltr'><strong>ot</strong></span> <span class='ocrx_word' id='word_1_218' title='bbox 886 2569 916 2622; x_wconf 91' lang='lat' dir='ltr'><strong>et</strong></span> <span class='ocrx_word' id='word_1_219' title='bbox 928 2554 1111 2622; x_wconf 74' lang='lat' dir='ltr'><strong>cerinthiani</strong></span> <span class='ocrx_word' id='word_1_220' title='bbox 1128 2560 1247 2624; x_wconf 78' lang='lat' dir='ltr'><strong>iaciunt.</strong></span> 
     </span>
     <span class='ocr_line' id='line_1_24' title="bbox 95 2659 1345 2747; baseline -0.002 -21"><span class='ocrx_word' id='word_1_221' title='bbox 95 2660 230 2745; x_wconf 78' lang='lat' dir='ltr'><strong>Quorum</strong></span> <span class='ocrx_word' id='word_1_222' title='bbox 247 2661 429 2747; x_wconf 72' lang='lat' dir='ltr'><strong>ineptissime</strong></span> <span class='ocrx_word' id='word_1_223' title='bbox 444 2661 690 2724; x_wconf 79' lang='lat' dir='ltr'><strong>accommodatum</strong></span> <span class='ocrx_word' id='word_1_224' title='bbox 706 2659 785 2724; x_wconf 86' lang='lat' dir='ltr'><strong>illum</strong></span> <span class='ocrx_word' id='word_1_225' title='bbox 801 2660 975 2724; x_wconf 85' lang='lat' dir='ltr'><strong>sententiam</strong></span> <span class='ocrx_word' id='word_1_226' title='bbox 992 2671 1148 2746; x_wconf 73' lang='lat' dir='ltr'><strong>usurpante</strong></span> <span class='ocrx_word' id='word_1_227' title='bbox 1178 2666 1247 2745; x_wconf 76' lang='lat' dir='ltr'><strong>Suj-</strong></span> <span class='ocrx_word' id='word_1_228' title='bbox 1260 2689 1345 2736; x_wconf 52' lang='lat' dir='ltr'><strong>Man,</strong></span> 
     </span>
    </p>
   </div>
   <div class='ocr_carea' id='block_1_4' title="bbox 86 2744 1343 2846">
    <p class='ocr_par' dir='ltr' id='par_1_12' title="bbox 86 2744 1343 2846">
     <span class='ocr_line' id='line_1_25' title="bbox 86 2744 1343 2846; baseline -0.003 -17"><span class='ocrx_word' id='word_1_229' title='bbox 86 2768 157 2846; x_wconf 74' lang='lat' dir='ltr'><strong>ficit</strong></span> <span class='ocrx_word' id='word_1_230' title='bbox 168 2767 326 2846; x_wconf 55' lang='lat' dir='ltr'><strong>hemula,</strong></span> <span class='ocrx_word' id='word_1_231' title='bbox 349 2768 518 2825; x_wconf 81' lang='lat' dir='ltr'><strong>sr&#39;sa&#39;tsr&#39;eut</strong></span> <span class='ocrx_word' id='word_1_232' title='bbox 531 2767 667 2843; x_wconf 70' lang='lat' dir='ltr'><strong>onoguter</strong></span> <span class='ocrx_word' id='word_1_233' title='bbox 680 2767 751 2824; x_wconf 83' lang='lat' dir='ltr'><strong>eius.</strong></span> <span class='ocrx_word' id='word_1_234' title='bbox 799 2757 935 2826; x_wconf 89' lang='lat' dir='ltr'><strong>Christus</strong></span> <span class='ocrx_word' id='word_1_235' title='bbox 951 2763 1044 2842; x_wconf 86' lang='lat' dir='ltr'><strong>enim,</strong></span> <span class='ocrx_word' id='word_1_236' title='bbox 1069 2763 1167 2842; x_wconf 89' lang='lat' dir='ltr'><strong>aiunt,</strong></span> <span class='ocrx_word' id='word_1_237' title='bbox 1191 2765 1248 2828; x_wconf 89' lang='lat' dir='ltr'><strong>oir-</strong></span> <span class='ocrx_word' id='word_1_238' title='bbox 1266 2744 1296 2798; x_wconf 78' lang='lat'><strong>¹⁰’</strong></span> <span class='ocrx_word' id='word_1_239' title='bbox 1309 2744 1343 2788; x_wconf 74' lang='lat'><strong>²⁴·</strong></span> 
     </span>
    </p>
   </div>
   <div class='ocr_carea' id='block_1_5' title="bbox 89 2864 1385 4170">
    <p class='ocr_par' dir='ltr' id='par_1_13' title="bbox 89 2864 1385 4170">
     <span class='ocr_line' id='line_1_26' title="bbox 95 2864 1248 2950; baseline 0.003 -22"><span class='ocrx_word' id='word_1_240' title='bbox 95 2867 243 2930; x_wconf 87' lang='lat' dir='ltr'><strong>enmeisns</strong></span> <span class='ocrx_word' id='word_1_241' title='bbox 270 2877 333 2929; x_wconf 79' lang='lat' dir='ltr'><strong>ests</strong></span> <span class='ocrx_word' id='word_1_242' title='bbox 370 2875 400 2929; x_wconf 91' lang='lat' dir='ltr'><strong>tu</strong></span> <span class='ocrx_word' id='word_1_243' title='bbox 424 2865 514 2950; x_wconf 80' lang='lat' dir='ltr'><strong>igitur</strong></span> <span class='ocrx_word' id='word_1_244' title='bbox 540 2864 766 2928; x_wconf 87' lang='lat' dir='ltr'><strong>oireumniditnr.</strong></span> <span class='ocrx_word' id='word_1_245' title='bbox 817 2864 916 2949; x_wconf 74' lang='lat' dir='ltr'><strong>Atque</strong></span> <span class='ocrx_word' id='word_1_246' title='bbox 944 2875 977 2928; x_wconf 88' lang='lat' dir='ltr'><strong>ut</strong></span> <span class='ocrx_word' id='word_1_247' title='bbox 1000 2866 1111 2930; x_wconf 90' lang='lat' dir='ltr'><strong>erroris</strong></span> <span class='ocrx_word' id='word_1_248' title='bbox 1136 2867 1248 2932; x_wconf 88' lang='lat' dir='ltr'><strong>semina</strong></span> 
     </span>
     <span class='ocr_line' id='line_1_27' title="bbox 95 2966 1248 3052; baseline 0.002 -22"><span class='ocrx_word' id='word_1_249' title='bbox 95 2988 203 3052; x_wconf 73' lang='lat' dir='ltr'><strong>magno</strong></span> <span class='ocrx_word' id='word_1_250' title='bbox 226 2987 292 3031; x_wconf 89' lang='lat' dir='ltr'><strong>enm</strong></span> <span class='ocrx_word' id='word_1_251' title='bbox 314 2967 429 3031; x_wconf 88' lang='lat' dir='ltr'><strong>illorum</strong></span> <span class='ocrx_word' id='word_1_252' title='bbox 454 2967 564 3051; x_wconf 90' lang='lat' dir='ltr'><strong>pudore</strong></span> <span class='ocrx_word' id='word_1_253' title='bbox 590 2966 799 3052; x_wconf 81' lang='lat' dir='ltr'><strong>profligentur,</strong></span> <span class='ocrx_word' id='word_1_254' title='bbox 836 2988 894 3032; x_wconf 90' lang='lat' dir='ltr'><strong>nou</strong></span> <span class='ocrx_word' id='word_1_255' title='bbox 917 2985 1004 3031; x_wconf 89' lang='lat' dir='ltr'><strong>seeus</strong></span> <span class='ocrx_word' id='word_1_256' title='bbox 1028 2989 1064 3032; x_wconf 89' lang='lat' dir='ltr'><strong>ae</strong></span> <span class='ocrx_word' id='word_1_257' title='bbox 1089 2969 1248 3032; x_wconf 80' lang='lat' dir='ltr'><strong>fraenando</strong></span> 
     </span>
     <span class='ocr_line' id='line_1_28' title="bbox 93 3069 1248 3154; baseline 0 -22"><span class='ocrx_word' id='word_1_258' title='bbox 93 3069 167 3133; x_wconf 82' lang='lat' dir='ltr'><strong>mari</strong></span> <span class='ocrx_word' id='word_1_259' title='bbox 187 3069 268 3132; x_wconf 82' lang='lat' dir='ltr'><strong>velot</strong></span> <span class='ocrx_word' id='word_1_260' title='bbox 284 3070 423 3154; x_wconf 73' lang='lat' dir='ltr'><strong>repagula</strong></span> <span class='ocrx_word' id='word_1_261' title='bbox 441 3069 581 3152; x_wconf 82' lang='lat' dir='ltr'><strong>quaedam</strong></span> <span class='ocrx_word' id='word_1_262' title='bbox 600 3089 634 3130; x_wconf 87' lang='lat' dir='ltr'><strong>ue</strong></span> <span class='ocrx_word' id='word_1_263' title='bbox 655 3079 772 3152; x_wconf 84' lang='lat' dir='ltr'><strong>portae,</strong></span> <span class='ocrx_word' id='word_1_264' title='bbox 805 3089 958 3132; x_wconf 76' lang='lat' dir='ltr'><strong>ammarum</strong></span> <span class='ocrx_word' id='word_1_265' title='bbox 979 3069 1069 3132; x_wconf 88' lang='lat' dir='ltr'><strong>aden</strong></span> <span class='ocrx_word' id='word_1_266' title='bbox 1086 3071 1179 3134; x_wconf 90' lang='lat' dir='ltr'><strong>moles</strong></span> <span class='ocrx_word' id='word_1_267' title='bbox 1197 3070 1248 3132; x_wconf 92' lang='lat' dir='ltr'><strong>ob·</strong></span> 
     </span>
     <span class='ocr_line' id='line_1_29' title="bbox 94 3169 1385 3255; baseline 0.001 -21"><span class='ocrx_word' id='word_1_268' title='bbox 94 3171 170 3234; x_wconf 86' lang='lat' dir='ltr'><strong>ieeta</strong></span> <span class='ocrx_word' id='word_1_269' title='bbox 186 3181 246 3249; x_wconf 85' lang='lat' dir='ltr'><strong>est,</strong></span> <span class='ocrx_word' id='word_1_270' title='bbox 269 3170 459 3255; x_wconf 87' lang='lat' dir='ltr'><strong>eiusdemque</strong></span> <span class='ocrx_word' id='word_1_271' title='bbox 475 3171 639 3236; x_wconf 88' lang='lat' dir='ltr'><strong>mandatnm</strong></span> <span class='ocrx_word' id='word_1_272' title='bbox 653 3169 835 3235; x_wconf 78' lang='lat' dir='ltr'><strong>istiusmodis</strong></span> <span class='ocrx_word' id='word_1_273' title='bbox 859 3175 1010 3251; x_wconf 78' lang='lat' dir='ltr'><strong>Hucusque</strong></span> <span class='ocrx_word' id='word_1_274' title='bbox 1024 3177 1126 3245; x_wconf 63' lang='lat' dir='ltr'><strong>uenum,</strong></span> <span class='ocrx_word' id='word_1_275' title='bbox 1150 3183 1385 3246; x_wconf 69' lang='lat' dir='ltr'><strong>esronitarum.</strong></span> 
     </span>
     <span class='ocr_line' id='line_1_30' title="bbox 89 3272 1245 3357; baseline -0.001 -22"><span class='ocrx_word' id='word_1_276' title='bbox 89 3276 228 3354; x_wconf 78' lang='lat' dir='ltr'><strong>proredes</strong></span> <span class='ocrx_word' id='word_1_277' title='bbox 246 3277 382 3354; x_wconf 71' lang='lat' dir='ltr'><strong>empleiup</strong></span> <span class='ocrx_word' id='word_1_278' title='bbox 411 3276 462 3334; x_wconf 84' lang='lat' dir='ltr'><strong>red</strong></span> <span class='ocrx_word' id='word_1_279' title='bbox 482 3277 511 3334; x_wconf 79' lang='lat' dir='ltr'><strong>in</strong></span> <span class='ocrx_word' id='word_1_280' title='bbox 533 3284 561 3333; x_wconf 87' lang='lat' dir='ltr'><strong>te</strong></span> <span class='ocrx_word' id='word_1_281' title='bbox 578 3273 795 3353; x_wconf 71' lang='lat' dir='ltr'><strong>confi-mgentem</strong></span> <span class='ocrx_word' id='word_1_282' title='bbox 806 3275 918 3354; x_wconf 81' lang='lat' dir='ltr'><strong>fluetus</strong></span> <span class='ocrx_word' id='word_1_283' title='bbox 939 3276 997 3345; x_wconf 80' lang='lat' dir='ltr'><strong>tui,</strong></span> <span class='ocrx_word' id='word_1_284' title='bbox 1032 3272 1074 3334; x_wconf 88' lang='lat' dir='ltr'><strong>ait</strong></span> <span class='ocrx_word' id='word_1_285' title='bbox 1090 3273 1245 3357; x_wconf 78' lang='lat' dir='ltr'><strong>scriptura,</strong></span> 
     </span>
     <span class='ocr_line' id='line_1_31' title="bbox 94 3371 1245 3458; baseline -0.002 -20"><span class='ocrx_word' id='word_1_286' title='bbox 94 3374 137 3438; x_wconf 86' lang='lat' dir='ltr'><strong>sie</strong></span> <span class='ocrx_word' id='word_1_287' title='bbox 153 3373 243 3438; x_wconf 86' lang='lat' dir='ltr'><strong>etiarn</strong></span> <span class='ocrx_word' id='word_1_288' title='bbox 260 3374 301 3438; x_wconf 94' lang='lat' dir='ltr'><strong>illi</strong></span> <span class='ocrx_word' id='word_1_289' title='bbox 317 3375 348 3438; x_wconf 89' lang='lat' dir='ltr'><strong>in</strong></span> <span class='ocrx_word' id='word_1_290' title='bbox 364 3372 539 3458; x_wconf 88' lang='lat' dir='ltr'><strong>semetipsos</strong></span> <span class='ocrx_word' id='word_1_291' title='bbox 555 3373 661 3457; x_wconf 85' lang='lat' dir='ltr'><strong>relapsi</strong></span> <span class='ocrx_word' id='word_1_292' title='bbox 677 3373 793 3457; x_wconf 87' lang='lat' dir='ltr'><strong>penitus</strong></span> <span class='ocrx_word' id='word_1_293' title='bbox 806 3383 1025 3436; x_wconf 76' lang='lat' dir='ltr'><strong>consumentur.</strong></span> <span class='ocrx_word' id='word_1_294' title='bbox 1064 3371 1245 3456; x_wconf 86' lang='lat' dir='ltr'><strong>Quamquam</strong></span> 
     </span>
     <span class='ocr_line' id='line_1_32' title="bbox 93 3473 1246 3560; baseline -0.002 -20"><span class='ocrx_word' id='word_1_295' title='bbox 93 3475 149 3540; x_wconf 88' lang='lat' dir='ltr'><strong>boe</strong></span> <span class='ocrx_word' id='word_1_296' title='bbox 166 3476 310 3555; x_wconf 89' lang='lat' dir='ltr'><strong>interest,</strong></span> <span class='ocrx_word' id='word_1_297' title='bbox 342 3475 418 3560; x_wconf 90' lang='lat' dir='ltr'><strong>qood</strong></span> <span class='ocrx_word' id='word_1_298' title='bbox 434 3475 493 3539; x_wconf 90' lang='lat' dir='ltr'><strong>illio</strong></span> <span class='ocrx_word' id='word_1_299' title='bbox 510 3475 546 3539; x_wconf 87' lang='lat' dir='ltr'><strong>ad</strong></span> <span class='ocrx_word' id='word_1_300' title='bbox 563 3476 726 3538; x_wconf 71' lang='lat' dir='ltr'><strong>coercenda</strong></span> <span class='ocrx_word' id='word_1_301' title='bbox 742 3473 834 3538; x_wconf 88' lang='lat' dir='ltr'><strong>maria</strong></span> <span class='ocrx_word' id='word_1_302' title='bbox 850 3475 948 3538; x_wconf 85' lang='lat' dir='ltr'><strong>diuino</strong></span> <span class='ocrx_word' id='word_1_303' title='bbox 965 3475 1087 3559; x_wconf 89' lang='lat' dir='ltr'><strong>imperio</strong></span> <span class='ocrx_word' id='word_1_304' title='bbox 1105 3473 1246 3538; x_wconf 90' lang='lat' dir='ltr'><strong>terminos</strong></span> 
     </span>
     <span class='ocr_line' id='line_1_33' title="bbox 92 3574 1246 3660; baseline -0.002 -18"><span class='ocrx_word' id='word_1_305' title='bbox 92 3577 143 3642; x_wconf 89' lang='lat' dir='ltr'><strong>ille</strong></span> <span class='ocrx_word' id='word_1_306' title='bbox 158 3577 338 3642; x_wconf 88' lang='lat' dir='ltr'><strong>ooostitntus</strong></span> <span class='ocrx_word' id='word_1_307' title='bbox 355 3587 418 3656; x_wconf 87' lang='lat' dir='ltr'><strong>est,</strong></span> <span class='ocrx_word' id='word_1_308' title='bbox 450 3577 496 3640; x_wconf 88' lang='lat' dir='ltr'><strong>bio</strong></span> <span class='ocrx_word' id='word_1_309' title='bbox 513 3586 610 3641; x_wconf 87' lang='lat' dir='ltr'><strong>antem</strong></span> <span class='ocrx_word' id='word_1_310' title='bbox 627 3577 759 3660; x_wconf 87' lang='lat' dir='ltr'><strong>ipseper</strong></span> <span class='ocrx_word' id='word_1_311' title='bbox 776 3595 843 3639; x_wconf 88' lang='lat' dir='ltr'><strong>sese</strong></span> <span class='ocrx_word' id='word_1_312' title='bbox 858 3574 1003 3659; x_wconf 89' lang='lat' dir='ltr'><strong>nequitia,</strong></span> <span class='ocrx_word' id='word_1_313' title='bbox 1034 3585 1121 3659; x_wconf 87' lang='lat' dir='ltr'><strong>atque</strong></span> <span class='ocrx_word' id='word_1_314' title='bbox 1137 3597 1246 3640; x_wconf 85' lang='lat' dir='ltr'><strong>exeae-</strong></span> 
     </span>
     <span class='ocr_line' id='line_1_34' title="bbox 93 3675 1245 3764; baseline 0 -22"><span class='ocrx_word' id='word_1_315' title='bbox 93 3689 177 3743; x_wconf 82' lang='lat' dir='ltr'><strong>eatae</strong></span> <span class='ocrx_word' id='word_1_316' title='bbox 192 3680 301 3744; x_wconf 85' lang='lat' dir='ltr'><strong>mentis</strong></span> <span class='ocrx_word' id='word_1_317' title='bbox 318 3699 404 3742; x_wconf 91' lang='lat' dir='ltr'><strong>error</strong></span> <span class='ocrx_word' id='word_1_318' title='bbox 420 3699 436 3742; x_wconf 89' lang='lat' dir='ltr'><strong>a</strong></span> <span class='ocrx_word' id='word_1_319' title='bbox 454 3699 545 3742; x_wconf 89' lang='lat' dir='ltr'><strong>sensu</strong></span> <span class='ocrx_word' id='word_1_320' title='bbox 562 3677 679 3764; x_wconf 85' lang='lat' dir='ltr'><strong>pietatis</strong></span> <span class='ocrx_word' id='word_1_321' title='bbox 694 3679 856 3742; x_wconf 87' lang='lat' dir='ltr'><strong>adhorrens</strong></span> <span class='ocrx_word' id='word_1_322' title='bbox 870 3675 1072 3740; x_wconf 77' lang='lat' dir='ltr'><strong>intelle-issima</strong></span> <span class='ocrx_word' id='word_1_323' title='bbox 1086 3677 1147 3757; x_wconf 84' lang='lat' dir='ltr'><strong>illa,</strong></span> <span class='ocrx_word' id='word_1_324' title='bbox 1171 3699 1245 3763; x_wconf 90' lang='lat' dir='ltr'><strong>quae</strong></span> 
     </span>
     <span class='ocr_line' id='line_1_35' title="bbox 93 3778 1242 3866; baseline 0 -22"><span class='ocrx_word' id='word_1_325' title='bbox 93 3791 162 3844; x_wconf 71' lang='lat' dir='ltr'><strong>anm</strong></span> <span class='ocrx_word' id='word_1_326' title='bbox 175 3780 362 3866; x_wconf 86' lang='lat' dir='ltr'><strong>protulimus,</strong></span> <span class='ocrx_word' id='word_1_327' title='bbox 383 3781 521 3864; x_wconf 81' lang='lat' dir='ltr'><strong>dogmata</strong></span> <span class='ocrx_word' id='word_1_328' title='bbox 532 3781 613 3844; x_wconf 87' lang='lat' dir='ltr'><strong>velut</strong></span> <span class='ocrx_word' id='word_1_329' title='bbox 628 3779 768 3863; x_wconf 84' lang='lat' dir='ltr'><strong>quosdam</strong></span> <span class='ocrx_word' id='word_1_330' title='bbox 783 3781 812 3842; x_wconf 91' lang='lat' dir='ltr'><strong>in</strong></span> <span class='ocrx_word' id='word_1_331' title='bbox 826 3799 859 3842; x_wconf 91' lang='lat' dir='ltr'><strong>se</strong></span> <span class='ocrx_word' id='word_1_332' title='bbox 875 3780 979 3842; x_wconf 85' lang='lat' dir='ltr'><strong>duetus</strong></span> <span class='ocrx_word' id='word_1_333' title='bbox 994 3778 1135 3843; x_wconf 80' lang='lat' dir='ltr'><strong>excitavit</strong></span> <span class='ocrx_word' id='word_1_334' title='bbox 1150 3779 1242 3865; x_wconf 90' lang='lat' dir='ltr'><strong>prius,</strong></span> 
     </span>
     <span class='ocr_line' id='line_1_36' title="bbox 92 3880 1244 3964; baseline 0.002 -20"><span class='ocrx_word' id='word_1_335' title='bbox 92 3901 127 3944; x_wconf 82' lang='lat' dir='ltr'><strong>ae</strong></span> <span class='ocrx_word' id='word_1_336' title='bbox 144 3881 303 3945; x_wconf 71' lang='lat' dir='ltr'><strong>sommariis</strong></span> <span class='ocrx_word' id='word_1_337' title='bbox 319 3881 454 3944; x_wconf 87' lang='lat' dir='ltr'><strong>fluetibus</strong></span> <span class='ocrx_word' id='word_1_338' title='bbox 471 3882 569 3959; x_wconf 88' lang='lat' dir='ltr'><strong>illisit,</strong></span> <span class='ocrx_word' id='word_1_339' title='bbox 601 3880 834 3964; x_wconf 86' lang='lat' dir='ltr'><strong>etsemetipsum</strong></span> <span class='ocrx_word' id='word_1_340' title='bbox 851 3881 882 3942; x_wconf 90' lang='lat' dir='ltr'><strong>in</strong></span> <span class='ocrx_word' id='word_1_341' title='bbox 900 3899 933 3942; x_wconf 89' lang='lat' dir='ltr'><strong>se</strong></span> <span class='ocrx_word' id='word_1_342' title='bbox 949 3902 1110 3944; x_wconf 89' lang='lat' dir='ltr'><strong>conversus</strong></span> <span class='ocrx_word' id='word_1_343' title='bbox 1127 3885 1244 3946; x_wconf 90' lang='lat' dir='ltr'><strong>oonlra-</strong></span> 
     </span>
     <span class='ocr_line' id='line_1_37' title="bbox 91 3982 1240 4069; baseline 0.002 -23"><span class='ocrx_word' id='word_1_344' title='bbox 91 3993 215 4068; x_wconf 86' lang='lat' dir='ltr'><strong>etusqne</strong></span> <span class='ocrx_word' id='word_1_345' title='bbox 237 3982 401 4068; x_wconf 85' lang='lat' dir='ltr'><strong>dissipavit.</strong></span> <span class='ocrx_word' id='word_1_346' title='bbox 445 3985 508 4048; x_wconf 81' lang='lat' dir='ltr'><strong>Aut</strong></span> <span class='ocrx_word' id='word_1_347' title='bbox 528 3997 556 4048; x_wconf 90' lang='grc' dir='ltr'><strong>ιιι</strong></span> <span class='ocrx_word' id='word_1_348' title='bbox 578 3982 708 4046; x_wconf 86' lang='lat' dir='ltr'><strong>exitialis</strong></span> <span class='ocrx_word' id='word_1_349' title='bbox 726 4003 850 4066; x_wconf 88' lang='lat' dir='ltr'><strong>serpens</strong></span> <span class='ocrx_word' id='word_1_350' title='bbox 871 4001 939 4046; x_wconf 89' lang='lat' dir='ltr'><strong>sese</strong></span> <span class='ocrx_word' id='word_1_351' title='bbox 960 3983 1117 4048; x_wconf 84' lang='lat' dir='ltr'><strong>uondniens</strong></span> <span class='ocrx_word' id='word_1_352' title='bbox 1135 3985 1240 4069; x_wconf 87' lang='lat' dir='ltr'><strong>ipsum,</strong></span> 
     </span>
     <span class='ocr_line' id='line_1_38' title="bbox 91 4082 1242 4170; baseline 0.002 -24"><span class='ocrx_word' id='word_1_353' title='bbox 91 4096 150 4149; x_wconf 87' lang='lat' dir='ltr'><strong>eta</strong></span> <span class='ocrx_word' id='word_1_354' title='bbox 165 4085 261 4150; x_wconf 84' lang='lat' dir='ltr'><strong>sanda</strong></span> <span class='ocrx_word' id='word_1_355' title='bbox 275 4086 420 4170; x_wconf 86' lang='lat' dir='ltr'><strong>replicans</strong></span> <span class='ocrx_word' id='word_1_356' title='bbox 436 4107 470 4149; x_wconf 86' lang='lat' dir='ltr'><strong>nn</strong></span> <span class='ocrx_word' id='word_1_357' title='bbox 484 4086 642 4150; x_wconf 82' lang='lat' dir='ltr'><strong>revolvens</strong></span> <span class='ocrx_word' id='word_1_358' title='bbox 656 4105 738 4148; x_wconf 90' lang='lat' dir='ltr'><strong>suum</strong></span> <span class='ocrx_word' id='word_1_359' title='bbox 754 4104 861 4170; x_wconf 89' lang='lat' dir='ltr'><strong>eorpus</strong></span> <span class='ocrx_word' id='word_1_360' title='bbox 876 4083 973 4148; x_wconf 87' lang='lat' dir='ltr'><strong>adedit</strong></span> <span class='ocrx_word' id='word_1_361' title='bbox 986 4095 1015 4148; x_wconf 91' lang='lat' dir='ltr'><strong>et</strong></span> <span class='ocrx_word' id='word_1_362' title='bbox 1028 4083 1165 4150; x_wconf 85' lang='lat' dir='ltr'><strong>absumit.</strong></span> <span class='ocrx_word' id='word_1_363' title='bbox 1208 4082 1242 4148; x_wconf 89' lang='lat' dir='ltr'><strong>ld</strong></span> 
     </span>
    </p>
   </div>
   <div class='ocr_carea' id='block_1_6' title="bbox 89 4233 1242 4562">
    <p class='ocr_par' dir='ltr' id='par_1_14' title="bbox 89 4233 1242 4560">
     <span class='ocr_line' id='line_1_39' title="bbox 92 4233 1241 4306; baseline -0.002 -18"><span class='ocrx_word' id='word_1_364' title='bbox 92 4233 196 4304; x_wconf 68' lang='grc' dir='ltr'><strong>ψάμμον</strong></span> <span class='ocrx_word' id='word_1_365' title='bbox 216 4240 301 4300; x_wconf 82' lang='lat' dir='ltr'><strong>reliqui</strong></span> <span class='ocrx_word' id='word_1_366' title='bbox 321 4241 367 4288; x_wconf 84' lang='lat' dir='ltr'><strong>mei</strong></span> <span class='ocrx_word' id='word_1_367' title='bbox 389 4241 449 4290; x_wconf 86' lang='lat' dir='ltr'><strong>libri.</strong></span> <span class='ocrx_word' id='word_1_368' title='bbox 490 4240 656 4302; x_wconf 80' lang='lat' dir='ltr'><strong>disponendum</strong></span> <span class='ocrx_word' id='word_1_369' title='bbox 688 4247 740 4287; x_wconf 87' lang='lat' dir='ltr'><strong>tum</strong></span> <span class='ocrx_word' id='word_1_370' title='bbox 760 4245 812 4298; x_wconf 88' lang='lat' dir='ltr'><strong>est,</strong></span> <span class='ocrx_word' id='word_1_371' title='bbox 830 4235 984 4306; x_wconf 83' lang='lat' dir='ltr'><strong>claustraque</strong></span> <span class='ocrx_word' id='word_1_372' title='bbox 1005 4255 1034 4287; x_wconf 87' lang='lat' dir='ltr'><strong>ac</strong></span> <span class='ocrx_word' id='word_1_373' title='bbox 1050 4247 1138 4304; x_wconf 70' lang='lat' dir='ltr'><strong>proriae</strong></span> <span class='ocrx_word' id='word_1_374' title='bbox 1152 4253 1241 4286; x_wconf 81' lang='lat' dir='ltr'><strong>arenae</strong></span> 
     </span>
     <span class='ocr_line' id='line_1_40' title="bbox 91 4302 1242 4374; baseline -0.003 -17"><span class='ocrx_word' id='word_1_375' title='bbox 91 4309 196 4367; x_wconf 73' lang='lat' dir='ltr'><strong>superor</strong></span> <span class='ocrx_word' id='word_1_376' title='bbox 207 4303 325 4370; x_wconf 66' lang='lat' dir='ltr'><strong>subdare</strong></span> <span class='ocrx_word' id='word_1_377' title='bbox 337 4305 437 4374; x_wconf 72' lang='grc' dir='ltr'>χαλινὸς</span> <span class='ocrx_word' id='word_1_378' title='bbox 449 4325 470 4360; x_wconf 88' lang='grc' dir='ltr'><strong>τ.</strong></span> <span class='ocrx_word' id='word_1_379' title='bbox 484 4306 588 4360; x_wconf 51' lang='lat' dir='ltr'><strong>§.dub</strong></span> <span class='ocrx_word' id='word_1_380' title='bbox 600 4302 651 4370; x_wconf 76' lang='lat' dir='ltr'><strong>dpu-</strong></span> <span class='ocrx_word' id='word_1_381' title='bbox 684 4305 816 4366; x_wconf 84' lang='lat' dir='ltr'><strong>terminus,</strong></span> <span class='ocrx_word' id='word_1_382' title='bbox 843 4317 869 4356; x_wconf 89' lang='lat' dir='ltr'><strong>et</strong></span> <span class='ocrx_word' id='word_1_383' title='bbox 904 4315 1045 4374; x_wconf 80' lang='lat' dir='ltr'><strong>raeoeptum</strong></span> <span class='ocrx_word' id='word_1_384' title='bbox 1061 4307 1110 4356; x_wconf 92' lang='lat' dir='ltr'><strong>hoc</strong></span> <span class='ocrx_word' id='word_1_385' title='bbox 1126 4311 1192 4367; x_wconf 60' lang='lat' dir='ltr'><strong>cell„</strong></span> <span class='ocrx_word' id='word_1_386' title='bbox 1216 4311 1242 4354; x_wconf 90' lang='lat' dir='ltr'><strong>ut</strong></span> 
     </span>
     <span class='ocr_line' id='line_1_41' title="bbox 92 4323 1242 4440; baseline -0.001 -17"><span class='ocrx_word' id='word_1_387' title='bbox 92 4371 161 4432; x_wconf 68' lang='lat' dir='ltr'><strong>obri&lt;</strong></span> <span class='ocrx_word' id='word_1_388' title='bbox 174 4365 195 4439; x_wconf 70' lang='grc' dir='ltr'><strong>ἡ·</strong></span> <span class='ocrx_word' id='word_1_389' title='bbox 209 4371 318 4438; x_wconf 65' lang='grc' dir='ltr'><strong>κλεῖθρα</strong></span> <span class='ocrx_word' id='word_1_390' title='bbox 329 4391 354 4426; x_wconf 80' lang='grc' dir='ltr'><strong>κ.</strong></span> <span class='ocrx_word' id='word_1_391' title='bbox 367 4391 392 4426; x_wconf 75' lang='grc' dir='ltr'><strong>ιι</strong></span> <span class='ocrx_word' id='word_1_392' title='bbox 407 4371 513 4440; x_wconf 80' lang='grc' dir='ltr'><strong>ψάμμος</strong></span> <span class='ocrx_word' id='word_1_393' title='bbox 527 4369 592 4440; x_wconf 75' lang='grc' dir='ltr'>ὅριοι</span> <span class='ocrx_word' id='word_1_394' title='bbox 608 4371 652 4426; x_wconf 80' lang='grc' dir='ltr'><strong>καὶ</strong></span> <span class='ocrx_word' id='word_1_395' title='bbox 685 4371 729 4425; x_wconf 70' lang='grc' dir='ltr'><strong>καὶ</strong></span> <span class='ocrx_word' id='word_1_396' title='bbox 740 4373 846 4440; x_wconf 66' lang='grc' dir='ltr'>κλεῢρα</span> <span class='ocrx_word' id='word_1_397' title='bbox 858 4323 903 4427; x_wconf 70' lang='lat' dir='ltr'><strong>uui</strong></span> <span class='ocrx_word' id='word_1_398' title='bbox 914 4371 990 4429; x_wconf 78' lang='lat' dir='ltr'><strong>nilus</strong></span> <span class='ocrx_word' id='word_1_399' title='bbox 1002 4370 1109 4440; x_wconf 72' lang='grc' dir='ltr'>ψάμμου</span> <span class='ocrx_word' id='word_1_400' title='bbox 1121 4365 1185 4438; x_wconf 76' lang='lat' dir='ltr'><strong>ipsos</strong></span> <span class='ocrx_word' id='word_1_401' title='bbox 1200 4387 1242 4422; x_wconf 87' lang='lat' dir='ltr'><strong>oo-</strong></span> 
     </span>
     <span class='ocr_line' id='line_1_42' title="bbox 89 4443 886 4560; baseline 0.003 -69"><span class='ocrx_word' id='word_1_402' title='bbox 89 4443 279 4558; x_wconf 40' lang='lat' dir='ltr'><strong>&amp;mm</strong></span> <span class='ocrx_word' id='word_1_403' title='bbox 287 4445 321 4492; x_wconf 82' lang='lat' dir='ltr'><strong>rto</strong></span> <span class='ocrx_word' id='word_1_404' title='bbox 331 4443 550 4560; x_wconf 55' lang='lat' dir='ltr'><strong>interprqtotue‘qst:</strong></span> <span class='ocrx_word' id='word_1_405' title='bbox 561 4459 649 4560; x_wconf 67' lang='lat' dir='ltr'><strong>quqnq-</strong></span> <span class='ocrx_word' id='word_1_406' title='bbox 684 4443 754 4492; x_wconf 84' lang='lat' dir='ltr'><strong>lulsrr</strong></span> <span class='ocrx_word' id='word_1_407' title='bbox 769 4444 886 4493; x_wconf 78' lang='lat' dir='ltr'><strong>uideatur.</strong></span> 
     </span>
    </p>

    <p class='ocr_par' dir='ltr' id='par_1_15' title="bbox 198 4525 652 4562">
     <span class='ocr_line' id='line_1_43' title="bbox 198 4525 652 4562; baseline 0.004 -4"><span class='ocrx_word' id='word_1_408' title='bbox 198 4525 225 4558; x_wconf 90' lang='grc' dir='ltr'><strong>ιιι</strong></span> <span class='ocrx_word' id='word_1_409' title='bbox 255 4525 357 4560; x_wconf 83' lang='lat' dir='ltr'><strong>raeoom</strong></span> <span class='ocrx_word' id='word_1_410' title='bbox 371 4527 432 4562; x_wconf 87' lang='lat' dir='ltr'><strong>mars</strong></span> <span class='ocrx_word' id='word_1_411' title='bbox 450 4527 479 4562; x_wconf 84' lang='lat' dir='ltr'><strong>ex</strong></span> <span class='ocrx_word' id='word_1_412' title='bbox 515 4527 546 4561; x_wconf 91' lang='lat' dir='ltr'><strong>eo</strong></span> <span class='ocrx_word' id='word_1_413' title='bbox 579 4527 652 4560; x_wconf 81' lang='lat' dir='ltr'><strong>ens-</strong></span> 
     </span>
    </p>
   </div>
   <div class='ocr_carea' id='block_1_7' title="bbox 0 0 1555 4988">
    <p class='ocr_par' dir='ltr' id='par_1_16' title="bbox 0 0 1555 4988">
     <span class='ocr_line' id='line_1_44' title="bbox 0 0 1555 4988; baseline 0 0"><span class='ocrx_word' id='word_1_414' title='bbox 0 0 1555 4988; x_wconf 95' lang='lat' dir='ltr'><strong> </strong></span> 
     </span>
    </p>
   </div>
  </div>
 </body>
</html>
