3078 5012
365 311 762 366 euuneumnnnounu.
780 285 972 364 ueuussxuu.
1179 303 1241 367 doti

89 430 240 496 mestitias
258 431 386 511 labnlas,
410 441 441 496 et
456 431 626 498 insulsius
644 433 778 517 dogmata
798 443 998 518 perscrutatus
1015 453 1128 513 essem,
1153 455 1239 519 quos-

87 519 150 620 'que
165 535 214 598 ille
231 535 321 598 libros
339 555 392 620 pro
410 535 560 598 canonicis
578 535 761 621 comprobat,
793 545 862 620 puta
881 533 1073 618 Ecaugelium
1092 537 1167 620 qnod
1185 535 1240 620 ipsi

89 649 215 716 vocant,
248 648 278 700 et
296 637 497 722 Apostolicum
517 637 552 702 ab
572 637 675 702 iisdem
696 638 891 717 nominatum,
925 639 1066 704 euoluens
1087 639 1242 702 selectiora

89 741 160 804 iude
177 722 332 817 nonnulla,
357 761 430 825 qnae
447 742 482 804 ad
499 740 578 804 illum
594 741 777 805 refutandum
794 740 957 825 pertinent,
982 739 1148 802 continuata
1163 741 1241 804 serie

89 843 321 924 decerpsissent,
351 842 495 906 uberioris
513 843 660 907 cuiusdam
680 843 777 927 operis
795 843 979 905 fundamenta
997 841 1098 928 posui,
1130 861 1164 906 ac
1181 842 1241 906 sin·

88 945 224 1028 gulorum
244 944 369 1029 capitum
385 946 515 1008 ordinem
533 945 573 1008 ita
591 944 742 1024 distribui,
767 954 798 1008 ut
814 944 968 1029 uuicuique
985 944 1160 1021 sententiae,
1185 947 1242 1029 pri-

88 1069 155 1126 ma,
178 1047 323 1124 secunda,
348 1047 449 1126 tertia,
473 1067 508 1110 ac
528 1047 571 1110 sio
589 1047 744 1132 deinceps,
777 1046 1024 1131 praescriberem,
1055 1047 1137 1109 etad
1155 1047 1240 1110 linem

87 1169 184 1234 usqua
199 1149 311 1232 singula
328 1160 472 1228 notarem,
495 1149 525 1213 iu
543 1148 646 1234 quibus
662 1150 734 1214 istas
749 1149 903 1213 salvatoris
919 1160 969 1212 aut
983 1147 1106 1234 apostoli
1124 1159 1242 1212 senten-

88 1253 149 1316 tias
164 1263 265 1315 eontra
282 1271 316 1314 se
334 1252 449 1316 cicietur
464 1252 634 1316 stultissimo
652 1252 820 1316 retinuisse.
867 1248 1016 1333 Quaedam
1037 1251 1113 1314 enim
1130 1271 1169 1314 cx
1185 1250 1242 1314 illis

88 1355 127 1418 ab
149 1375 185 1418 eo
204 1363 398 1418 commutatae
419 1355 652 1440 deprecatusque
671 1365 757 1433 suut,
793 1375 851 1416 uou
875 1373 909 1417 ea
931 1354 986 1416 lide
1005 1363 1241 1439 repraesentatae

87 1478 148 1543 qua
171 1468 221 1521 aut
242 1457 271 1519 in
295 1455 439 1539 evangelii
462 1457 620 1521 secuudum
638 1454 749 1520 Lucam
772 1455 988 1541 exemplaribus
1009 1456 1162 1540 leguntur,
1193 1467 1243 1520 aut

87 1559 267 1646 apostolicus
285 1558 348 1643 ipse
366 1559 459 1644 stylus
476 1579 544 1645 prae
562 1579 595 1622 se
614 1561 691 1623 iocre
708 1560 852 1623 videatur.
900 1558 981 1622 Alias
997 1559 1129 1643 integras
1149 1569 1181 1622 et
1196 1561 1240 1622 iu·

88 1671 244 1746 corruptas
264 1661 397 1745 reliquit3
428 1661 588 1725 cuiusmodi
608 1661 726 1725 sincero
743 1661 772 1724 in
791 1659 943 1746 evangelio
964 1671 994 1724 et
1009 1661 1142 1746 apostolo
1159 1681 1242 1746 repe·

89 1765 225 1842 nientorp
257 1783 298 1826 ex
321 1763 425 1847 quibus
449 1763 525 1827 illius
548 1764 682 1828 convinci
705 1764 855 1828 mendacia
878 1775 1014 1848 possunt,
1048 1772 1147 1848 utpute
1169 1785 1242 1848 quae

87 1865 203 1931 ceteris
220 1866 387 1930 testamenti
405 1887 469 1928 cum
489 1887 578 1944 novo,
603 1867 687 1930 buius
704 1866 833 1930 vicissim
851 1887 915 1930 cum
932 1866 994 1946 illo,
1019 1865 1242 1930 consensionem

88 1991 126 2034 ao
142 1969 329 2032 concordiam
347 1968 508 2032 declarant.
555 1967 658 2032 lusuut
672 1968 701 2032 in
721 1968 765 2032 bis
781 1968 862 2032 libris
879 1978 909 2031 et
925 1969 981 2032 alia
997 1969 1061 2032 loca
1076 1968 1180 2052 quibus
1196 1989 1244 2031 as·

87 2081 206 2154 sumpta
229 2091 317 2134 carne
334 2072 452 2135 venisse
472 2069 621 2136 Christum
640 2071 826 2149 ostendatur,
859 2089 894 2134 ac
914 2072 1073 2154 perlectum
1090 2070 1167 2134 iuter
1188 2091 1242 2135 uos

87 2174 239 2238 bominem
263 2173 352 2237 luisse
373 2183 534 2237 versatum.
581 2173 734 2237 Accedunt
752 2193 788 2237 ea
807 2193 922 2257 quoquc
941 2173 1044 2258 quibus
1063 2183 1241 2237 mortuorum

87 2274 277 2363 praedicatur
294 2275 451 2355 excitatio,
485 2275 619 2361 idemque
637 2277 709 2340 dens
727 2287 757 2339 et
776 2275 979 2339 universorum
998 2276 1132 2339 dominus
1149 2276 1242 2338 omni·

88 2389 215 2466 potens,
247 2379 319 2442 coeli
337 2399 371 2441 ao
391 2388 486 2443 terrae
505 2379 690 2463 omniumque
706 2399 780 2462 quae
798 2389 866 2442 suot
881 2378 911 2441 iu
928 2390 1006 2441 terea
1027 2379 1160 2442 conditor
1177 2399 1242 2462 per-

88 2483 220 2546 hibetur.
267 2479 350 2564 Quac
373 2501 426 2544 ooo
446 2481 643 2566 evangelicam
664 2481 846 2544 vocatiouem
865 2481 1046 2559 adulterant,
1077 2501 1133 2544 nec
1154 2482 1242 2544 totius

90 2583 294 2648 universitatis
306 2593 454 2648 auctorem
472 2604 507 2647 ac
521 2584 683 2648 molitorem
699 2583 859 2680 abnegant,
881 2583 932 2646 sed
946 2583 1069 2646 cundem
1084 2584 1178 2669 ipsum
1196 2605 1243 2648 rc·

90 2687 208 2764 ierunt,
240 2685 352 2769 qualem
376 2694 405 2748 et
422 2685 599 2770 apostolicus
619 2686 712 2772 stylus
736 2695 764 2750 et
789 2685 956 2770 evangelica
977 2686 1155 2770 praedicatio
1176 2707 1242 2772 pro-

88 2788 202 2852 fitetur.
248 2785 333 2870 Quae
354 2787 444 2871 igitur
464 2787 540 2851 bunc
561 2788 591 2851 iu
613 2789 727 2854 modum
746 2787 961 2852 elaboravimus
983 2788 1044 2854 suis
1063 2791 1243 2873 argumentis

87 2889 224 2974 digesta,
249 2889 385 2974 deinceps
407 2890 594 2975 proponenda
617 2902 696 2954 sunt.

89 3180 137 3230 DE
156 3177 337 3230 mauclerus
354 3179 460 3230 Liuurs
478 3179 656 3247 causeum,
683 3183 755 3238 atvs
773 3181 1019 3234 uauuunutouts
1035 3181 1242 3233 PROOEMIUM.

177 3295 210 3362 st
226 3297 290 3382 quis
303 3298 466 3363 adulterina
479 3297 641 3364 Marcionis
656 3301 774 3364 inuenta
791 3301 1038 3386 comprehendere
1053 3301 1168 3385 penitus
1181 3311 1242 3364 stu-

91 3401 160 3478 det,
194 3421 227 3464 ac
245 3401 364 3486 pecudis
381 3401 459 3466 illins
478 3403 624 3467 versutias
643 3423 745 3466 omnes
768 3413 798 3465 et
814 3403 936 3467 artitlcia
955 3423 1153 3487 cognoscere,
1188 3403 1243 3468 boo

90 3504 169 3589 quod
192 3523 207 3564 a
226 3525 271 3568 me
289 3505 492 3568 courcinuatum
512 3524 583 3588 opus
601 3514 647 3568 est
664 3516 827 3589 percurrat.
872 3503 949 3569 Nam
969 3525 1008 3568 ex
1025 3505 1088 3568 cius
1104 3503 1243 3592 Evange-

88 3607 131 3670 lio
154 3625 227 3690 quae
249 3616 350 3671 contra
370 3607 554 3672 calliditatem
576 3607 666 3692 ipsius
687 3607 799 3671 scelere
817 3608 990 3693 implicatam
1012 3607 1118 3692 opponi
1136 3621 1244 3692 queant

88 3708 223 3772 studiose
243 3711 415 3795 selegimus,
448 3710 541 3794 utqui
559 3721 687 3772 nostram
706 3709 780 3773 banc
799 3709 1076 3774 lucubratiunculam
1092 3709 1121 3772 iu
1140 3733 1242 3776 manus

89 3831 210 3875 sumere
231 3811 392 3894 voluerint,
424 3814 453 3876 iu
472 3833 505 3876 ea
525 3813 667 3897 qtrandam
685 3812 827 3877 acuminis
846 3813 1086 3876 exercitationem
1105 3814 1241 3892 babeant,

89 3937 149 4000 quo
166 3914 384 4000 peregrinarum
403 3936 508 3980 vocum
525 3915 560 3978 ab
576 3916 625 3979 illo
644 3927 823 4002 repertarum
839 3915 998 3979 novitatem
1014 3916 1126 3980 lucilius
1142 3918 1242 3980 cedar-

89 4029 194 4103 guaut.
241 4016 280 4081 Et
294 4019 409 4102 quidem
425 4015 586 4082 Marcionis
600 4017 649 4081 ille
665 4018 739 4082 liber
754 4018 937 4102 evangelium
954 4019 1113 4081 secundum
1131 4015 1241 4081 Lucam

89 4121 172 4206 stylo
187 4120 252 4205 ipso
266 4122 379 4185 reterre
395 4122 527 4197 videtur,
552 4129 692 4184 utentem
710 4120 745 4184 ab
763 4141 798 4184 eo
814 4121 962 4185 mutilatus
974 4130 1038 4199 cst,
1062 4121 1157 4198 initio,
1182 4143 1241 4185 mc·

88 4223 139 4286 dio
158 4243 192 4286 ao
208 4223 265 4285 line
282 4223 456 4301 decurtatis,
487 4223 599 4286 corrosi
617 4243 634 4284 a
650 4223 736 4286 tineis
754 4223 878 4307 undique
896 4223 1063 4288 vestimenti
1080 4221 1241 4288 simillimus
1333 4255 1337 4268 ·

88 4364 169 4420 uertit,
187 4369 213 4409 et
227 4376 278 4410 nou
295 4359 358 4410 siout
369 4359 455 4410 babuit
465 4359 593 4428 Evangelii
607 4376 650 4409 se-
683 4363 763 4411 Pelnu.
798 4355 959 4428 ἀντίγραμμα
976 4363 1031 4411 edit.
1045 4364 1119 4424 princ.

89 4427 199 4480 eundum
215 4427 306 4478 Lucam
318 4428 443 4496 exemplar
456 4435 505 4479 cett.
532 4431 651 4478 dibribo·
717 4427 740 4480 6.
759 4431 848 4490 Scripsi
870 4424 1019 4494 ὁμολογοῦσι
1039 4445 1083 4492 pro
1107 4423 1241 4498 ὁμολογοῦ-

89 4501 142 4548 bent
159 4499 231 4560 uulpo
246 4496 283 4566 τῷ
302 4493 367 4550 κατὰ
383 4497 483 4550 Λουκᾶν
501 4491 650 4564 εὐαγγελίῳ.
686 4513 743 4560 σοι,
759 4497 822 4559 quod
837 4499 891 4546 libri
906 4499 997 4547 bobeno.

123 4566 149 4616 b.
167 4558 317 4632 ἀντίγραφον
334 4567 386 4616 cod.
399 4567 481 4628 lotio,
496 4571 517 4615 et
530 4567 585 4616 inde
597 4568 651 4616 ectu.
