3096 4988
325 325 458 376 rannac
480 325 540 376 cna.
555 327 573 376 n.
591 327 672 378 rona.
687 327 717 377 n.
736 325 947 380 nannaxxr.
1152 315 1213 378 323

55 442 177 507 interire
194 443 322 508 ineditus
341 464 436 529 neque
453 443 509 508 ulla
529 445 573 510 sui
589 456 672 530 parte
689 447 815 510 servari.
850 444 945 510 Porro
962 457 1094 511 naturam
1110 467 1211 532 quam

54 567 108 630 que
133 565 170 611 eo
193 547 269 612 unde
291 545 431 633 prodierit
454 547 576 612 reverti.
623 545 713 612 Velut
736 569 896 632 quaecum
922 550 1044 614 materia
1072 562 1210 615 concreta

53 659 114 728 eet,
148 648 261 714 ineam
281 650 372 735 ipsam
393 651 527 729 rclnndi3
560 671 599 714 ex
621 671 710 714 carne
730 671 802 715 vero
819 662 957 737 terraque
977 665 1155 738 compactam
1178 654 1208 717 in

52 763 161 816 terram
177 752 320 816 recidere.
362 749 480 816 Etenim
497 764 558 816 tres
572 753 614 816 illi
629 753 774 836 bominum
791 755 910 818 ordines
926 755 1119 833 constituunt,
1141 752 1208 840 Spi-

50 852 197 934 ritalinm,
219 854 416 933 Animalinm,
440 865 528 940 atque
546 851 727 920 Carnalium.
775 855 824 922 Ex
841 855 945 942 nuribus
963 859 1085 943 primum
1105 877 1138 922 ee
1159 879 1208 920 or-

51 955 148 1020 dinem
173 957 272 1022 lacere
295 957 443 1039 dictitant,
477 959 519 1022 nti
540 967 570 1024 et
593 957 771 1038 Gnosticns‚
804 961 851 1044 qui
873 981 967 1044 neque
990 960 1099 1024 laboris
1122 961 1208 1025 ullius

50 1058 217 1144 indigeant,
251 1073 453 1146 praeterquam
477 1061 670 1147 cognitionis,
703 1062 962 1147 appellationisque
987 1065 1206 1149 mysteriorum,

50 1183 124 1244 qnae
142 1182 234 1248 penes
251 1163 318 1228 illos
332 1176 417 1242 sont,
443 1175 472 1228 et
488 1165 602 1249 quiduis
616 1164 735 1250 impune
754 1165 852 1229 lacere
872 1185 925 1250 pro
940 1165 1062 1228 arbitrio
1080 1167 1205 1250 possint.

49 1260 130 1328 Fieri
148 1265 225 1330 enim
244 1287 303 1330 non
322 1285 428 1352 posse,
460 1267 529 1350 quin
545 1266 665 1331 omnino
685 1287 786 1332 eornm
806 1269 897 1348 ordo,
927 1279 1028 1352 utpote
1045 1265 1205 1353 Spiritalis,

48 1367 173 1432 salutem
195 1368 337 1434 obtineat.
382 1366 551 1434 Secundum
568 1369 716 1434 bominum
736 1371 830 1454 quiin
849 1371 957 1434 mundo
977 1381 1047 1435 sunt
1060 1371 1204 1450 ordinem,

49 1491 134 1552 quem
160 1470 326 1536 Animalem
350 1484 476 1552 vocant,
511 1493 564 1558 per
587 1493 653 1538 sese
679 1473 802 1537 salutem
828 1475 945 1558 assequi
970 1493 1058 1560 posse
1084 1484 1203 1557 ningunt,

49 1573 102 1636 nisi
124 1572 274 1638 laboribus
296 1585 434 1660 recteque
460 1575 542 1638 lactis
563 1575 618 1640 sibi
642 1596 706 1638 eam
728 1575 867 1640 vindicet.
914 1575 957 1639 At
976 1577 1023 1662 qni
1040 1573 1205 1640 Materialis

48 1673 197 1740 bominum
214 1677 287 1740 ordo
306 1677 428 1756 dicitur,
460 1698 525 1741 enm
542 1697 637 1762 nequo
654 1697 791 1762 capacem
808 1677 986 1764 cognitionis
1003 1699 1072 1744 esse
1090 1689 1203 1764 putant,

49 1797 143 1861 aequm
161 1781 277 1842 tametsi
293 1779 381 1859 velit,
406 1779 539 1865 recipere
558 1801 620 1844 earn
638 1801 726 1866 posse
742 1781 792 1865 qni
810 1800 849 1844 ex
866 1781 916 1844 illo
931 1801 1043 1865 genere
1058 1783 1112 1860 sit,
1137 1801 1205 1866 pro·

47 1878 174 1964 indeque
190 1889 248 1944 tam
265 1881 361 1946 anima
379 1903 465 1966 qnam
483 1901 607 1967 corpore
627 1883 741 1969 penitus
758 1883 892 1948 interire.
939 1881 1026 1966 Quod
1043 1905 1117 1948 nero
1136 1903 1205 1947 coe·

48 1991 104 2044 tum
129 1983 167 2046 ad
190 2001 273 2047 sunm
297 1983 439 2070 pertinet,
473 2007 538 2051 cum
559 1985 698 2072 spiritalis
717 1985 774 2064 sit,
808 2007 865 2050 nna
885 2007 949 2050 cnm
969 1986 1062 2050 altero
1080 1987 1204 2071 quodam

47 2084 184 2150 interiori
207 2107 331 2172 corpore
351 2087 464 2152 servari
489 2089 636 2167 sentiunt,
668 2087 744 2172 qnod
766 2088 821 2174 ipsi
842 2085 981 2173 Spiritalc
1000 2110 1106 2174 corpus
1124 2090 1204 2154 inani

47 2189 242 2271 persuasione
263 2201 441 2275 nuncupant.
486 2190 640 2256 Animatus
665 2212 754 2276 porro
781 2202 846 2276 post
869 2189 1033 2255 diuturnam
1056 2191 1204 2255 exercita·

47 2289 169 2370 tionem,
195 2289 245 2355 ubi
257 2291 438 2358 conditorem
454 2294 699 2372 transcenderint,
724 2314 839 2358 sursum
854 2303 975 2358 evectos
988 2292 1102 2378 angelis
1117 2289 1204 2356 Chri-

46 2392 80 2456 sti
106 2395 265 2459 comitibus
292 2395 428 2476 attribui,
462 2415 556 2480 neque
578 2397 731 2480 quicquam
756 2417 876 2460 snorum
899 2397 1006 2459 efferre
1034 2415 1201 2480 corporum,

47 2496 94 2558 sed
118 2497 236 2562 animas
258 2497 337 2562 solas
360 2498 524 2563 absolutum
548 2496 856 2582 statum-cognitionis
878 2497 1016 2583 adeptas,
1051 2497 1203 2564 conditore

46 2611 204 2684 snperato,
230 2597 343 2664 Christi
365 2599 554 2687 stipatoribus
577 2599 689 2684 angelis
711 2599 741 2663 in
764 2599 949 2664 matrimonio
971 2601 1122 2664 collocari.

127 2700 286 2766 Eiusmodi
311 2704 374 2768 lere
397 2714 444 2767 cst
465 2703 581 2767 illoram
605 2702 719 2783 iabula,
753 2703 808 2766 etsi
828 2703 957 2788 pluribus
977 2701 1097 2789 insuper
1117 2703 1202 2788 nugis
1216 2711 1353 2781 eapvttt.

46 2815 187 2870 mntextn
205 2805 255 2870 sit.
302 2803 369 2891 Ego
383 2824 457 2872 uero
479 2827 516 2870 ea
533 2807 677 2870 duntaxat
695 2805 832 2890 proposui
850 2825 924 2890 quac
942 2805 973 2870 in
992 2807 1116 2870 medium
1136 2827 1203 2892 pro-

47 2906 112 2970 lerri
130 2918 272 2992 oportere
287 2907 370 2990 duxi,
388 2919 474 2994 prout
489 2909 524 2972 ad
540 2929 594 2972 nos
611 2907 714 2973 notitia
728 2909 879 2994 pervenite
904 2908 1040 2972 nimirum
1057 2909 1201 2973 undenam

46 3009 187 3074 oriundus
205 3009 263 3074 isto
283 3012 387 3092 luerit,
419 3032 476 3096 qun
494 3021 626 3096 tempore
643 3011 769 3092 vixerit,
803 3012 880 3075 unde
901 3009 1012 3076 erroris
1030 3023 1202 3096 argumenta

46 3112 220 3198 sumpserit,
253 3133 328 3198 quae
347 3113 386 3178 sit
403 3114 481 3178 illiue
501 3113 649 3193 doctrina,
681 3135 737 3198 qua
756 3115 837 3178 inre
856 3123 967 3178 tantum
986 3114 1090 3178 malum
1109 3124 1202 3176 terra·

45 3232 103 3276 rum
122 3214 192 3279 orbi
211 3216 375 3300 pullularit3
407 3217 459 3280 sed
477 3215 552 3301 quod
568 3218 602 3280 ad
621 3209 781 3280 doctrinam
799 3226 929 3302 spectat,
962 3225 1075 3280 camut
1095 3215 1202 3278 dictum

45 3327 102 3396 mt,
135 3319 283 3382 duntaxat
301 3339 341 3382 ex
360 3329 444 3404 parte
462 3319 692 3398 declaravimus,
725 3328 823 3382 cetera
848 3337 902 3403 per
927 3337 973 3381 mo
992 3317 1127 3380 subtilius
1148 3337 1202 3380 ex·

45 3417 152 3498 plicare
171 3419 272 3501 nolui,
300 3443 367 3486 cnm
384 3422 527 3487 adversus
545 3419 723 3486 haereticum
740 3421 863 3485 eundem
882 3419 1081 3484 elucubratam
1099 3439 1116 3481 a
1133 3437 1201 3482 san·

46 3520 176 3586 ctbsinm
199 3520 324 3588 irenaeo
347 3523 572 3608 disputationem
596 3523 756 3588 inveniam.
803 3519 951 3604 Quocirca
973 3521 1072 3606 paucis
1095 3519 1201 3584 bucus-

46 3643 128 3702 quea
145 3645 195 3690 me
212 3627 461 3705 commemoratis,
485 3627 599 3711 reliqua
615 3645 654 3689 ex
670 3625 748 3689 illius
764 3623 855 3709 ipsius
871 3623 918 3687 dci
934 3623 1014 3688 servi
1029 3643 1119 3708 opere
1135 3643 1203 3706 per·

47 3733 158 3806 unm,
188 3737 279 3812 atque
301 3727 426 3814 ipsamet
451 3725 701 3814 lrenaeirerba,
733 3747 770 3790 ne
796 3735 906 3790 mutata
932 3726 1047 3810 quidem
1073 3725 1198 3811 syllaba,

47 3828 205 3894 subiiciem.
253 3828 331 3896 Sunt
352 3830 425 3896 baec
447 3831 608 3896 eiusmodic

483 4019 531 4070 EX
555 4021 579 4070 S.
606 4017 759 4068 tasnato.

123 4135 203 4204 Cnm
225 4137 356 4224 plerique
374 4138 500 4202 verimte
519 4147 685 4236 contempta
704 4136 793 4200 lalsas
810 4135 948 4219 quasdam
969 4135 1153 4200 narrationes
1170 4144 1201 4198 et
1219 4137 1278 4208 esp.
1292 4139 1337 4192 tx.

46 4237 144 4306 inanes
160 4239 353 4326 genealogias
371 4239 543 4319 obtrudant,
567 4259 643 4324 quae
664 4237 852 4324 quaestiones
868 4247 1019 4323 praestant
1033 4237 1145 4322 magis,
1170 4245 1202 4299 ut

73 4429 96 4480 2
112 4423 181 4482 'Est
198 4430 236 4480 td.
248 4431 325 4491 prlac.
351 4431 420 4480 unm
433 4429 548 4492 lntmprer
561 4429 609 4479 ire·
677 4423 701 4478 t.
720 4429 756 4478 ltn
773 4427 839 4476 codd.
858 4428 931 4477 tutte.
952 4429 1005 4476 Ven.
1020 4429 1041 4475 et
1058 4426 1085 4472 V.
1104 4426 1200 4486 Interpr.

47 4500 178 4550 munet
196 4497 332 4559 Quatenus.
367 4499 426 4549 tren
441 4499 476 4560 l.,
493 4497 574 4558 Penes.
641 4492 985 4557 mmntqnnconinfinttn.
1008 4494 1081 4555 runc
1093 4489 1202 4558 ματαίας

75 4565 98 4618 d.
114 4565 163 4620 nuel
181 4579 230 4616 om.
246 4565 303 4615 Vra.
643 4567 714 4614 estol.
967 4643 984 4684 *

914 4648 951 4710 21
