3096 4988
292 305 354 367 278
716 311 837 366 amen
855 303 1025 364 umnam?

296 457 350 515 οχα
365 439 472 517 φαγεῖν
488 427 556 513 μεθ’
570 426 670 511 όμοῖν·
686 427 779 494 ἀότολ
793 429 826 494 δέ
842 427 1061 514 ἐπιγράψαντες
1073 425 1107 493 τό
1118 424 1217 514 Κρέας
1231 429 1354 506 ἕαυτοός
1366 434 1454 498 ἐαλα-

296 554 401 616 νησαν,
423 529 688 621 βαδιονργῆσαντες
704 533 757 596 καλ
773 528 914 610 εἰπόντες,
936 529 995 612 Mn}
1010 531 1158 618 ἐπιθυμίᾳ
1173 531 1351 614 ἐπεθύμησα
1364 541 1452 600 τοῦτο

297 635 331 702 τδ
349 634 447 718 πάσχα
463 636 552 719 κρέας
568 640 675 717 φαγεῖν
696 629 763 715 μεθ’
780 629 880 714 όμοδνς
911 639 1027 714 Σαβαῖς
1042 633 1076 698 δέ
1091 636 1240 698 δείκνυται
1256 633 1302 700 ὅτι
1321 639 1371 700 καλ
1395 635 1453 700 πά.

298 761 352 821 σχα
367 738 528 813 ἐπετέλεσε,
551 736 603 800 καλ
616 735 689 818 τρία
706 736 872 820 βέβρωκεν,
895 729 937 809 άς
952 743 1107 818 προεῖπον.
1150 731 1234 801 'Auci
1254 738 1305 804 καλ
1319 735 1380 804 άπδ
1398 745 1454 804 τοῦ

299 838 448 925 δράματος
470 835 722 921 *ἐλεγχθήσονται
742 843 797 902 τοῦ
819 833 1090 917 άποκαλνφθίντος
1113 842 1154 926 τῷ
1173 834 1248 926 άγλιχο
1273 841 1380 928 Πέτρμ
1400 839 1455 906 διιλ

298 947 351 1025 τῆς
364 937 479 1022 όθόνης
494 945 548 1021 τῆς
570 937 696 1021 ἐχούσης
710 936 809 1004 πόντοι
830 941 863 1004 έν
877 935 954 1027 αάτῆ
975 942 1074 1021 θηρία
1093 963 1123 1002 τε
1142 941 1195 1004 καὶ
1210 939 1318 1023 κτῆνη,
1345 940 1454 1026 έρπετολ

298 1045 351 1108 καὶ
371 1039 506 1120 πετεινά,
533 1041 584 1106 ταὶ
600 1046 705 1122 φωνῆς
722 1043 829 1124 κυρίου
848 1037 1002 1125 λεγούσης,
1023 1037 1164 1116 Ἀναστδς
1178 1047 1278 1107 θῦσον
1298 1045 1351 1108 καλ
1365 1043 1453 1130 φάγε.

180 1177 230 1220 μσς.
243 1165 287 1207 ιιι.
302 1147 363 1210 Καὶ
380 1151 434 1210 τοῦ
452 1144 570 1226 Πέτρου
586 1142 736 1227 λέγοντος,
759 1145 921 1224 Μηδαμοῖς
936 1139 1034 1227 κόριν·
1055 1137 1145 1208 οὐδέν
1157 1142 1261 1210 κοινόν
1277 1142 1298 1227 ῆ
1314 1143 1452 1231 ἀκάθαρ-

299 1273 350 1313 τον
365 1249 500 1328 είςῆλθεν
514 1246 557 1319 εἰς
572 1243 605 1310 τό
622 1241 716 1326 στόμα
732 1270 805 1325 μου,
827 1245 921 1326 φησίν
933 1241 952 1309 ό
965 1241 1086 1328 κάρτος,
1099 1240 1173 1310 “Αό
1190 1245 1264 1322 θεός
1279 1245 1453 1329 ἐκαθάρευε,

298 1347 337 1414 αδ
359 1347 400 1430 μῆ
419 1351 532 1412 κοίνου.
575 1342 785 1430 Εδρεθῆσεται
807 1344 863 1431 γάρ
884 1347 917 1410 ἐκ
929 1343 987 1411 δάο
1000 1343 1122 1428 τρόπων
1138 1351 1190 1428 τῆς
1210 1343 1350 1430 άληθείας
1366 1347 1387 1430 ῆ
1402 1347 1454 1413 σό-

301 1471 408 1526 στασις.
440 1451 483 1512 Et
496 1449 550 1532 μέν
563 1444 619 1532 γάρ
634 1450 736 1532 ἐροῦσι
750 1445 825 1512 κατά
840 1445 960 1514 πάντων
974 1445 1140 1530 βρωμάτων
1157 1451 1390 1530 διεξεληλυθέναι
1406 1448 1453 1515 λό-

301 1579 355 1640 γον
373 1549 426 1616 τόν
444 1549 529 1635 άγιον
548 1550 679 1634 Πέτρον,
700 1549 752 1614 καλ
769 1551 862 1634 λέγειν
878 1548 923 1614 ὅτι
947 1546 1090 1614 ου’δέντοτε
1109 1548 1213 1616 ιτυινδν
1232 1550 1253 1633 ῆ
1269 1549 1453 1636 άκόθαρτον,

304 1651 345 1729 ολς
365 1654 416 1718 καλ
437 1650 528 1734 βόας,
557 1652 608 1716 καλ
627 1647 729 1736 αἶγας,
759 1652 811 1715 καλ
831 1649 983 1736 πρόβατα,
1012 1653 1065 1716 καλ
1082 1650 1193 1735 ὄρνεις,
1214 1652 1301 1718 κοινά
1315 1655 1456 1739 λέγεσθαι

304 1753 372 1836 παρ’
389 1752 483 1841 αὐτῷ,
507 1749 600 1828 εάθάς
615 1750 840 1837 ἐλεγχθήσονται
856 1755 890 1818 ἐκ
908 1759 964 1835 τῆς
978 1754 1124 1838 προτέρας
1143 1751 1235 1819 αὐτοῦ
1254 1753 1454 1838 ἀναστροφῆς.

303 1855 394 1922 Μετολ
414 1854 470 1940 γάρ
492 1852 526 1919 εδ
545 1861 635 1940 γῆμαι
653 1855 704 1919 καλ
717 1855 807 1919 τέκνα
823 1861 1002 1936 κεκτῆσθαι,
1024 1857 1076 1919 καὶ
1093 1853 1244 1939 πενθεράν
1257 1859 1348 1940 ἐχειν,
1370 1859 1453 1921 σννέ-

303 1983 371 2040 τοχε
391 1964 432 2046 τῷ
457 1964 568 2041 σωτῆρι
591 1959 621 2034 ἐξ
645 1953 797 2024 Ἰουδαίων
822 1953 1001 2042 ὁρμώμενος.
1049 1953 1191 2024 Ἰουδαῖοι
1214 1957 1246 2022 δέ
1267 1959 1319 2022 καὶ
1342 1957 1456 2044 σάρκας

305 2063 457 2137 ἐσθίουσι,
486 2060 537 2123 καλ
557 2063 729 2143 κρεωφαγλα
750 2055 820 2142 παρ’
842 2055 944 2132 αὐτοῖς
964 2054 1020 2124 οόιι
1038 2060 1223 2141 ἐβδέλυνται,
1253 2057 1324 2124 οάδέ
1342 2057 1456 2144 αἐτηγό-

304 2187 413 2247 ρενται.
447 2159 526 2242 Ἀρα
549 2156 575 2245 γ’
600 2153 655 2224 οὖν
673 2157 766 2226 αότοῦ
790 2158 977 2244 βεβρωκότος
996 2157 1046 2224 άπ’
1069 2157 1175 2244 άρχῆς,
1205 2163 1233 2226 ελ
1250 2163 1301 2226 καλ
1324 2163 1380 2238 ἕως
1401 2169 1457 2226 τοῦ

303 2269 482 2345 συναντῆσαι
495 2266 536 2350 τῷ
549 2269 657 2346 σωτῆρι
677 2259 786 2343 εἴποιμ’
803 2259 856 2339 δν,
884 2261 1069 2344 δειχθήσεται
1086 2261 1134 2328 ότι
1156 2260 1246 2329 οὐδέν
1265 2262 1369 2328 κοινόν
1383 2260 1455 2348 ῆγῆ

305 2387 376 2432 σατο
391 2373 451 2431 τῶν
464 2361 502 2430 οδ
516 2371 625 2430 κοινῶν
641 2365 814 2448 λεγομένων.
858 2365 920 2427 Καλ
937 2362 992 2449 γάρ
1010 2361 1048 2429 οδ
1065 2363 1142 2429 κατά
1162 2362 1283 2429 πάντων
1303 2363 1457 2450 διεξῆγαγε

304 2466 337 2532 τδ
355 2465 457 2532 κοινόν
475 2469 528 2532 καλ
550 2464 740 2550 άκάθαρτον,
766 2461 838 2530 άλλά
855 2466 924 2549 περὶ
944 2458 987 2530 όν
1006 2468 1101 2550 ἐλεγεν
1124 2463 1142 2532 ό
1163 2469 1257 2548 νόμος
1274 2473 1385 2531 κοινῶν
1405 2469 1456 2530 καλ

305 2567 494 2652 ολκαθάρταν.
540 2566 638 2632 Πάλιν
659 2568 692 2632 δέ
711 2565 820 2632 τούτου
843 2567 1011 2649 δειχθέντος
1032 2567 1080 2632 ότι
1103 2565 1141 2633 οό
1164 2570 1231 2652 περὶ
1252 2567 1376 2632 πάντων
1396 2575 1456 2633 τοῖν

305 2671 401 2750 κρέων
418 2667 499 2756 αότρλ
515 2670 623 2754 ἔλεγεν,
653 2665 695 2744 οἱς
711 2675 820 2734 κοινάν
839 2668 959 2733 πάντων
975 2667 1086 2748 όντων,
1109 2666 1180 2734 άλλιλ
1200 2671 1268 2753 περὶ
1284 2675 1344 2734 τῶν
1360 2671 1393 2735 ἐν
1414 2677 1456 2758 τῷ

303 2769 386 2859 νόμην
400 2777 510 2836 κοινάν
527 2795 558 2834 τε
576 2772 628 2834 ιιαλ
645 2767 825 2850 ἀκαθάρτων
830 2820 839 2849 ,
861 2766 968 2846 όθεδς
982 2777 1036 2853 τῆς
1052 2768 1136 2857 άγίας
1154 2775 1284 2850 Χριστοῦ
1301 2774 1457 2853 ἐκκλησίας

303 2870 357 2936 τόν
365 2879 534 2954 χαρακτῆρα
551 2871 735 2956 παραδιδοδς
749 2873 844 2955 ἔλεγεν
856 2869 935 2960 αὐτῷ
950 2873 1042 2955 μηδὲν
1057 2869 1160 2938 κοινόν
1176 2870 1323 2957 ἡγεῖσθαι.
1349 2875 1456 2938 Πάντα

304 2971 360 3060 γάρ
382 2975 443 3038 ἐστι
460 2970 598 3056 καθαροὶ,
626 2970 697 3054 μεταλ
720 2970 901 3057 εὐχαριστίας
917 2975 968 3039 καλ
991 2971 1124 3059 εὐλογίας
1143 2981 1219 3039 θεοῦ
1236 2975 1454 3056 λαμβανόμενα.

302 3072 388 3140 Ἀλλολ
406 3076 457 3141 καλ
476 3075 544 3158 περὶ
559 3079 612 3157 τῆς
629 3071 758 3154 κλήσεως
772 3080 832 3140 ειδν
847 3077 948 3140 ἐθνῶν
961 3073 995 3141 τό
1011 3079 1133 3162 αἴνιγμα
1148 3073 1235 3158 εἶχεν,
1257 3079 1308 3141 ἵνα
1323 3073 1364 3158 μῆ
1379 3073 1454 3161 ῆγῆ-

304 3197 389 3260 θηται
411 3175 481 3253 τοδς
504 3179 535 3242 ἐν
556 3174 737 3262 ἀκροβυστία
758 3174 879 3252 κοινοδς
894 3175 915 3259 ῆ
932 3174 1132 3262 άκοθόρτονς.
1165 3177 1271 3260 Ὅμως
1288 3174 1308 3260 ῆ
1325 3179 1456 3257 ἔμφασις

302 3285 356 3344 τοῦ
372 3281 491 3364 Πέτρου
514 3276 551 3345 οό
566 3280 634 3363 περὶ
649 3275 816 3363 άνθράπου
834 3275 891 3361 εἶχε
905 3277 961 3361 τῆν
977 3276 1139 3357 όπόνοιαν,
1163 3277 1233 3344 άλλά
1250 3281 1318 3364 περί
1338 3285 1400 3344 τῶν
1422 3283 1457 3345 έν

302 3387 343 3469 τῷ
364 3380 447 3470 νόμῳ
470 3379 729 3466 δπηγορενμένων,
751 3377 793 3455 οδς
813 3381 865 3444 καλ
885 3385 975 3445 παντί
994 3407 1036 3469 τρο
1057 3382 1151 3463 σαφές
1167 3379 1204 3446 δν
1220 3383 1274 3464 είη.
1319 3382 1381 3445 Καὶ
1396 3383 1456 3458 ἐξέ-

303 3504 390 3548 πεσεν
411 3481 509 3550 αάτολν
529 3481 717 3565 πανταχόθεν
736 3479 756 3548 ό
776 3479 911 3566 ληρσόδης
931 3478 1025 3567 λόγος.

161 3908 225 3976 Κεφ.
239 3906 287 3976 κγ’,
389 3897 455 3956 Μν
468 3893 500 3957 δέ
510 3889 682 3961 άποστόλων
695 3889 732 3958 τά
745 3889 877 3976 όνόματα
889 3894 931 3970 είς
944 3891 999 3976 τῆν
1011 3899 1071 3958 τιδν
1085 3890 1279 3975 ἠπατημένων
1293 3887 1344 3955 ὕπ’
1356 3888 1458 3956 αόταλν

301 3990 401 4056 πειθοδ
416 4003 623 4077 προςποιητολς
639 3997 786 4079 δέχονται,
808 3999 929 4077 βίβλους
942 4019 973 4059 τε
989 3997 1019 4072 ἐξ
1033 3992 1179 4078 όνόματος
1195 3991 1294 4059 αότοῑν
1307 3993 1457 4074 πλασάμε-

301 4116 347 4160 νοι
365 4091 582 4178 άνεγράψαντο,
605 4101 700 4179 δῆθεν
715 4093 775 4162 dud
789 4095 951 4180 προςοόιτου
964 4093 1116 4178 Ἰακολβον,
1137 4098 1188 4160 καλ
1204 4100 1380 4173 Ματθαλου,
1403 4097 1457 4158 καλ
1477 4116 1540 4168 3⁴³¹

301 4195 395 4262 άλλων
411 4203 563 4278 μαθητῶν.
607 4196 657 4262 Ἐν
672 4196 718 4274 οἷς
734 4196 861 4280 όνόμασι
875 4201 926 4263 καλ
940 4197 973 4264 τδ
992 4196 1083 4280 ὄνομα
1096 4195 1241 4262 Ἰωάννου
1257 4203 1311 4263 τοῦ
1326 4193 1456 4260 άποστό-

300 4305 354 4362 λου
370 4299 626 4384 ίχναιαλέγοοσιν,
655 4303 706 4363 ἰ’να
721 4299 908 4383 πανταχόθεν
926 4298 1052 4384 φωρατῆ
1068 4301 1187 4385 γένηται
1203 4295 1224 4381 ῆ
1241 4295 1341 4363 αάτιόν
1355 4297 1458 4362 άνοια.

329 4451 356 4532 λ.
374 4451 572 4524 ἐλεγχθήσονται
588 4455 639 4505 αοδ.
649 4456 721 4505 Vatia.
739 4461 761 4505 ιλ
776 4458 831 4507 λοσε
847 4458 883 4507 ιδ.
897 4459 979 4506 Ριλοο.
1003 4452 1187 4524 έλεγχθῆοεται
1202 4457 1253 4505 οοιλ.
1267 4455 1364 4516 λλλτιλλς.
1380 4459 1402 4503 τι
1420 4458 1459 4504 αλ

296 4535 373 4586 ρεινα.
