3096 4988
362 319 498 370 ununun
516 317 578 370 urs.
593 319 612 372 1.
629 319 711 372 nou.
722 321 753 372 u.
771 319 970 375 unuumxx.
1181 311 1241 373 265

89 441 251 519 insuperis
268 440 461 500 domuerint:
484 451 515 500 et
534 444 668 502 rirtromtr'e
687 461 716 502 ur
734 461 806 502 sese.
853 445 895 502 Bt
912 463 968 503 oon
983 445 1093 506 redditu
1111 447 1146 505 de
1166 445 1243 504 coelo

87 546 203 613 am,
231 543 273 601 lh
290 562 322 600 es
329 543 417 620 fih'us
430 561 508 602 meus
521 543 658 615 diductus,
682 547 712 604 rir
730 553 757 602 te
773 545 845 604 mihi
860 545 1025 623 eompluour'.
1071 549 1113 606 tm
1127 550 1240 619 iterum,

86 647 152 722 Ego
170 644 254 702 hodie
265 647 358 721 genui
371 653 408 703 te.
454 645 611 724 Statimque
631 665 663 704 eo
685 649 716 705 r'n
739 647 800 704 ineo
822 648 875 704 tum
895 647 996 724 ringens
1011 647 1134 729 offulsit.
1182 649 1243 724 (trra

87 755 238 824 consperto
253 747 373 805 lwnnes
387 747 431 804 eir
446 763 507 804 eum
524 747 699 825 alloquitur.-
733 749 775 806 lh
792 750 855 825 quir
876 767 922 818 ee,
948 748 1080 808 domine?
1108 751 1244 808 Rursusn-

86 867 142 928 qse
157 849 240 925 lupen
256 865 312 906 vom
326 847 363 906 de
376 847 471 919 coelo,
495 849 550 906 Hie
566 849 702 927 estfih‘us
716 869 794 908 meus
807 851 943 922 dilectus,
968 853 997 909 in
1013 871 1067 929 quo
1086 851 1157 910 me'hi
1168 869 1243 908 eom·

84 951 197 1029 ptem:
243 950 295 1009 At
308 949 378 1008 duee
393 951 513 1008 quenes
527 950 566 1008 ud
581 953 642 1009 eius
653 951 739 1028 pedes
751 953 897 1023 normano,
923 953 1042 1028 (turem,
1067 953 1169 1031 rirqur‘t,
1194 952 1244 1010 do·

87 1055 178 1124 moine,
207 1061 238 1110 tu
253 1067 296 1110 me
312 1052 372 1128 e'qree
387 1049 511 1128 baptism
558 1054 604 1110 At
620 1052 670 1112 ille
684 1053 853 1130 pmtttetm
868 1073 929 1114 eorm
946 1055 1059 1126 dorem,
1085 1055 1172 1126 Seireq
1203 1048 1244 1112 ite

85 1159 159 1214 eninr
182 1153 265 1212 deret
283 1171 334 1211 nos
355 1153 470 1230 implere
490 1155 593 1212 omnm.

173 1352 253 1418 Vide
281 1351 428 1437 quamsit
453 1371 555 1416 eorum
583 1354 773 1440 undequaque
795 1356 951 1442 depravata
975 1357 1125 1434 doetrioa,
1158 1365 1397 1440 quantoqxw.

84 1454 296 1532 claudicantis,
320 1453 500 1538 distortaqne
516 1455 576 1518 sint
593 1457 703 1534 omnia,
727 1479 782 1520 nen
801 1459 874 1521 renti
892 1459 1044 1543 quiequam
1062 1459 1243 1524 onntinonnt.

87 1557 254 1626 Corinthus
271 1555 348 1620 enim
366 1566 396 1618 et
413 1552 610 1641 Carpocrates
631 1559 734 1622 eodem
752 1555 913 1637 Matthaei,
938 1573 968 1624 ot
988 1561 1103 1646 quidem
1126 1561 1239 1637 volunt,

87 1659 249 1744 evangelio
268 1659 351 1736 heti,
378 1677 418 1720 ex
433 1656 498 1722 eius
516 1657 600 1722 initio
616 1655 785 1743 Christique
809 1663 979 1748 geneslogin
999 1661 1124 1748 probare
1146 1664 1243 1724 nitun-

86 1775 137 1828 tur
151 1757 306 1826 Christum
323 1781 340 1824 e
355 1756 472 1845 loseqhi
486 1770 516 1823 et
530 1757 647 1824 Morino
663 1763 775 1825 semine
793 1781 861 1825 essa
879 1777 1074 1848 procreatum.
1115 1760 1158 1827 llli
1174 1783 1245 1825 non-

87 1877 136 1928 tra
151 1863 231 1926 aliud
247 1862 368 1926 omuino
383 1871 526 1926 statuunt.
570 1859 648 1926 Nam
666 1865 744 1927 omni
760 1863 808 1926 illa
826 1865 998 1948 genealogia
1016 1876 1162 1951 amputata
1179 1865 1245 1928 inde

88 1967 170 2029 unde
183 1963 315 2028 diximus
331 1963 444 2026 initium
464 1964 627 2028 dedueuntn
666 1971 783 2028 Furtum
800 1979 845 2028 est
865 1972 895 2028 tn
914 1969 1011 2030 dr'eim
1026 1973 1147 2030 llerodr's
1167 1971 1246 2047 regis

86 2073 230 2140 iuduere,
254 2067 308 2127 eud
320 2069 450 2146 pmirer'qre
467 2071 644 2128 sacerrimum
660 2071 783 2149 Caeliis,
817 2081 852 2130 ut
868 2073 976 2132 muniet
996 2072 1107 2151 quidum
1125 2055 1250 2130 toennes'

88 2174 202 2231 melre
220 2169 370 2248 dspte'snns
388 2168 522 2247 baptismo
531 2173 721 2250 pometenu‘oe
734 2175 764 2233 in
780 2175 901 2233 Iordane
909 2175 1014 2256 fluum,
1039 2181 1098 2234 eto.
1143 2167 1245 2252 Quon-

88 2269 246 2354 deqnidem
265 2265 363 2332 lesum
382 2277 415 2330 ul
428 2267 556 2335 diximus
572 2291 683 2334 merum
700 2270 845 2336 hominem
861 2273 999 2336 extitisse
1016 2282 1128 2358 putant,
1150 2272 1179 2334 in
1194 2291 1245 2333 oo-

87 2393 146 2458 qne
164 2369 314 2434 resedisse
333 2365 504 2448 Christum,
529 2371 577 2454 qni
595 2373 747 2436 eolumbne
765 2375 864 2458 speeie
882 2375 921 2437 sit
937 2373 1074 2459 illapsus,
1106 2394 1171 2437 oum
1194 2394 1245 2436 eo·

87 2493 146 2558 qne
161 2471 352 2552 oonionotusq
385 2471 412 2536 id
430 2472 506 2556 qnod
523 2473 588 2538 aliis
611 2474 732 2559 iusuper
753 2475 924 2540 haeresibus
949 2475 1094 2560 placuisse
1115 2474 1243 2559 reperio.

86 2573 136 2639 lte
151 2571 252 2638 lesem
271 2573 365 2658 ipsum
391 2593 458 2637 esse
479 2569 629 2640 Christum
654 2597 694 2638 ex
714 2577 866 2662 utriusque
887 2579 1019 2663 parentis
1042 2577 1155 2641 semina
1177 2595 1243 2662 pro·

87 2687 224 2761 gnatum.
270 2673 399 2739 Rursum
428 2695 500 2738 nero
525 2697 584 2739 non
607 2676 751 2741 homiuem
774 2699 841 2742 esso
863 2676 1013 2745 Christum
1036 2699 1076 2742 ex
1102 2679 1157 2742 hou
1179 2678 1243 2743 eius

88 2799 238 2864 responso
259 2776 416 2859 eolligunt,
441 2777 533 2862 qnod,
558 2798 622 2843 num
639 2781 835 2844 renuntiotnm
854 2791 953 2844 esset:
987 2783 1063 2844 llere
1084 2793 1174 2842 mater
1195 2793 1244 2844 tuo
1263 2785 1349 2884 Mag·

88 2893 121 2942 et
131 2883 249 2962 fratres
270 2881 315 2938 tui
320 2881 401 2959 soris
416 2889 509 2953 stunt,
541 2881 616 2945 huno
634 2882 663 2944 in
688 2883 803 2945 modurn
825 2882 966 2947 reddiditr
1001 2887 1079 2963 Quae
1096 2895 1140 2945 eet
1156 2896 1245 2949 muter
1270 2841 1304 2897 η’
1342 2869 1349 2884 ’

89 3004 169 3055 nee,
193 2993 224 3042 et
228 2982 344 3062 frames
358 2985 436 3042 neit
455 2993 485 3043 et
499 2987 651 3046 emtendene
667 3005 777 3046 monum
796 2991 826 3048 in
841 2989 994 3066 dicipulos
1006 2989 1098 3060 divit,
1122 2989 1165 3048 112·
1177 2997 1246 3048 sust

87 3089 202 3166 firtones
221 3087 280 3144 mei
290 3093 319 3144 et
340 3094 431 3146 mter
453 3105 530 3158 rm,
560 3087 741 3168 quisoeiumt
755 3091 923 3149 voluntatem
940 3093 1035 3169 putris
1055 3093 1119 3150 mei.
1166 3084 1244 3150 Hine

88 3185 142 3250 ille
160 3185 327 3268 praestigiis
342 3184 503 3250 instructus
520 3182 618 3249 Ebion
635 3187 735 3252 ramos
752 3210 786 3251 se
803 3188 832 3252 in
848 3189 946 3252 larrns
964 3199 1050 3272 atquo
1065 3188 1176 3271 effigies
1193 3188 1244 3250 de·

90 3290 217 3363 formet,
241 3298 275 3350 ut
289 3307 335 3352 οι
346 3287 384 3352 iis
399 3307 475 3371 quoe
495 3285 579 3352 initio
595 3287 671 3352 diota
688 3301 757 3353 suot
773 3299 881 3354 tetrum
899 3299 929 3354 et
945 3289 1083 3354 horribile
1102 3287 1244 3372 quoddam

91 3409 162 3454 esse
185 3397 348 3454 monstrum
370 3397 521 3475 appareo.

179 3589 259 3658 Sunt
275 3604 306 3657 et
324 3593 372 3657 elii
394 3593 461 3660 libri
483 3595 587 3679 quibos
611 3607 747 3675 utuntur,
776 3597 859 3661 velut
872 3593 956 3662 Petri
971 3593 1121 3660 Circuitus
1137 3615 1153 3657 n
1174 3591 1243 3660 Cle·
1262 3604 1323 3674 cap.
1338 3603 1397 3657 xv.

91 3707 194 3759 mente
212 3694 390 3782 conseripti.
421 3719 478 3781 quo
502 3697 532 3762 in
556 3698 630 3763 libro
650 3701 750 3784 paneis
772 3701 853 3764 reris
873 3698 983 3764 relictis
1011 3707 1112 3762 uetera
1139 3717 1247 3784 suppo·

92 3807 236 3876 suerunl3
260 3799 499 3882 quemadmodum
517 3797 656 3866 Clemens
674 3802 735 3887 ipse
752 3802 886 3865 omnihus
907 3801 973 3864 illos
988 3799 1082 3864 modis
1097 3799 1246 3884 redarguit

92 3899 131 3962 iis
147 3899 281 3984 eqistolis
298 3901 488 3966 oiroularilros
505 3923 580 3986 qnae
599 3902 635 3966 ob
652 3923 688 3965 ao
705 3903 833 3988 scriptae
851 3903 880 3966 in
898 3901 1096 3968 soorosunolis
1113 3903 1246 3966 eeclesiis

92 4001 245 4083 leguntur.
291 3999 341 4064 Ex
358 4001 462 4086 quihus
482 4014 597 4067 eoostnt
617 4005 703 4089 longe
727 4004 763 4067 ab
787 4005 824 4068 iis
848 4025 922 4090 quoe
939 4006 968 4068 in
988 4001 1167 4070 Cirouitihns
1189 4005 1246 4067 illis

93 4102 150 4166 suls
162 4102 229 4166 eius
250 4102 368 4166 tremine
385 4103 548 4168 adulterina
565 4116 671 4170 extnnt
690 4106 769 4170 illins
788 4107 870 4170 fidem
895 4127 931 4170 eo
951 4129 1118 4171 sermonem
1141 4105 1246 4169 ahhor·
1371 4129 1378 4137 ·

91 4204 205 4268 ruisse.
251 4202 369 4268 Etenim
386 4205 584 4289 virginitatem
605 4204 745 4272 Clemens
762 4207 893 4290 edoonit;
918 4209 966 4273 isti
983 4209 1147 4295 repudinnt.
1193 4203 1246 4268 llle

91 4303 189 4369 Elison
204 4303 344 4369 Davidem
358 4304 590 4392 etSampsonem
603 4330 763 4394 omnesque
778 4310 935 4395 prophetes
948 4311 1142 4386 commundat,
1158 4305 1247 4370 Ebio-

145 4526 209 4576 rs».
224 4527 282 4578 xv.
300 4555 334 4569 -
363 4529 384 4582 r.
405 4531 441 4592 q.
455 4533 531 4582 mnne
546 4531 655 4596 sonum
672 4533 688 4581 r.
705 4529 830 4596 maim
