3078 5012
304 277 365 342 588
728 287 1038 342 οιααεισειετιιαιι

304 409 354 472 καί
371 410 404 474 έν
418 428 475 474 τισι
490 409 598 486 λέξεσιν
615 405 796 490 έπιποιήτοις
809 405 986 493 προςθήιην
1002 408 1141 488 έχουσαν,
1174 402 1229 472 οῦιι
1245 408 1288 482 τίς
1307 402 1457 486 ιῖφέλεαιν,
1518 466 1519 477 3

304 507 375 574 όλλό
397 513 439 587 είς
459 511 586 594 ἥσσονας
607 512 658 575 καί
680 511 847 592 έπιβλαβεῖς
865 513 1025 587 ξενολεξίας
1045 506 1120 573 κατιῖ
1138 515 1191 592 τῆς
1207 506 1312 593 όγιοῦς
1326 512 1456 582 πίστεως,

305 614 337 680 έκ
359 619 412 678 τοῦ
435 610 527 678 αότοῦ
549 613 820 698 ίμβεβροντημένου
841 618 897 678 νοῦ
918 608 1112 694 βοσκήματος.

183 744 234 788 ηις.
248 731 293 778 m.
396 722 495 781 Ταῦτα
517 715 550 780 δὲ
574 712 646 798 ήμῖν
667 712 831 797 πεπόνηται
853 717 904 780 καί
925 710 1246 800 πεπολυπραγμόνηται
1267 715 1302 778 έιι
1323 719 1377 796 τῆς
1396 709 1456 795 παρ’

307 815 433 907 έῖαῦτχῦ
455 820 684 904 προλελεγμένης
703 823 823 902 γραφῆς
846 815 1013 883 ἀποστόλου
1037 841 1067 882 τε
1090 817 1141 880 καί
1165 822 1219 880 τοῦ
1241 813 1316 880 κατιῖ
1339 821 1457 882 Λουιιῖν
1519 851 1520 866 2

304 917 478 1006 εόαγγελίου.
518 921 683 984 46Είδέναι
695 921 787 1002 ἔχοιεν
799 917 907 995 πάντες
921 922 952 984 σί
962 916 1138 1004 πειριόμονοι
1151 916 1309 1003 ῦντιλέγειν
1321 925 1359 1006 τῇ
1370 913 1456 982 αότοῦ
1519 921 1520 1008 3

303 1023 399 1112 πλιίνη
422 1023 466 1088 ὅτι
488 1020 524 1086 τό
542 1023 595 1104 μέν
611 1022 835 1108 παρηλλαγμένα
851 1021 969 1106 βήματα
984 1017 1059 1086 κατὰ
1075 1023 1268 1108 ῥᾳδιουργίαν
1285 1022 1454 1094 έντέταιιται,

303 1125 359 1191 ὅσα
376 1126 408 1190 δὲ
424 1122 479 1190 οῦκ
496 1125 653 1209 ἐμφέρεται
670 1126 700 1189 έν
715 1132 778 1200 τοῖς
794 1127 916 1200 οίκείοις
932 1122 1053 1202 τόποις,
1075 1125 1241 1204 συληθέντα
1257 1119 1385 1206 ῦπῦρχει
1401 1119 1454 1186 ixi

303 1235 357 1310 τῆς
371 1225 464 1294 αὐτοῦ
481 1225 598 1310 τόλμης.
646 1233 745 1290 Ταῦτα
766 1223 821 1312 γόρ
840 1225 936 1292 ἐδόκει
959 1222 1145 1308 όιιτηνοέδης
1160 1224 1237 1308 μόνα
1252 1226 1372 1290 ἐναντία
1388 1221 1455 1290 είναι

307 1331 404 1395 Ηιιοιί
428 1327 584 1414 όντιλέγειν
604 1335 640 1419 τῇ
663 1325 756 1394 αῦτοῦ
780 1326 947 1417 έπιπλόστφ
969 1330 1094 1416 έπινοίφ.

378 1430 464 1497 Ἔστι
491 1431 524 1498 δέ
546 1435 645 1516 τρίτον
667 1428 752 1515 ήμῦν
777 1438 830 1513 τῆς
854 1435 1027 1512 φιλοκαλίας
1055 1430 1089 1498 τό
1112 1438 1288 1516 συναγαγεῖν
1316 1428 1372 1494 ὅσα
1393 1426 1454 1513 παρ’

305 1531 384 1624 αῦιχῦ
397 1559 427 1598 τε
442 1535 492 1599 καί
506 1531 575 1620 παρ’
590 1530 661 1617 ήμῖν
673 1531 800 1618 ηὕρηται
811 1531 978 1620 συνᾴδοντα
991 1535 1042 1598 κοί
1058 1535 1159 1616 έχοντα
1173 1534 1304 1615 ἔμφασιν
1318 1529 1454 1616 ένσόριιον

305 1641 469 1722 παρουσίας
496 1643 549 1720 τῆς
568 1642 622 1702 τοῦ
644 1643 791 1722 σωτῆρος,
823 1637 875 1701 καί
897 1639 1061 1721 μαρτυρίας
1084 1638 1260 1717 συμφωνίας
1282 1641 1338 1717 τῆς
1359 1639 1456 1713 ταινῖγς
1519 1669 1520 1704 3

305 1737 381 1825 πρός
395 1737 523 1804 παλαιόν
536 1737 702 1822 διαθήκην,
725 1740 776 1804 καί
791 1735 947 1822 όμαλογίας
960 1745 1015 1803 τοῦ
1029 1740 1100 1804 υίοῦ
1115 1744 1168 1803 τοῦ
1182 1744 1260 1802 θεοῦ
1275 1738 1308 1801 έν
1320 1743 1362 1825 τῷ
1377 1734 1454 1820 εῦαγ·
1517 1771 1520 1810 3

304 1846 387 1930 γελῖφ
404 1838 619 1927 ὁμολογοῦντος
634 1839 686 1906 τόν
701 1839 775 1906 θεόν
792 1839 919 1924 ποιητήν
936 1839 1068 1926 οῦρανοῦ
1083 1866 1113 1904 τε
1131 1841 1181 1904 καὶ
1200 1846 1252 1922 τῆς
1270 1847 1341 1924 γῆς,
1370 1837 1455 1904 mizi·
1519 1877 1520 1912 3

304 1969 335 2008 τε
349 1942 513 2028 λαλήσαντα
529 1947 561 2010 έν
577 1943 661 2032 νόμῳ
677 1945 727 2008 καί
744 1945 775 2009 έν
792 1943 976 2029 προφήταις,
998 1947 1076 2008 ίδιον
1092 1943 1123 2008 δέ
1139 1947 1245 2008 τοῦτον
1259 1939 1338 2006 εἶναι
1352 1943 1455 2024 πατέρα
1517 1983 1520 2020 3

304 2043 406 2112 αὐτοῦ.
452 2047 512 2112 Καί
534 2045 609 2129 αῦτη
631 2046 683 2130 μὲν
703 2053 757 2130 τῆς
778 2047 993 2132 προειρημένης
1013 2042 1100 2127 ῦμαῖν
1115 2041 1291 2120 ὑποθέσεως
1311 2042 1334 2127 ή
1351 2051 1454 2126 σχοῖνο-
1519 2085 1520 2122 3

282 2229 287 2238 .
305 2157 465 2231 ποιηθεῖσα
480 2148 625 2231 σόντομος
638 2145 869 2232 όπομνηματική
882 2151 911 2227 έξ
925 2146 1115 2234 ιίντιγρόφοιν
1128 2153 1182 2212 τοῦ
1197 2153 1381 2230 Μαρκίωνος
1393 2144 1454 2210 σῦν-
1503 2114 1510 2213 ί
1517 2189 1520 2229 3

303 2255 384 2329 ταξις
402 2249 478 2338 πρός
495 2254 568 2328 έπος
586 2249 627 2328 σός
643 2249 767 2331 έδιίφιον
786 2249 856 2334 ἡμῖν
873 2252 1064 2338 γεγραμμένη.
1099 2251 1164 2316 Ἵνα
1180 2251 1212 2315 δὲ
1227 2248 1268 2333 μή
1284 2248 1321 2315 zi
1336 2252 1369 2315 ίν
1384 2245 1453 2334 αῦτη
1502 2240 1520 2332 ²3

303 2354 451 2438 δυςνόητα
474 2353 554 2440 παριῖ
582 2376 639 2420 τισι
662 2361 819 2429 σκοτεινοῖς
840 2352 1025 2438 ιίγνοοόμενα
1046 2354 1225 2438 ἐμφέρηται,
1256 2345 1350 2428 αῦθις
1372 2349 1454 2416 πόλιν
1503 2348 1520 2440 33

303 2455 374 2533 τοῦς
390 2456 541 2542 οῖριθμοῦς
559 2463 617 2522 τοῖν
634 2459 817 2542 ἐπιγραφῶν,
840 2455 961 2540 κρότου
977 2457 1055 2538 φημί
1069 2457 1122 2520 καί
1137 2456 1277 2541 δευτέρου
1293 2457 1343 2520 καί
1361 2458 1454 2539 τρίτου
1501 2458 1520 2544 '¹3

303 2565 481 2640 κεφαλαίου,
501 2557 573 2625 καθ’
590 2556 692 2644 είρμόν
710 2557 853 2638 έπιλόσυ,
877 2556 915 2624 δι’
930 2557 969 2641 ἣν
986 2561 1082 2624 αἰτίαν
1097 2555 1203 2640 ἑκάστη
1219 2559 1295 2635 λέξις
1308 2557 1453 2640 όνελέηθη,
1519 2609 1520 2650 3

303 2665 354 2728 καί
376 2665 507 2728 ἐνταῦθα
528 2661 702 2746 μετεβλήθη.
737 2660 881 2748 ’Ἁρξομαι
904 2661 935 2727 δέ
957 2668 1010 2727 τοῦ
1032 2663 1124 2747 λέγειν
1145 2659 1250 2736 οῦτιτς.

361 3073 525 3128 ΣΧΟΔΙΟΝ
551 3074 625 3128 ΑΠΟ
655 3073 726 3129 ΤΟΥ
749 3073 980 3212 ΕΥΑΓΓΕῖὲΟΥ
1005 3073 1077 3130 ΤΟΥ
1100 3072 1173 3126 ΠΛΡ
1200 3071 1312 3126 mm
1336 3069 1401 3152 ΤΩΙ

785 3159 898 3214 ΜΑΡΚΙ
927 3160 975 3212 NI.

388 3277 423 3342 α’.
454 3274 608 3344 Ἀπελθιόν
624 3282 720 3355 δεῖξον
737 3275 861 3343 σεαυτόν
883 3285 924 3364 τῷ
943 3280 1029 3360 ίερεῖ,
1060 3277 1110 3342 καί
1127 3277 1301 3361 προςένεγαε
1320 3276 1454 3360 περὶτοῦ

304 3388 494 3467 καθαρισμοῦ
512 3402 581 3462 σου,
613 3380 717 3456 καθοῖς
732 3382 889 3466 προσέταξε
905 3386 1059 3461 Μωιῖσής,
1088 3381 1138 3444 ῖνα
1155 3370 1176 3467 ᾗ
1193 3375 1358 3464 μαρτόριον
1373 3380 1452 3442 τοῦτο

305 3511 385 3567 υμιν.

379 3585 516 3673 Ἔλεγχος
532 3585 567 3651 α’.
603 3591 677 3662 Παῖς
692 3582 821 3667 ήδῦνατο
842 3581 861 3650 δ
878 3581 1013 3670 κόριοςό
1035 3581 1111 3650 κατῦ
1131 3589 1185 3648 τοῦ
1200 3580 1297 3665 νόμον
1316 3582 1367 3648 καί
1386 3575 1453 3646 ιιατιῖ
1504 3669 1517 3676 ,-

305 3695 358 3755 τοῦ
373 3696 449 3755 θεοῦ
465 3696 518 3755 τοῦ
533 3687 628 3771 νόμου
647 3691 720 3770 έχων
736 3687 791 3770 τήν
808 3685 901 3754 αῦτοῦ
916 3689 1120 3766 διδασκαλίαν,
1150 3683 1193 3762 αῖς
1210 3683 1248 3750 σῦ
1264 3682 1342 3774 φής,
1368 3686 1453 3768 λέγειν
1515 3691 1518 3697 ’

305 3799 367 3868 τοῖς
381 3789 433 3856 ὑπ’
451 3791 547 3857 ιιῦτοῦ
560 3792 826 3877 θεραπευομένοις,
857 3792 934 3873 φημί
952 3791 985 3855 δὲ
1001 3797 1042 3878 τῷ
1060 3795 1173 3878 λεπρρῖ,
1201 3785 1355 3854 Ἀπτλθιίν
1368 3789 1453 3863 δεῖξον
1508 3776 1520 3818 “³

304 3895 428 3961 σεαυτόν
444 3900 485 3982 τῷ
503 3896 588 3978 ἱερεῖς
620 3890 703 3978 Ἱερεῖ
719 3891 773 3978 γῦρ
790 3894 883 3977 λέγων
901 3889 957 3960 σόν
975 3889 1078 3958 όθετεῖ
1093 3890 1147 3974 τήν
1163 3898 1218 3957 τοῦ
1234 3889 1331 3972 νόμον
1349 3885 1452 3972 ίεροσό-
1506 3900 1508 3907 ’

304 4025 367 4080 νην.
413 3999 473 4061 Καί
491 3998 665 4082 προςένεγιιε
686 3995 754 4081 περί
774 4003 829 4060 τοῦ
845 4001 1036 4080 καθαρισμοῦ
1054 4016 1116 4060 σου.
1163 3992 1230 4058 Κῦν
1249 4019 1280 4058 τε
1299 3991 1453 4080 ῦπαιιόυης
1504 3989 1507 3998 ’

186 4123 236 4168 εει·
249 4114 294 4158 m
309 4101 341 4167 τό
358 4109 482 4187 Δῶρον,
505 4097 667 4182 φανήσεται
682 4102 715 4165 ίκ
728 4105 783 4166 τοῦ
801 4101 985 4183 Προςένεγνε
1000 4097 1046 4163 ὅτι
1061 4099 1129 4183 περὶ
1142 4094 1242 4181 δόρου
1255 4098 1340 4182 λέγει.
1384 4093 1453 4176 Περὶ

338 4253 378 4310 45.
396 4253 467 4328 αδτρῖ
485 4259 553 4308 codd.
575 4259 645 4306 λὀλῖι.
661 4258 758 4320 θλιδῖρ.
788 4249 865 4308 αῦτοῦ
901 4253 987 4324 ἔχοιεν.
1023 4257 1068 4306 Nec
1083 4255 1235 4317 improbabile
1252 4255 1312 4314 λαις
1336 4253 1403 4303 ιιιοδο
1420 4263 1452 4298 re·

304 4329 357 4375 iibri
373 4329 436 4380 ισῖιι.
899 4327 1031 4387 scripserim
1054 4321 1146 4377 εἰδέναι
1165 4321 1207 4374 θνα
1228 4319 1308 4390 ίχοιτν
1330 4335 1400 4384 quom
1418 4317 1453 4368 ῖνσ
1501 4326 1520 4371 ἕ.

339 4391 379 4443 46.
396 4397 440 4445 iiic
452 4397 560 4446 voculam
574 4395 679 4458 aliquam
692 4395 804 4444 excidisse
817 4396 867 4444 ιὐτι
901 4392 993 4446 εἰδέναι
1006 4390 1021 4444 ί
1036 4407 1091 4444 οιεν.
1117 4391 1231 4453 Equidem
1244 4403 1388 4452 ηυσοιηναιιι
1400 4387 1453 4436 ασί-
1505 4418 1515 4454 ³.

306 4464 383 4522 iiiique
399 4464 450 4512 λιοτι
464 4465 586 4525 suspicari.
621 4463 731 4512 Ριιαυῖιιι
743 4467 810 4523 φαῖσι
824 4459 867 4513 ῖια
899 4464 945 4511 λιιι
960 4410 1065 4514 Είδέναι
1081 4453 1104 4512 δ’
1122 4457 1216 4527 ἔχοιεν,
1233 4459 1269 4508 υεί
1286 4453 1355 4509 Εἶτα
1372 4453 1452 4532 εἰδέναι

304 4530 500 4591 coniunctionem,
516 4543 618 4592 ηναιιιοι
631 4533 737 4580 struatur
749 4533 867 4591 optativus
901 4526 986 4596 ἔχοιεν,
1004 4530 1067 4591 quod
1082 4529 1220 4578 Οοτιιοτῖιαιι
1234 4528 1374 4577 τοιιλεοίοιτι
1386 4533 1451 4574 οιτον
