3078 5012
380 255 782 310 ransnttura.nromrtr.
801 253 969 308 nannum.
1187 243 1249 308 543

97 375 338 454 coemebantur,
372 397 406 444 aa
428 397 486 440 non
510 375 577 440 ideo
599 376 675 461 quod
698 375 812 442 Abalus
835 377 891 440 deo
913 386 994 440 esset
1015 375 1179 462 acceptior,
1210 376 1251 439 uti

97 499 167 547 sese
189 500 239 544 res
262 479 366 560 habet,
399 480 451 543 sed
474 501 551 544 trove
571 478 695 563 quodam
715 478 867 544 mendesio
884 479 1039 542 veritatem
1056 478 1250 544 dissimulant.

97 580 212 646 Ambos
227 582 304 646 enim
318 583 399 646 aiunt
415 581 526 648 sororis
542 601 642 646 amors
658 581 810 664 flagrasse.
857 579 927 646 ldeo
941 577 1064 648 Cainum
1079 579 1110 644 in
1124 581 1250 644 Abelnm

96 683 276 748 eoneitatum
294 685 388 770 ipsum
406 683 603 750 interemisse.
648 681 726 748 Nam
746 695 899 768 utrumque
916 683 1023 748 diaboli
1042 705 1058 746 ε
1077 683 1168 768 stirpe
1186 705 1251 768 pro-

97 798 231 850 ereatum
253 797 285 851 nt
306 788 451 866 diximus,
482 788 636 852 affirmant.
681 785 748 850 Nee
770 788 876 852 desunt
897 785 954 850 illis
974 785 1140 850 testimonia
1159 785 1251 850 saeris

95 909 114 954 ε
129 888 224 952 literis
239 891 420 975 deprompta,
440 889 543 974 quibus
558 892 593 952 ad
610 889 773 954 illudendos
788 887 922 954 homines
935 889 1103 952 abutuntur.
1145 884 1252 952 Catius-

95 991 173 1056 modi
197 992 273 1057 istud
296 1003 343 1056 est
362 993 391 1056 in
416 991 472 1057 alia
496 1014 512 1054 a
536 1013 582 1056 me
601 991 716 1058 haeresi
736 1002 1010 1071 commemoratam,
1042 991 1117 1076 quod
1138 987 1251 1054 ludaeis

95 1094 230 1160 salvater
248 1094 339 1158 dixit:
365 1101 420 1158 Vos
437 1119 474 1158 ee
487 1099 596 1157 Salona
612 1099 697 1158 estas.-
721 1104 767 1172 et,
793 1097 909 1173 Quaado
925 1098 1051 1176 loquitur
1065 1097 1246 1168 mendarahm,
1259 1107 1402 1166 lernaeae

94 1219 135 1260 aa
146 1202 273 1278 prapaes
290 1201 431 1280 laqueetur,
462 1203 592 1279 quoniam
610 1209 640 1260 et
650 1210 734 1280 pater
750 1202 810 1260 eries
825 1201 946 1260 mendae
961 1208 1013 1260 est.
1060 1194 1099 1262 Ut
1114 1195 1249 1260 nimirem

95 1300 242 1364 diabolum
265 1319 332 1366 esse
353 1297 479 1386 Cajnum
500 1301 643 1379 effieiaot,
674 1321 714 1364 ex
737 1319 773 1364 eo
795 1301 870 1383 quod
892 1299 1018 1378 dixerit,
1048 1303 1193 1362 Homicida
1210 1311 1252 1360 ast

93 1403 133 1464 ab
150 1407 247 1478 rhr'tia,
282 1413 368 1486 atque
387 1414 498 1488 patrem
518 1401 582 1468 eius
601 1423 668 1468 esse
687 1402 832 1466 diabolum
851 1402 1024 1480 ostendant,
1058 1401 1162 1464 diaboli
1180 1421 1250 1466 vero

93 1515 208 1588 patrem
225 1507 393 1570 mendaeem
410 1506 490 1572 illum
508 1505 683 1591 prinoipem,
707 1525 793 1588 qoem
807 1505 836 1570 in
851 1515 937 1590 ceput
949 1525 1033 1568 suum
1050 1503 1251 1588 blaspheman-

94 1619 143 1672 tes
159 1609 251 1693 ipsum
268 1628 335 1672 esse
354 1605 484 1674 Sabaoth
500 1607 680 1672 stolidissimi
697 1607 829 1671 homines
846 1617 964 1693 putant,
989 1608 1063 1691 qood
1081 1627 1187 1670 nomen
1204 1607 1249 1670 dei

94 1710 246 1776 euiusdam
264 1711 411 1796 proprium
429 1731 496 1776 esse
513 1711 628 1776 voluat.
672 1708 720 1774 Da
738 1732 795 1796 qna
810 1731 843 1774 re
858 1711 888 1774 in
906 1709 1105 1795 superioribus
1118 1710 1249 1777 haeresi-

94 1812 153 1878 bus
167 1813 280 1878 ebunde
295 1813 525 1898 disputavimus3
550 1813 597 1877 ubi
612 1823 641 1875 et
657 1809 786 1878 Sabaoth
802 1813 981 1896 aliorumque
997 1812 1145 1878 nominum
1160 1812 1250 1878 inter·

94 1915 291 1998 pretationem
309 1915 476 1995 attulimus,
501 1916 582 1979 velut
599 1919 652 1978 Idh'
669 1926 698 1978 et
715 1919 796 1991 Elor,
830 1919 938 1990 lsrael,
969 1919 1110 1990 Sadadar',
1141 1918 1248 1990 athara,

92 2019 237 2092 llabdonr',
262 2021 312 2092 la,
336 2023 466 2092 Adonai,
490 2020 567 2080 laha.
615 2015 697 2101 Quas
717 2019 832 2102 quidem
851 2038 941 2082 voees
965 2016 990 2082 si
1010 2027 1090 2082 reete
1106 2017 1251 2102 interpre-

91 2129 211 2198 temur,
242 2120 339 2184 varias
358 2123 392 2186 ad
413 2121 633 2205 praedicandam
653 2119 697 2183 dei
715 2120 839 2204 gloriam
858 2119 1065 2205 appellationes
1083 2140 1168 2198 esse,
1192 2141 1250 2183 nou

92 2221 154 2306 ipsi
171 2223 313 2286 divinitati
333 2223 542 2307 signideandae
557 2222 692 2308 imposita
711 2222 828 2288 uomina
845 2222 1008 2286 docuimus.
1054 2223 1100 2285 Ae
1117 2242 1171 2286 nos
1188 2223 1251 2285 illas

89 2323 204 2388 iterum
230 2323 285 2388 hoe
307 2325 372 2388 loeo
397 2337 576 2411 repetemus.
622 2323 678 2388 Est
700 2324 788 2409 igitur
809 2329 904 2388 Israel
922 2323 1020 2403 Deus,
1054 2327 1147 2386 Elor'm
1170 2321 1251 2388 Dens

91 2445 233 2510 semper,
261 2431 313 2490 un·
333 2425 415 2492 Deus
436 2448 535 2506 meus,
566 2431 676 2492 Saddar·
694 2421 866 2506 sullieiens,
885 2429 1013 2490 llahloar'
1028 2423 1191 2506 Dominus,
1218 2431 1250 2488 la

90 2525 260 2610 Dominus,
283 2533 401 2592 Adonai
417 2528 476 2614 Qui
493 2541 540 2594 est
557 2530 708 2607 dominns,
733 2531 799 2592 labe
820 2527 878 2613 Qui
895 2540 960 2594 eret
978 2540 1008 2592 et
1025 2539 1071 2594 est
1088 2538 1118 2592 et
1135 2548 1252 2613 semper

90 2631 217 2709 existit,
241 2633 481 2715 quemadmodum
496 2629 597 2718 Moysi
613 2633 674 2718 ipse
690 2632 837 2696 deelarate
862 2635 919 2710 (lai
930 2644 973 2696 ert
988 2637 1067 2694 mahat
1079 2653 1121 2694 me
1133 2635 1173 2694 ad
1187 2653 1245 2706 aas,
1262 2650 1358 2707 umas,
1371 2653 1402 2695 rs.

90 2736 173 2797 debes
187 2737 226 2794 ad
236 2737 319 2809 allam
341 2737 438 2798 Ellrhn
454 2733 637 2802 Altissimum
652 2745 750 2814 sonat,
769 2736 894 2797 Sabaoth
907 2733 1112 2800 Exereituum.
1151 2732 1251 2816 Quare

89 2840 232 2897 Dammas
250 2838 374 2898 Sabaoth
397 2837 472 2900 idem
496 2848 542 2902 est
560 2857 594 2900 ae
611 2835 755 2900 Dominus
772 2837 967 2904 exereitaum.
1014 2833 1098 2920 Quae
1117 2859 1178 2901 vox
1194 2843 1251 2900 Do—

89 2942 189 2999 mmm
214 2937 280 3001 addi
306 2949 447 3026 perpetuo
474 2941 551 3003 solet
577 2938 749 3023 ubicumque
775 2937 904 3004 Sabaoth
933 2958 1038 3003 unomen
1065 2939 1249 3023 exprimitur.

89 3037 168 3104 Non
192 3039 268 3104 enim
291 3041 353 3106 sola
374 3037 503 3108 Sabaoth
527 3042 614 3105 dietio
634 3041 766 3128 ponitur,
798 3053 883 3127 puta,
914 3039 1000 3106 Dixit
1018 3041 1086 3105 mihi
1107 3039 1249 3120 Sabaoth,

88 3153 164 3218 ant,
200 3139 333 3208 Laenates
357 3155 404 3208 est
428 3141 576 3222 Sabaoth,
609 3143 660 3208 sed
687 3145 783 3208 statim
810 3144 993 3228 adiungitur,
1028 3141 1172 3208 Dominus
1195 3139 1251 3208 Sa-

87 3244 197 3309 baoth.
244 3243 288 3308 lta
306 3245 383 3310 enim
403 3244 549 3311 llebraiee
566 3247 725 3330 seriptum,
748 3250 865 3310 Adonai
879 3249 1022 3320 Sabaoth,
1047 3245 1102 3308 bne
1124 3257 1170 3310 est
1190 3243 1249 3310 Do·

87 3347 193 3410 minas
215 3342 357 3412 Sabaoth.

182 3444 242 3514 Sed
261 3469 335 3533 quae
354 3451 503 3535 praeclare
522 3449 641 3516 omnino
661 3451 738 3515 dieta
754 3462 839 3531 sunt,
873 3451 944 3515 haee
958 3450 996 3514 ¹ab
1013 3449 1069 3514 illis
1086 3460 1117 3514 et
1134 3450 1247 3514 illorum
1267 3461 1327 3528 (ap,
1342 3463 1384 3514 vt.

86 3549 240 3614 similibus
258 3552 365 3618 leustra
385 3574 454 3638 prae
471 3553 558 3618 animi
577 3552 720 3618 eaeeitate
737 3575 790 3639 per
805 3552 975 3618 calumniam
994 3573 1028 3616 ae
1045 3552 1183 3616 malitiam
1199 3553 1248 3616 de·

86 3663 267 3738 proveatur.
312 3651 429 3720 Etenim
453 3657 582 3720 salvator
604 3666 705 3722 nostm
727 3657 756 3720 in
779 3679 815 3722 eo
838 3677 921 3741 quem
946 3655 982 3718 ad
1003 3651 1126 3719 ludaeos
1150 3655 1249 3720 habuit

71 3774 233 3820 sermone
250 3777 428 3842 nequaquam
449 3759 483 3822 de
503 3758 616 3822 diabolo
637 3758 751 3823 loeutus
769 3772 833 3837 est,
866 3771 896 3822 ut
913 3779 998 3822 nemo
1014 3778 1073 3822 non
1089 3769 1190 3842 aperte
1205 3757 1248 3822 vi-

84 3858 142 3922 det
159 3858 209 3941 qui
226 3857 380 3925 inhaerere
395 3860 512 3926 veritati
527 3862 661 3940 studeat,
695 3863 745 3926 sed
765 3872 883 3947 propter
899 3857 997 3924 ludam
1015 3861 1042 3922 id
1061 3861 1148 3925 abeo
1164 3881 1248 3948 usup-

84 3971 193 4046 patum
217 3971 273 4024 est.
317 3960 386 4026 Non
405 3965 481 4028 enim
499 3963 640 4028 Abraami
659 3963 708 4026 tilii
728 3975 810 4037 eraut
833 3961 881 4047 qni
904 3984 937 4026 εε
955 3973 1109 4048 antequam
1130 3982 1247 4026 earnem

82 4064 231 4126 indueret
247 4063 300 4126 sub
314 4063 362 4126 illa
379 4063 512 4130 Mambre
528 4087 640 4151 quercu
655 4065 723 4130 olim
739 4075 918 4150 exasperat,
940 4065 992 4130 sed
1008 4066 1145 4150 perfidiae
1158 4063 1248 4127 ledae

83 4166 187 4243 lilios,
213 4173 244 4228 ut
260 4164 301 4228 ita
319 4166 426 4248 dieam,
459 4189 513 4232 sua
529 4189 563 4232 se
578 4169 726 4234 sententia
742 4167 982 4247 declaraverunt,
1013 4188 1098 4252 quem
1114 4166 1247 4232 dominus

80 4309 137 4354 rent
158 4297 310 4436 apientiam.
685 4311 770 4368 pareat
791 4309 815 4356 ia
839 4308 892 4356 adit.
904 4310 996 4369 patae,
1020 4307 1131 4356 Patauina
1151 4319 1181 4354 ea
1196 4307 1247 4356 eod.

119 4375 149 4424 S.
208 4363 237 4422 mi
256 4367 445 4436 pteromatos
461 4377 580 4425 Petuntur.
689 4377 763 4424 Vatia.
781 4375 874 4425 adieett.

118 4439 147 4492 9.
172 4441 248 4522 tsrrba
268 4432 345 4492 Ot‘irm
367 4437 415 4524 peip
435 4435 454 4507 ri
475 4438 582 4512 Ἑβραῒς
602 4438 652 4509 φά-
721 4442 834 4494 Camvl.
848 4469 881 4480 -
897 4439 1012 4509 1.μάτηε
1025 4444 1248 4494 remanseram·

81 4523 163 4562 σκεε·
190 4506 293 4560 Manat
308 4505 440 4578 Σεβεωθ,
457 4524 517 4573 pnes
529 4527 577 4562 aaa
590 4525 652 4562 eoas·
686 4512 759 4563 datto.
793 4513 860 4562 utra
874 4512 958 4564 habent
975 4507 1040 4577 esrai
1056 4506 1112 4578 adr.
