3096 4988
355 303 488 354 rinnau
508 303 570 355 ura.
585 305 604 354 1.
621 305 702 356 rou.
717 305 748 355 n.
765 305 865 358 uiua.
880 305 969 357 xxx.
1181 299 1242 362 283

88 421 216 506 patiant,
240 431 271 484 et
286 441 303 482 a
318 421 380 484 suis
394 421 575 506 dogmatibus
591 433 678 506 atque
693 423 853 508 apostoliam
867 425 918 489 iiio
933 427 1104 492 charactere
1117 429 1240 494 aberam

87 525 230 602 iudicant,
254 525 283 586 id
306 525 382 609 qnod
406 524 562 607 unicuique
584 525 767 608 perspionnm
790 537 848 590 est.

169 623 257 708 Quod
279 647 352 690 vero
373 626 409 688 ad
435 623 548 688 beatm
569 623 692 690 Panium
714 627 834 704 attinet,
866 628 895 692 io
919 651 1004 713 quem
1025 631 1065 695 iiii
1085 633 1237 698 maledicto
1276 641 1335 708 cap.

86 729 261 807 eoniiniunt,
291 728 382 792 muita
401 749 417 792 a
438 747 484 790 rue
504 728 726 790 oommrmorari
746 743 880 813 possunt.
927 729 1072 816 Imprimis
1091 733 1236 800 Graes-um
1263 710 1349 760 xxv·

86 829 162 892 ilium
183 831 293 908 inisse,
325 839 412 913 atque
429 849 469 892 ex
485 829 643 912 gentilibus
660 831 815 894 oriundum
832 833 1017 916 praedicant,
1049 847 1153 920 postea
1169 859 1243 902 roro

86 931 266 1018 proseiytum
280 951 349 996 esse
366 933 485 994 tantum.
524 927 636 994 Verum
653 933 769 1015 quinam
785 933 841 996 ista
858 938 1049 1016 conveniunt,
1073 959 1138 1001 oum
1156 941 1191 1004 de
1207 959 1241 1004 se

86 1034 123 1096 ita
139 1035 311 1118 scripserit,
337 1035 482 1097 Hebraeus
495 1055 532 1094 en
546 1035 693 1107 Hebraeas,
713 1040 847 1098 esemiue
860 1039 1006 1113 Abrabae,
1030 1043 1065 1101 de
1079 1042 1155 1102 tribu
1167 1047 1240 1103 Ben—
1253 1054 1311 1098 enat.
1320 1055 1348 1110 t,
1361 1055 1380 1098 a.

86 1140 188 1210 mmm,
220 1139 372 1198 soeuadum
395 1139 484 1214 legem
508 1137 691 1210 Firmanus,
724 1139 913 1200 abmsdautius
933 1145 1090 1202 aemulator
1116 1148 1241 1206 sentem

84 1247 268 1318 parmarum
291 1259 414 1299 mearum
444 1241 635 1298 tt'adt'ttbmtm.
684 1236 762 1302 Tum
785 1239 845 1302 alio
868 1241 951 1304 tono:
987 1247 1136 1305 Isroeta‘tne
1158 1257 1236 1313 sant.

86 1351 113 1401 et
124 1362 191 1420 ego,
214 1361 307 1402 semen
321 1343 458 1403 Abrabae
470 1352 548 1414 sunt,
567 1351 598 1400 et
611 1361 674 1419 ego.
716 1341 806 1404 Addit
823 1353 943 1426 postea:
963 1348 1145 1407 massanum
1161 1359 1239 1408 ortu-
1252 1361 1270 1404 a.
1282 1361 1335 1404 (aar.

85 1465 115 1503 ao
137 1447 200 1516 dae,
234 1454 263 1502 et
284 1445 418 1502 muretus
441 1445 480 1502 ud
499 1445 584 1521 pedes
607 1445 785 1517 Gumudtblis,
817 1455 848 1506 et
866 1446 1012 1506 Hebraeus
1029 1469 1068 1508 ee
1088 1449 1235 1510 Hebraeis.
1255 1413 1286 1467 η’
1299 1415 1332 1457 η

85 1541 161 1607 Prota
183 1543 364 1606 tetiierorum
385 1543 562 1626 serpentium
582 1545 748 1606 mortiferos
764 1545 906 1628 gemitus,
938 1565 972 1612 ao
989 1547 1107 1611 sibilos!
1141 1571 1242 1614 oser-

87 1647 179 1710 uonis
193 1643 358 1708 inanissimi
374 1645 458 1708 virus
471 1644 625 1708 oeerbnmt
661 1641 756 1708 Cuius
772 1665 827 1730 ego
846 1648 1012 1711 testimonio
1029 1660 1108 1712 stare
1124 1652 1242 1736 potissi·

87 1767 158 1811 num
174 1747 291 1809 debeo?
334 1745 469 1824 Ebionis,
493 1747 614 1828 eiusque
630 1746 766 1810 factionis
783 1748 941 1829 bominum,
965 1772 1001 1814 an
1019 1748 1100 1816 Petri
1118 1753 1196 1816 huno
1210 1755 1239 1816 in

87 1851 201 1913 modum
224 1847 388 1932 loquantisa
422 1851 653 1926 Quemadmodum
671 1853 789 1928 scripsit
805 1852 882 1910 nobis
893 1854 994 1934 frater
1008 1867 1104 1916 noster
1119 1859 1235 1928 Paulus,
1247 1873 1394 1928 arceram

86 1973 154 2031 pase
168 1956 232 2013 eius
248 1952 334 2012 verba
347 1952 492 2031 masnada
506 1961 588 2023 sunt,
619 1953 818 2031 explanataque
830 1955 978 2034 dyffim'bb,
1009 1976 1081 2034 quae
1096 1960 1244 2018 sbdoru'et

87 2056 230 2114 instabiles
248 2074 303 2132 per
322 2073 401 2113 suom
419 2056 607 2131 ignorantiam
628 2055 804 2132 deprensas?
846 2051 906 2117 Sed
930 2065 961 2117 et
978 2052 1088 2120 Paulus
1110 2057 1241 2122 vicissim

87 2155 119 2216 de
135 2151 229 2217 Petro
244 2163 369 2216 testatur
387 2151 431 2215 his
447 2153 562 2216 verbis:
586 2155 771 2229 Etlueobus,
795 2166 826 2216 et
838 2160 973 2230 Ioannes,
997 2169 1025 2218 et
1040 2163 1163 2239 Cephea,
1188 2165 1328 2240 pns'taatss
1338 2171 1360 2224 a,
1372 2169 1394 2211 t.

88 2257 252 2318 m'dedaam
266 2277 327 2318 esse
340 2259 494 2329 notunmne,
517 2259 635 2318 deutrus
647 2261 786 2318 dederunt
798 2261 869 2318 midi
880 2269 911 2318 et
922 2261 1071 2320 Barnabae
1083 2265 1237 2322 senseratis.

88 2353 168 2438 Quod
187 2377 263 2420 uero
279 2355 461 2420 Tarsensem
482 2376 514 2418 se
534 2357 623 2420 fnisse
642 2369 758 2435 narrat,
789 2359 868 2422 nulla
889 2359 999 2422 ideirco
1018 2381 1121 2424 vonum
1141 2371 1240 2444 onpta·

88 2461 196 2522 toribus
212 2459 249 2522 ad
264 2479 346 2520 suam
364 2459 567 2542 fautorumque
583 2481 702 2524 suorum
720 2459 881 2542 perniciem
895 2481 930 2524 ea
951 2481 982 2524 re
1001 2461 1136 2525 abutendi
1155 2464 1242 2526 datur

87 2562 211 2625 occasio.
256 2557 335 2622 Nam
361 2570 391 2622 et
414 2557 599 2638 barnabum,
631 2561 679 2644 qui
701 2557 806 2645 ioseph
831 2573 918 2625 antea
939 2563 1051 2642 dietus,
1086 2561 1239 2628 Barnabas

87 2675 183 2744 postea
200 2662 366 2726 nominatas
381 2672 437 2737 est,
462 2663 537 2745 qnod
552 2683 658 2724 nomen
672 2663 882 2726 consolationis
896 2664 985 2728 tilium
999 2669 1154 2750 sigoiiioat,
1178 2666 1239 2731 Le-
1253 2683 1370 2740 amnas

87 2765 171 2826 vitam
198 2765 292 2826 tuisse
315 2765 408 2826 refert
428 2761 555 2846 (Lucus)
576 2783 687 2846 gessere
710 2759 863 2849 Cyprium.
912 2765 1019 2850 Neque
1046 2780 1140 2833 tamen
1163 2772 1239 2854 qnod

88 2861 213 2951 Cyprius
229 2875 321 2944 esset,
345 2885 382 2928 eo
397 2865 493 2928 minus
507 2885 524 2926 e
540 2865 616 2928 tribu
632 2862 766 2930 Levitioa
783 2867 848 2931 init.
891 2867 982 2932 Velut
997 2873 1147 2955 apostotus
1162 2871 1240 2936 Pan·

87 2967 143 3044 ios,
176 2967 250 3030 tinet
272 2965 535 3030 Tannoniuntus
558 2977 655 3044 esset,
689 2969 724 3030 ab
745 2964 907 3034 lsraeiitioa
928 2981 1016 3054 genta
1039 2973 1155 3038 minime
1174 2985 1239 3040 erat

87 3067 207 3132 alienus.
255 3063 331 3132 Cnm
353 3067 430 3132 enim
453 3068 506 3132 sub
528 3068 677 3132 Antioobo
699 3067 867 3155 Epiphanes,
900 3073 1023 3157 aliisque
1045 3076 1236 3159 temporibus,

86 3171 183 3252 quibus
209 3170 315 3232 betium
339 3180 514 3248 exarserat,
547 3171 677 3254 plerique
706 3193 759 3256 per
780 3175 974 3258 eaptivitatena
999 3175 1239 3257 obsidionemque

86 3271 206 3357 dispersi
223 3275 337 3349 iurent,
362 3271 471 3356 captivi
488 3273 602 3355 quidem
621 3273 711 3337 eertia
730 3273 802 3338 ionis
820 3276 1025 3340 eonstiternnt.
1071 3279 1113 3338 At
1129 3277 1177 3358 qni
1195 3277 1239 3338 vi·

86 3377 186 3439 modae
207 3373 370 3438 obsidionis
391 3393 500 3441 nanssu
525 3375 678 3459 ingerant,
709 3397 767 3459 qno
785 3377 908 3460 qnisqne
926 3377 1037 3441 delatus
1054 3379 1167 3453 inerat,
1197 3377 1237 3440 ibi

86 3477 254 3540 mumurati
271 3487 356 3554 sunt,
381 3475 422 3538 nti
443 3477 479 3538 de
498 3473 660 3540 israelitica
678 3478 785 3563 popuio
802 3477 918 3541 dicebat
937 3477 1117 3556 Hieremias,
1142 3479 1187 3542 eni
1206 3489 1239 3542 nt

87 3589 148 3643 uate
164 3579 282 3642 bostem
300 3580 414 3660 ingeret
429 3597 570 3663 persaepe
587 3580 720 3662 contigit.
765 3584 809 3653 Si,
834 3579 939 3662 inquit,
962 3585 1000 3640 nd
1014 3585 1148 3642 Cs'ttsbeos
1161 3583 1238 3642 ebs'e·

86 3685 137 3754 eir,
161 3703 215 3742 nee
238 3683 300 3740 s'its'e
316 3683 425 3760 qns'sdem
445 3684 565 3760 pus'etem
586 3683 710 3743 kabedt's.
757 3679 855 3744 Nemo
873 3691 970 3744 autem
989 3680 1106 3763 ignorat
1128 3679 1237 3746 Citium

88 3776 261 3866 Cypriorum
279 3781 403 3846 inanium
424 3781 573 3866 appeiiari.
619 3779 696 3844 Nam
717 3778 861 3846 Citiornna
883 3782 1000 3844 nomine
1022 3778 1123 3867 Cyprii
1144 3784 1238 3848 eonti-

88 3894 188 3946 nentur
208 3893 239 3945 et
256 3881 376 3946 Rhodii.
423 3881 485 3946 imo
508 3893 538 3946 et
559 3885 588 3946 in
607 3881 784 3947 Macedonia
804 3880 980 3968 Cypriorum
1006 3895 1037 3947 et.
1055 3883 1235 3948 idhodiornm

88 3984 344 4062 genestonensia,
365 3986 441 4047 rande
458 3995 489 4047 et
503 3985 676 4048 Alexander
689 3983 815 4048 Macedo
830 3984 974 4068 prodiisse
987 3987 1105 4049 dieitur.
1151 3987 1237 4069 Quina

88 4105 185 4150 eaassa
212 4096 261 4150 est
286 4105 339 4150 eur
360 4087 388 4150 in
411 4083 658 4150 Maccahaeorum
681 4086 764 4149 libris
785 4087 924 4170 seriptum
949 4086 988 4150 sit
1008 4111 1024 4152 o
1047 4085 1233 4152 Cittiensinm
1248 4107 1349 4152 omme.
1358 4102 1375 4144 1.

89 4195 158 4250 terra
180 4207 277 4272 gorius
296 4189 437 4272 quoddam
456 4209 525 4250 esse
547 4197 745 4273 propagatum.
790 4185 868 4250 Nam
889 4209 906 4252 e
925 4187 1107 4253 Graecorum
1125 4211 1235 4272 genere

87 4287 255 4352 Alexander
270 4301 364 4352 ortum
378 4301 543 4374 arnrpcrat.
578 4287 687 4354 b'ernna
703 4291 836 4376 qnoniam
853 4289 957 4354 iterum
974 4293 1136 4356 rruarrandae
1152 4289 1236 4356 huius

83 4453 124 4498 Pto
135 4441 331 4504 διασπαρέντων,
349 4445 412 4504 quod
427 4447 510 4494 attium
521 4445 550 4492 de
563 4449 642 4494 uuam·
677 4501 692 4522 n
709 4441 733 4495 d.
752 4440 812 4496 deba
829 4447 879 4494 aad.
896 4447 990 4510 umato.
1007 4450 1027 4498 et
1041 4447 1116 4496 editus
1132 4448 1235 4508 aterque.

85 4511 148 4558 mou
165 4512 216 4562 rud
237 4511 310 4560 intio
329 4514 421 4562 sudutit
440 4515 556 4562 Patavina.
676 4527 738 4562 amau
756 4515 806 4562 cod.
827 4513 898 4562 Vatia.
