3100 4984
279 255 339 320 384
702 235 1008 324 εινοτσοθῐείιιῐνιτ
1027 311 1032 322 ,

282 382 378 468 wad,
402 381 443 460 τός
457 383 543 452 αῦτοί
557 406 639 465 φασι,
662 389 712 452 καλ
728 386 823 464 ούτως
837 378 1037 474 δ’ἐατερεύθη.
1081 386 1156 454 Ούτε
1170 386 1191 472 ῆ
1204 387 1319 456 δοίδυκα
1332 392 1425 456 ἐτεσιν

278 491 478 574 αἱμορροοῦσα
493 495 534 576 τῷ
550 485 648 554 αύτιῦν
664 487 791 576 δράματι
807 487 1030 574 όμοιωθῆσεται.
1073 487 1190 574 Ἑσοίθη
1207 489 1262 579 γύρ
1279 491 1350 576 μιτύ
1366 491 1425 559 δυ’·

156 620 208 666 μς.
219 606 264 651 τοι.
279 597 349 658 δετα
370 593 435 673 ἔτη,
465 591 497 656 έν
513 587 559 666 οἷς
572 597 614 680 τῷ
630 595 731 674 αἵματι
746 600 799 677 τῆς
814 592 927 678 δύσεως
942 595 1070 680 ἐφέρετο.
1117 592 1163 658 Ού
1181 593 1237 681 γύρ
1254 597 1287 661 ἐν
1303 604 1364 672 τοῖς
1377 596 1422 660 ἐν·

277 698 348 761 δεκα
363 695 454 759 ἐτεσιν
470 690 591 776 όπαθῆς
609 696 739 774 διετέλει,
761 699 813 762 καλ
828 699 860 762 ἐν
875 701 915 787 τῷ
931 694 1086 784 δωδεκάτῳ
1103 696 1136 761 δέ
1151 698 1301 764 σέσωσται.
1348 695 1425 762 Οῦτε

276 795 297 880 ῆ
312 795 366 872 τός
382 797 454 862 δέκα
469 793 599 881 δραχμύς
612 799 775 880 κεκτημένη
790 796 920 864 ύποίλεσε
935 797 987 882 τῆν
1003 803 1073 880 μίαν
1088 800 1131 876 είς
1146 801 1226 876 τέλος
1238 803 1289 864 ἵνα
1306 795 1324 865 ό
1339 797 1425 866 Αίῦν

222 925 224 928 ·
275 906 328 982 τῆς
341 897 413 982 ύλης
426 895 584 975 ύπολωλοδς
598 898 764 984 μυθεύηται
778 896 847 987 παρ’
862 897 969 978 αύτοῖς.
1008 893 1087 983 Ἦψε
1103 899 1158 988 γύρ
1172 899 1224 968 τόν
1235 900 1350 988 λύχνον,
1371 903 1423 968 καλ

275 994 348 1087 ηῦρτ
367 999 421 1084 τῆν
442 997 580 1087 δραχμῆν.

138 1313 204 1381 Κῑφ·
217 1310 264 1378 λη’·
360 1309 411 1376 Ἐκ
427 1315 527 1377 τοίνυν
542 1317 602 1376 τοῖν
618 1309 673 1375 δύο
687 1309 782 1396 λόγων
797 1308 908 1377 τούτων
920 1309 942 1393 ῆ
955 1317 1043 1396 τριοῦν
1055 1309 1092 1377 τό
1106 1312 1203 1378 κόττα
1219 1308 1317 1378 αότῶν
1330 1309 1424 1389 ιύθύς

279 1414 449 1499 ἐλεγχθέντα
469 1411 733 1495 καταλειφθήσεται
756 1413 1040 1501 δραματουργῆματα
1061 1417 1112 1480 καλ
1138 1413 1251 1502 ύδρανῆ
1276 1417 1326 1482 καλ
1347 1417 1424 1481 ἐωλα

276 1524 338 1591 τοῖς
355 1521 409 1598 τῆς
425 1514 597 1599 φρονήσεως
614 1519 693 1592 υίοῖς
709 1517 758 1582 καί
774 1518 888 1592 τέκνοις
901 1525 965 1593 τοῖς
980 1524 1032 1600 τῆς
1045 1513 1131 1604 ύγίας
1143 1525 1197 1583 τοῦ
1212 1524 1288 1584 θεοῦ
1302 1526 1423 1584 καθολι-

276 1625 331 1702 κῆς
345 1619 505 1699 ἐκκλησίας.
526 1617 592 1684 Ἵνα
605 1617 661 1705 γύρ
678 1617 719 1702 μῆ
731 1617 806 1684 κατύ
818 1626 877 1685 τῶν
890 1616 989 1685 αύτῦν
1003 1617 1164 1705 φερόμενος
1178 1623 1219 1696 είς
1232 1627 1328 1704 μῆκος
1339 1619 1422 1686 ότιει-

277 1745 330 1806 ρον
345 1718 437 1786 έλόσω
450 1719 504 1803 τῆν
521 1726 733 1808 πραγματείαν,
755 1724 811 1798 ἕως
825 1729 877 1805 τῆς
891 1723 1022 1788 ἐνταῦθα
1036 1718 1211 1808 ύφηγῆσεως
1224 1722 1423 1808 ποιησόμενος

275 1820 330 1906 τῆν
346 1819 528 1905 ῦπόμνησιν,
558 1825 609 1890 καὶ
626 1827 740 1900 ἐπιθεὶς
756 1826 848 1910 κτέρας
866 1831 903 1914 τῆ
918 1823 1045 1916 τοσαύτῃ
1062 1823 1160 1892 αύτοῖν
1176 1830 1340 1916 μοχθηρίᾳ,
1372 1827 1422 1893 ἐπλ

275 1924 328 2001 τός
344 1927 410 2009 ἑξῆς
425 1929 600 2011 βαδιοῦμαι,
621 1926 696 1993 θεόν
711 1925 939 2010 ἐπικαλούμενος
953 1923 1063 2014 όδηγόν
1080 1953 1110 1994 τε
1125 1931 1175 1994 καλ
1191 1931 1350 2015 ἐπίκουρον
1368 1935 1424 2012 τῆς

276 2027 360 2113 ῆμοδν
372 2026 528 2106 ύσθευείας
542 2032 583 2106 είς
596 2028 628 2096 τό
641 2037 776 2113 σωθῆναι
791 2027 849 2095 dud
861 2028 969 2112 ταύτης
979 2033 1029 2096 ιταλ
1040 2037 1100 2096 τῶν
1113 2032 1333 2117 προειρημένων
1344 2033 1423 2116 αίρέ·

275 2155 350 2200 σεων
371 2135 422 2199 καλ
443 2139 503 2199 τιῦν
518 2139 683 2216 μελλουσῶν
699 2129 929 2198 ύναδείκνυσθαι
946 2141 1007 2210 τοῖς
1024 2132 1193 2221 φιλολόγοις
1212 2135 1263 2200 καλ
1279 2135 1422 2217 βουλομέ-

276 2261 340 2312 νοις
352 2233 389 2301 τύ
404 2232 512 2322 ύκριβῆ
527 2238 635 2303 εἰδέναι
649 2243 708 2302 τῶν
723 2237 756 2302 έν
770 2241 811 2324 τῷ
822 2234 925 2326 κόσμῳ
938 2243 1131 2317 κενοφωνιοῖν
1142 2261 1173 2301 τε
1186 2238 1237 2302 καί
1250 2233 1422 2302 ύσυστύτων

275 2338 437 2425 δογμάτων.
482 2342 539 2416 Είς
553 2337 679 2415 πολλούς
695 2335 749 2424 γύρ
769 2328 857 2414 οὗτος
876 2336 931 2422 τῆν
947 2339 1054 2404 ἐαυτοῦ
1072 2337 1274 2424 όυειροτιολίαν
1290 2340 1420 2404 ἐπισπεί-

276 2465 343 2526 ρας,
367 2441 535 2508 Γνωστικόν
549 2439 653 2508 ἑαυτόν
666 2441 803 2518 καλέσας,
825 2439 950 2518 πολλούς
965 2439 1006 2518 οός
1018 2444 1111 2508 εἰπεῖν
1122 2447 1283 2527 σκορπίους
1294 2437 1335 2517 τός
1349 2445 1422 2524 μίαν

274 2541 376 2610 ῦλυσιν
395 2547 568 2629 συνέδησεν,
598 2541 639 2620 οός
658 2539 806 2626 ῆπαλαιιλ
825 2545 876 2608 καλ
892 2541 1018 2631 έναργῆς
1033 2543 1189 2630 παραβολὴ
1205 2539 1345 2628 ύττύργει,
1374 2542 1422 2610 ὅτι

275 2643 379 2711 ἅλυσίν
393 2673 459 2712 τινα
474 2649 506 2712 ολ
517 2650 654 2732 σκορπίοι
668 2643 727 2711 ύπό
745 2643 812 2722 ένός
826 2647 867 2721 είς
883 2644 934 2711 τόν
947 2647 1045 2731 ἕτερον
1060 2649 1232 2730 δεσμοῦντες
1246 2647 1302 2722 ἕως
1315 2646 1388 2710 δέκα
1400 2643 1423 2728 ῆ

275 2749 324 2813 παλ
346 2753 465 2825 πλείους
485 2746 545 2814 ύπδ
568 2751 670 2834 στέγης
690 2747 711 2831 ῆ
727 2746 862 2831 δείματος
876 2747 999 2826 ἑαυτούς
1013 2755 1133 2832 χαλῶσι,
1165 2750 1216 2813 καλ
1237 2747 1333 2824 οῦτως
1348 2746 1423 2831 μετύ

275 2848 365 2916 δόλου
385 2849 439 2933 τῆν
456 2851 551 2934 λύμην
571 2859 633 2927 τοῖς
650 2847 825 2936 όνθροίποις
840 2850 1020 2937 ἐργάζονται·
1046 2849 1140 2926 οὕτως
1154 2852 1205 2916 ιταλ
1219 2842 1308 2928 ούτος
1322 2852 1375 2916 καλ
1392 2853 1425 2917 ολ

276 2949 369 3020 αύτοῦ
386 2953 559 3037 καλούμενοι
577 2955 738 3021 Γνωστικολ
751 2960 804 3036 τῆς
819 2952 930 3037 πλύνης
944 2951 1099 3041 ύρχηγέται
1113 2951 1263 3040 γεγόνασι,
1285 2955 1336 3018 καλ
1351 2951 1422 3039 παρ’

274 3052 367 3123 αύτσῦ
383 3055 435 3134 τός
451 3055 614 3143 προφύσετς
628 3053 823 3138 ῦπειληφότες
836 3057 933 3141 ἕτερος
948 3053 1001 3138 ῦφ’
1018 3057 1119 3142 έτέρου
1132 3056 1333 3140 μαθητευθεὶς
1348 3055 1422 3140 μετύ

273 3158 324 3226 τόν
342 3159 519 3226 διδάσκαλον
536 3157 711 3246 προςθῆπην
729 3165 782 3242 τῆς
798 3157 911 3242 πλύνης
927 3158 1095 3246 εἰργάσατο,
1125 3160 1176 3223 καί
1192 3159 1293 3244 ἑτέραν
1309 3162 1422 3244 αἳρεσιν

273 3260 443 3348 είςηγῆσατο
463 3265 624 3346 1ἐχομένην
637 3268 690 3344 τῆς
703 3261 853 3347 προτέρας.
898 3263 957 3326 Καὶ
973 3261 1051 3328 οῦτω
1068 3259 1142 3328 πατύ
1157 3260 1211 3344 τῆν
1224 3259 1366 3345 διαδοχὴν
1378 3265 1422 3338 είς

273 3364 437 3451 διαφόρους
455 3367 578 3452 αἱρέσεις
594 3362 679 3430 αύτολ
696 3367 727 3430 οί
739 3365 895 3448 κληθέντες
914 3366 1075 3430 Γνωστικολ
1093 3366 1305 3449 ἐμερίσθησαν,
1337 3361 1421 3450 παρὰ

276 3465 471 3534 Ουάλτντίνου
487 3469 594 3551 μέντοι,
616 3465 657 3543 οός
670 3468 758 3549 ἐφην,
779 3468 830 3532 καλ
844 3472 902 3531 τῶν
916 3465 974 3552 πρό
990 3461 1084 3533 αύτοῦ
1099 3465 1151 3544 τός
1164 3465 1330 3553 προφάσεις
1345 3469 1419 3550 εέλη·

272 3569 369 3650 φότες.
403 3569 508 3654 Ὅμως
523 3573 556 3636 αλ
567 3571 776 3655 προειρημέναι
791 3565 845 3633 σύν
861 3575 897 3658 τῆ
911 3567 1021 3635 τούτου
1036 3576 1089 3636 τοῦ
1107 3566 1301 3636 Ούαλεντίνοσ
1315 3576 1352 3658 τῆ
1366 3575 1422 3652 τῆς

273 3669 413 3755 όληθείας
429 3675 601 3762 διδασκαλίᾳ
617 3679 868 3754 καταπατηθεΐσαι
889 3668 941 3752 ύφ’
960 3669 1046 3755 ἡμῶν
1063 3676 1280 3758 παρείσθωσαν.
1322 3669 1421 3754 Ἡμεῖς

272 3775 305 3840 δέ
324 3773 378 3851 τύς
398 3777 464 3858 ἐξῆς
485 3779 518 3842 ἐν
537 3783 573 3866 τῆ
593 3782 648 3842 τοῦ
668 3780 745 3840 θεοῦ
767 3772 890 3856 δυνόμει
912 3772 1166 3858 διασκοπῆσωμεν.

305 3964 329 4016 2.
345 3957 417 4028 ’Ῑαολ,
434 3961 470 4025 ιδς
486 3961 558 4020 αύτολ
573 3983 646 4033 φασι,
663 3964 707 4018 καλ
721 3971 771 4016 cett.
785 3979 827 4030 τρο
860 3966 970 4032 ρηδῆναι
984 3968 1142 4030 monendum
1157 3969 1280 4017 υλδιθσλαι·
1294 3962 1421 4022 ύτεοσταιι-

271 4035 369 4085 correxi.
394 4035 460 4082 Libri
474 4037 562 4096 υιιίςοιι·
576 4029 760 4086 λοοιοιἸαώτ·
774 4028 826 4086 ιίο-
860 4035 986 4100 ρωθῆναι,
1012 4037 1064 4097 vel,
1091 4035 1153 4098 φοοδ
1171 4037 1255 4085 σταται
1271 4037 1326 4086 libri
1341 4042 1422 4102 τιοφιι

272 4099 356 4162 αότως
371 4097 452 4168 φοσλ,
468 4099 513 4154 καλ
528 4107 578 4152 τελλ.
859 4104 968 4165 suadent,
986 4095 1215 4172 α’τταστεριωθῆνοτ.

304 4169 329 4222 λλ
348 4172 384 4234 cs.
396 4183 470 4233 ιυρισ
482 4184 536 4232 ουρ.
547 4169 595 4234 13,
611 4173 651 4220 ιιλιι·
661 4185 706 4234 μιν
719 4163 824 4226 τίτοστι-
893 4171 953 4221 ου.
962 4169 1152 4222 xxxvm-
1168 4171 1189 4223 1.
1202 4172 1276 4235 Υνλςο
1287 4167 1422 4240 ἐχομένης
