3078 5012
371 285 770 340 rnnanarurnnnouru.
789 283 981 336 urrunnun.
1191 275 1251 340 565

103 409 157 473 rit.
200 407 294 494 lgitnr
312 411 412 473 demus
430 408 509 472 illum
527 407 637 470 viribus
654 406 793 490 imparem
810 423 894 484 esse,
927 425 1067 489 nusquam
1085 405 1254 470 fabricatum

103 533 178 596 opus
194 512 229 575 ab
243 531 280 576 eo
296 517 432 576 coartare
445 511 567 596 poterit,
591 510 642 574 sed
655 508 824 593 iampridem
840 507 1021 570 interciderit
1033 517 1164 592 oportet,
1188 530 1254 574 oum

103 615 209 679 diebus
222 615 346 698 singulis
361 614 529 699 decerptum
543 611 669 676 indidem
685 610 791 695 aliquid
810 609 913 696 partim
933 630 951 672 a
968 609 1043 674 malo
1061 609 1204 696 propriam
1223 613 1253 676 iu

102 719 274 802 regionem,
307 716 410 802 partina
433 738 449 779 a
469 716 547 779 bono
570 717 599 778 in
616 715 767 800 superiora
786 715 989 776 transferatur.
1036 709 1159 777 Ubinam
1182 735 1253 800 ergo

101 823 219 883 demum
235 819 305 883 illud
321 818 464 905 opificium
481 817 642 882 consistet?
685 813 719 882 Si
735 816 870 903 paulatipn
887 815 1045 878 desiturum
1062 817 1251 899 respondeas,

100 943 138 986 ac
159 920 228 986 boni
250 943 320 985 curn
346 921 499 1005 studioque
522 922 607 984 linem
626 920 778 1004 aliqnando
793 929 1035 996 consecuturum,
1066 938 1163 981 nonne
1181 918 1254 982 illati

101 1025 201 1088 damni
218 1025 331 1109 culpam
349 1025 442 1088 bonnas
461 1024 516 1087 iste
532 1023 705 1101 sustinebit,
729 1021 777 1106 qui
795 1022 869 1105 quod
886 1020 952 1085 boni
970 1020 1074 1084 secisse
1093 1031 1195 1106 postea
1209 1021 1253 1086 ui·

100 1147 155 1190 sus
172 1138 235 1205 εει,
259 1147 317 1190 non
336 1126 384 1190 diu
401 1137 486 1204 ante,
510 1127 641 1209 adeoque
656 1124 739 1188 initio
756 1124 929 1210 perfecerit,
954 1134 1106 1206 antequam
1123 1123 1254 1208 plerique

100 1229 236 1292 iniuriam
253 1230 438 1315 acciperent,
468 1239 498 1292 et
513 1230 542 1292 in
557 1227 661 1293 iudicis
679 1237 822 1313 potestate
840 1227 949 1290 detenti
968 1225 1107 1290 inforiore
1124 1227 1190 1290 loco
1206 1247 1254 1291 re-

101 1334 277 1396 mouerent?

189 1432 248 1498 lam
266 1435 341 1519 qnod
360 1434 484 1499 esaeris
499 1435 696 1520 depromptum
713 1431 806 1496 literis
822 1433 924 1510 allent,
948 1452 984 1494 eo
1000 1452 1152 1518 perperam
1167 1433 1253 1498 intel·
1270 1453 1329 1520 erp.
1340 1453 1404 1505 rur.

100 1539 196 1616 lecto,
228 1548 314 1621 atque
332 1537 455 1623 apostoli
475 1537 632 1622 depravata
652 1535 814 1614 serrtentia,
845 1535 1010 1598 rudioribus
1029 1536 1123 1600 lucum
1141 1536 1251 1616 obiicit,

100 1663 167 1704 cunr
184 1641 224 1703 ita
240 1639 368 1724 loquitur
382 1639 547 1725 apostoluse
574 1643 703 1701 Cbrr'etne
717 1661 768 1700 nos
783 1661 801 1700 n
818 1642 963 1700 maledicto
977 1642 1107 1714 redamat,
1128 1662 1184 1720 pro
1200 1661 1250 1701 no·
1262 1657 1403 1714 enatare

100 1743 145 1806 ιιι
153 1745 255 1826 suetus
271 1747 456 1806 maledictum.
504 1740 553 1806 Ex
570 1764 626 1826 qno
641 1743 716 1806 istud
732 1739 853 1825 colligit,
877 1741 902 1804 ai
919 1741 1009 1826 ipsius
1025 1762 1169 1820 essemus,
1193 1763 1253 1808 non

98 1847 201 1929 ntique
222 1846 298 1929 quod
321 1845 377 1909 iam
400 1865 484 1910 sunm
503 1855 569 1908 erat
585 1845 800 1930 redempturum
823 1843 923 1906 luisse.
970 1840 1043 1908 Cum
1063 1843 1152 1926 igitur
1167 1847 1252 1910 rede·

98 1949 192 2012 misse
210 1949 339 2026 dicatur,
373 1969 496 2012 necesse
514 1957 561 2012 est
577 1948 702 2011 alienum
718 1946 747 2009 in
767 1947 903 2010 mundum
922 1946 1022 2030 podem
1038 1948 1187 2032 posuisse,
1221 1960 1252 2012 ut

98 2073 174 2130 nos,
208 2050 256 2135 qui
275 2049 352 2114 illius
371 2073 429 2116 non
448 2071 598 2128 essemus,
630 2050 798 2112 redimeret.
845 2045 927 2133 Opus
947 2048 1024 2112 eninr
1044 2070 1159 2113 eramus
1178 2049 1250 2114 nlte·

98 2154 181 2232 rius,
212 2153 334 2238 ideoque
357 2175 412 2218 uos
431 2155 522 2218 vitam
543 2155 579 2216 ad
598 2175 680 2216 suam
698 2153 938 2238 transportandos
958 2153 1091 2215 redemit.
1138 2149 1250 2217 Verum

98 2256 170 2321 illnd
193 2256 340 2320 bominum
362 2257 568 2321 stolidissimus
590 2257 724 2340 ignorat,
759 2275 939 2339 nequaquam
960 2251 1109 2318 Christum
1131 2254 1250 2318 maledi·

97 2370 179 2423 ctum
202 2360 310 2438 luisse,
342 2360 417 2424 absit
435 2370 466 2423 ut
484 2359 624 2423 eiusmodi
644 2357 775 2442 quiddam
796 2357 986 2436 arbitremur,
1019 2356 1070 2419 sed
1090 2379 1153 2420 cum
1172 2357 1249 2422 ultro

97 2481 219 2525 crucem
236 2462 394 2540 subiisset,
418 2473 598 2526 contractum
617 2483 632 2524 a
651 2461 735 2526 nobis
753 2481 792 2524 ex
812 2470 931 2545 peccato
950 2459 1131 2524 maledictum
1150 2461 1250 2525 abstu-

97 2565 190 2642 lisse,
224 2575 254 2628 ut
276 2587 355 2630 mors
379 2565 589 2649 quodammodo
613 2565 715 2628 mortis
738 2572 819 2626 esset
847 2561 929 2646 culpa
957 2572 1056 2626 nostra
1081 2573 1248 2648 susceptae,

95 2668 249 2752 ipsiusque
274 2668 418 2732 maledicti
443 2668 638 2732 maledictum.
690 2662 790 2748 Quare
820 2665 1003 2729 maledictum
1029 2661 1164 2730 Christus
1190 2687 1249 2730 non

97 2781 162 2848 est,
196 2771 247 2834 sed
271 2769 423 2834 dissolutio
445 2769 607 2848 maledicti,
641 2780 743 2834 contra
766 2789 838 2832 vero
861 2768 1024 2832 benedictio
1048 2768 1181 2833 cornibus
1203 2779 1250 2832 est

94 2873 127 2936 in
146 2892 212 2936 enan
229 2893 301 2936 vere
321 2894 355 2936 ac
373 2875 488 2936 sincere
505 2871 702 2936 credentibus.
747 2868 832 2936 Unde
851 2883 881 2935 et
897 2875 1015 2933 redemit
1031 2872 1171 2956 scriptum
1189 2883 1246 2950 est,

96 2994 157 3038 non
174 2980 248 3037 amr't.
290 2973 396 3059 Neque
413 2975 491 3038 enim
507 2976 535 3038 iu
551 2975 674 3038 alienam
692 2975 907 3059 possessionem
922 2974 1074 3057 diripiendi
1087 2975 1135 3038 vel
1149 2995 1248 3039 ernen-

94 3078 125 3140 di
150 3077 244 3160 gratia
267 3079 358 3142 verrit.
405 3075 482 3141 Nam
507 3078 532 3140 si
556 3087 683 3157 emeret,
718 3079 794 3162 qood
814 3089 882 3140 ante
902 3098 960 3140 non
980 3077 1104 3140 habebat
1123 3088 1245 3156 emeret,

94 3199 132 3242 ac
149 3178 274 3242 mendici
294 3179 388 3244 instar
406 3179 509 3264 quibus
527 3189 661 3244 caruerat
682 3180 737 3243 sibi
754 3193 946 3265 compararet.
993 3175 1085 3242 Cuius
1104 3189 1200 3242 autom
1216 3179 1247 3241 in

94 3280 212 3366 peculio
233 3303 367 3360 eramus,
399 3283 517 3346 omniuo
540 3293 670 3367 egestate
695 3303 748 3346 nos
766 3301 923 3367 oppressus
940 3282 1034 3365 aliqua
1055 3281 1244 3361 vendidisset,

93 3383 180 3467 qnasi
202 3405 220 3447 a
238 3384 384 3449 creditore
403 3385 536 3470 quopiam
557 3395 687 3448 coactns.
732 3381 837 3467 Longo
858 3404 928 3447 vero
946 3404 1013 3446 sose
1031 3381 1116 3445 aliter
1131 3403 1180 3446 res
1197 3383 1246 3446 ba·

92 3487 158 3549 bet.
202 3484 273 3550 Non
289 3488 365 3550 enim
382 3487 495 3551 emendi
512 3487 601 3551 verbo
618 3507 689 3550 usus
706 3498 768 3563 est,
792 3488 843 3549 εει
863 3485 1033 3549 redimendi.
1080 3480 1136 3549 Cui
1151 3485 1245 3550 simile

92 3599 143 3654 est
166 3589 253 3667 illud,
287 3590 362 3675 quod
375 3591 462 3654 idern
487 3590 636 3676 apostolus
658 3589 716 3652 alio
733 3589 798 3652 loco
815 3589 904 3652 dixit:
938 3593 1109 3650 Redr'rnontes
1126 3601 1242 3671 ternpus,
1258 3610 1382 3670 spaera.

90 3696 225 3774 quom'mn
242 3695 301 3754 dies
316 3697 387 3754 mula·
398 3706 475 3755 erent.
523 3691 612 3776 Atqui
628 3711 721 3775 neque
737 3691 800 3754 dies
815 3701 949 3755 emuntur
963 3711 980 3753 a
998 3691 1098 3768 nobis,
1121 3713 1176 3756 nec
1193 3715 1245 3779 pro

90 3793 154 3858 illis
179 3793 302 3878 pretium
326 3795 413 3858 ullum
436 3794 647 3880 persolvimus,
679 3794 731 3858 sed
754 3795 789 3858 ad
814 3793 981 3879 patientiam
1005 3815 1039 3857 ac
1060 3795 1244 3860 tolerantiam

90 3895 244 3980 animique
261 3898 453 3962 constantiam
470 3897 689 3983 exprimendam
708 3917 771 3961 earn
789 3896 924 3981 loquendi
941 3896 1083 3961 rationem
1102 3899 1241 3963 adhibuit.

91 3997 243 4083 Quocirca
267 4001 426 4064 redimendi
453 4002 573 4064 verbnm
598 4010 687 4064 toturn
711 3999 778 4063 illud
800 3999 926 4084 suseepti
949 4021 1001 4084 pro
1025 4001 1119 4065 salute
1144 4013 1244 4067 nostra

90 4100 228 4186 corporis
250 4102 449 4186 adventusque
473 4101 621 4185 negotium
647 4102 805 4186 significat,
838 4123 895 4184 quo
919 4103 1032 4186 quidem
1060 4104 1119 4188 pati
1145 4115 1244 4170 nostra

90 4223 201 4268 caussa
215 4203 350 4288 dignatas
364 4215 410 4268 est
424 4205 507 4282 deus,
529 4207 577 4289 qui
592 4205 649 4290 poti
664 4205 735 4270 nibil
748 4203 854 4288 alioqui
867 4216 991 4288 poterat,
1016 4226 1079 4269 curn
1095 4207 1123 4269 in
1141 4207 1241 4272 eodem

88 4315 173 4371 statu
191 4305 369 4384 divinitatis,
399 4307 523 4392 patiendi
541 4306 694 4386 uidelicet,
723 4306 909 4371 nibilominus
929 4308 1110 4393 persisteret.
1156 4307 1242 4392 erod

90 4429 168 4470 rero
190 4409 300 4493 perpeti
324 4408 430 4493 aliquid
453 4430 506 4494 pro
528 4409 612 4472 nobis
634 4409 741 4487 voluit,
774 4432 831 4474 non
853 4409 882 4473 id
905 4412 1017 4475 emendi
1037 4413 1128 4476 nostri
1148 4415 1242 4498 gratia

90 4509 259 4595 praestitit,
291 4512 372 4594 quasi
394 4511 490 4576 alieno
509 4509 652 4597 mancipio
672 4522 855 4593 teneremur,
886 4515 937 4579 sed
956 4535 1013 4578 uno
1032 4516 1173 4581 duntaxat
1189 4539 1242 4581 no-
