3078 5012
297 287 359 350 608
606 314 608 322 v
721 297 842 350 εειιυτι
858 297 1027 370 mmmm

296 417 405 500 λέγειν,
426 415 477 480 καλ
494 411 588 483 αύτοῦ
602 415 735 500 λέγοντος
750 422 804 480 τοῦ
819 423 966 502 σωτῆρος,
989 417 1033 480 Et
1048 422 1168 505 Μωῦσῇ
1186 414 1365 496 ἐπιστεύετε,
1387 417 1448 482 ἐπε

298 516 411 584 οτεύετε
432 515 541 586 ἀνατί
564 520 641 600 ἐμοί·
665 521 776 594 ἐκεῖνος
797 517 853 605 γάρ
876 521 943 604 περί
965 521 1038 602 ἐμοῦ
1059 520 1179 604 ἔγραφε.

379 722 465 807 Σγόλ.
479 722 534 806 κη’.
565 721 628 790 Οόκ
642 720 708 806 εἶχε,
731 721 791 789 Διό
805 731 891 790 τοῦτο
906 721 987 790 εέπεν
1000 721 1021 807 ἡ
1035 727 1127 808 σοφία
1138 731 1193 790 τοῦ
1205 731 1291 802 θεοῦ,
1315 721 1448 790 ΗἈπο-

294 827 398 891 στέλλω
414 829 456 901 είς
472 824 580 902 αύτούς
598 825 767 912 προφήτας·
790 829 840 892 καῖ
856 829 926 912 περὶ
943 830 1068 910 αἵματος
1087 831 1235 914 Ζαχαρίου
1253 825 1447 910 ο*καῖ”Αβελ

293 933 344 996 καῖ
366 937 425 996 ταῖν
446 936 623 1015 προφητῶν,
646 929 706 1008 ότι,
727 926 979 1013 Ἐκζητηθύσεται
1001 927 1060 995 ἀπό
1083 937 1137 1013 τῆς
1156 937 1258 1016 γενεᾶς
1277 928 1395 1012 ταύτης.

368 1031 486 1118 Ἔλεγγ.
503 1031 558 1115 κη’.
593 1033 652 1096 Καί
669 1031 810 1120 ἐντούτῳ
829 1055 875 1098 σοι
893 1031 985 1116 πολλὴ
1001 1031 1140 1116 αἰσχύνη,
1164 1025 1371 1118 ἀΜαρκλων,
1393 1039 1447 1098 τοῦ

293 1142 476 1222 χαρακτῆρος
491 1143 544 1218 τῆς
561 1132 701 1217 ἀληθείας
715 1136 896 1217 σωζομένου,
917 1136 969 1201 κοιλ
984 1143 1036 1218 τῆς
1048 1142 1233 1222 παρεκτομῆς
1247 1142 1304 1200 τῶν
1319 1134 1446 1218 κλεμμά-

294 1265 352 1303 των
367 1260 422 1305 σου
438 1234 661 1323 εύρισκομένης,
684 1233 744 1302 ἀπό
762 1243 815 1304 τοῦ
831 1235 1014 1323 ἀντιγράφου
1029 1245 1081 1304 τού
1097 1235 1173 1304 κατύ
1189 1245 1312 1304 Λουκῦν
1328 1235 1445 1324 εύαγγε-

293 1347 358 1408 λίου
373 1347 433 1406 τοῖν
447 1339 549 1406 τόπων
564 1337 797 1426 εύρισκομένων,
819 1341 870 1405 καλ
887 1347 947 1406 τοῖν
962 1339 1043 1426 παρὰ
1059 1348 1114 1406 σοῦ
1128 1338 1350 1427 ἀφαιρεθέντων
1369 1343 1447 1426 ἐλεγ-

292 1445 432 1528 χομένων.

376 1545 462 1629 Σγόλ.
480 1544 539 1610 κθ’.
571 1546 659 1631 Λέγω
684 1546 716 1612 δὲ
737 1554 799 1622 τοῖς
822 1549 920 1628 φίλοις
941 1572 1016 1629 μου,
1047 1543 1105 1630 Μὴ
1127 1549 1283 1630 φοβηθῆτε
1305 1543 1365 1612 ἀπό
1387 1553 1447 1612 τῶν

292 1647 527 1716 ἀποκτεινόντων
544 1645 577 1713 τό
594 1654 693 1731 σῶμα,
725 1647 882 1732 φοβήθητε
900 1645 932 1714 δέ
946 1646 999 1714 τόν
1014 1646 1086 1732 μετά
1103 1647 1136 1715 τό
1155 1647 1324 1714 ἀποκτεῖναι
1339 1651 1447 1732 ἔχοντα

295 1749 393 1835 Μτῖγν
414 1754 549 1829 ἐξουσίαν
569 1754 669 1833 βαλεῖν
690 1753 732 1827 είς
749 1753 876 1836 γέενναν.
923 1749 988 1817 Ούκ
1006 1747 1062 1834 εἶχε
1080 1752 1127 1832 ῦέ,
1152 1749 1223 1835 Ούχλ
1241 1752 1326 1816 πέντε
1339 1773 1447 1836 στρου-

292 1859 347 1922 θία
365 1852 512 1940 ἀσσαρίων
529 1851 584 1918 δύο
605 1860 803 1935 8ίττωλεῖται,
825 1856 876 1920 καλ
889 1858 925 1919 ‘iv
939 1857 969 1931 ἐξ
985 1851 1083 1920 αύτεῖν
1097 1851 1151 1921 ούκ
1168 1857 1248 1920 ἐστιν
1262 1856 1446 1937 ἐπιλελησμέ-

292 1985 345 2024 νον
367 1955 494 2023 ἐντόπιον
515 1962 569 2021 τοῦ
589 1963 680 2034 θεοῦ,

368 2057 485 2144 Ἔλεγχ.
502 2057 561 2124 κθ’.
599 2059 656 2137 Τό,
678 2059 766 2144 Λέγω
783 2056 840 2144 ἐγοῖ
854 2067 916 2136 τοῖς
929 2063 1027 2141 φίλοις
1040 2085 1114 2142 μου,
1135 2056 1193 2142 Μὴ
1209 2062 1363 2141 φοβηθῆτε
1381 2056 1445 2124 ἀπό

292 2169 351 2228 τοῖν
366 2159 600 2228 ἀποκτεινόντων
613 2159 646 2226 τό
661 2167 755 2242 σῶμα,
778 2159 934 2244 φοβήθητε
947 2163 982 2228 δέ
995 2161 1047 2227 τόν
1061 2165 1163 2246 ἔχοντα
1177 2162 1310 2238 ἐξουσίαν
1321 2158 1354 2226 τό
1368 2159 1446 2244 μετά

292 2264 325 2331 τό
342 2262 511 2331 ἀποκτεῖναι
527 2263 560 2330 τό
578 2271 662 2346 σοῖμα
678 2261 731 2346 τήν
745 2262 846 2347 φυγὴν
860 2268 958 2347 βαλεῖν
972 2267 1015 2340 εἰς
1031 2265 1159 2350 γέενναν,
1183 2261 1336 2350 ἀναγκάζει
1350 2285 1395 2342 σε,
1420 2255 1445 2328 οῖ

293 2373 457 2450 Μαρκίων,
486 2371 537 2434 καῖ
560 2365 596 2434 τό
620 2369 686 2448 έξῖγς
706 2373 759 2449 τῆς
781 2371 953 2452 παραβολῆς
975 2363 1161 2452 ὁμολογῆσαι.
1197 2363 1288 2431 ’Ἄνευ
1309 2365 1364 2452 γόρ
1387 2374 1444 2433 τοῦ

292 2478 367 2536 θεοῦ
382 2469 469 2536 οόιλέν
484 2475 601 2558 γίνεται,
622 2467 680 2534 κάν
694 2467 808 2558 έπάρης
822 2468 854 2534 τό
872 2471 940 2555 περὶ
955 2477 1014 2535 τοῖν
1028 2472 1203 2555 στρουθίων.
1246 2465 1443 2556 Ἀπολόγησαι

292 2565 348 2638 οόν
363 2576 428 2660 περὶ
446 2581 505 2639 τοῖν
521 2575 553 2640 έν
567 2579 609 2661 τῷ
626 2575 706 2662 ῥητῷ
720 2574 976 2653 καταλειφθέντων
991 2567 1051 2638 ύττό
1068 2579 1141 2650 σοῦ,
1164 2563 1188 2636 τό
1206 2576 1370 2656 Μαρκίων,
1390 2575 1441 2638 καλ

291 2673 450 2760 ἀπόκριναι
469 2672 541 2758 ἡμῖν
564 2679 591 2740 τί
611 2679 716 2764 διανοῇ
737 2676 805 2758 περλ
825 2683 880 2740 τοῦ
898 2677 1033 2752 ἐξουσίαν
1051 2676 1176 2757 ῖχοντος.
1221 2677 1263 2738 El
1276 2673 1334 2760 γοῖρ
1350 2679 1444 2757 φαίης

291 2775 382 2843 αύτόν
397 2774 471 2842 εῖναι
486 2775 539 2842 τόν
553 2779 666 2861 πατέρα
682 2783 736 2842 τοῦ
755 2783 902 2863 Χριστοῦ,
931 2774 983 2843 τόν
998 2779 1049 2842 καλ
1067 2775 1150 2862 παρά
1165 2778 1214 2842 σολ
1228 2773 1350 2862 ἀγαθόν
1363 2785 1438 2862 λεγο·

291 2905 379 2962 μενον
399 2877 489 2958 θεόν,
519 2882 546 2944 εί
563 2883 614 2944 καλ
631 2887 729 2956 κακοῖς
745 2883 866 2967 διαιροῖς
872 2931 881 2960 ,
911 2879 1019 2963 όμως,
1037 2878 1139 2961 ἐπειδὴ
1156 2882 1211 2962 ἔχει
1227 2878 1280 2963 τήν
1297 2882 1441 2958 ἐξουσίαν,

290 2983 421 3057 δέδωκας
437 2978 529 3048 αὐτόν
546 2981 648 3068 κριτὴν
665 2979 736 3048 όντοι
753 2985 804 3048 καλ
819 2981 930 3071 έκάστφ
947 2985 1071 3065 νέμοντα
1088 2979 1121 3047 τό
1136 2979 1198 3047 κατ’
1214 2979 1308 3060 ἀξίαν.
1354 2985 1397 3048 Εί
1411 2983 1442 3046 d?

289 3081 326 3150 οῦ
342 3091 426 3150 τοῦτο
443 3085 548 3170 λέγεις,
569 3082 642 3150 α’λλοῖ
657 3083 708 3151 τόν
725 3082 905 3171 δημιουργόν
922 3081 972 3150 τόν
989 3083 1070 3170 παρά
1085 3086 1134 3150 σοὶ
1148 3083 1237 3167 φύσει
1251 3082 1357 3168 κριτὴν
1371 3081 1442 3174 ᾀδό-

289 3213 392 3270 μενον,
422 3188 484 3274 λέγε
505 3213 557 3271 μοι
577 3191 621 3264 τίς
638 3186 732 3277 τούτῳ
750 3188 861 3254 δέδωκε
877 3183 935 3270 ’την
953 3189 1094 3265 ἐξουσίαν.
1139 3189 1181 3251 Et
1194 3185 1249 3274 γάρ
1268 3183 1321 3268 ἀφ’
1334 3188 1441 3253 ἑαυτοῦ

289 3291 361 3373 ἔχει,
390 3287 448 3374 ἀρα
469 3292 560 3376 μέγας
581 3292 658 3369 ἐστί,
685 3290 736 3355 καὶ
753 3292 887 3368 ἐξουσίαν
903 3291 973 3372 ἔχει·
1005 3293 1032 3354 εί
1047 3290 1080 3356 δὲ
1096 3296 1150 3355 τοῦ
1167 3294 1276 3376 κρίνειν
1293 3291 1439 3367 ἐξουσίαν,

289 3395 345 3475 ἔχει
363 3395 413 3458 καὶ
427 3400 481 3457 τοῦ
495 3391 603 3471 σοι’ζειν.
645 3390 679 3456 Ὁ
694 3390 748 3478 γάρ
765 3390 926 3476 δυνάμενος
938 3397 1062 3478 κρίνειν,
1084 3392 1208 3458 δύναται
1224 3394 1276 3457 καὶ
1291 3389 1438 3458 ἀπολύειν.

166 3529 217 3576 ρας.
230 3517 275 3562 εει.
290 3496 351 3560 Καί
368 3493 477 3574 ἀλλως,
510 3498 536 3559 εί
555 3501 607 3560 τοῦ
625 3503 727 3579 κριτοῦ
745 3493 903 3578 βάλλοντος
920 3492 973 3570 τοῖς
986 3493 1086 3579 ψυχαῖς
1103 3498 1145 3570 εἰς
1161 3495 1280 3580 γέενναν
1297 3493 1317 3560 ό
1333 3493 1404 3571 θεός
1421 3490 1439 3558 ό

287 3594 403 3682 ἀγαθός
419 3595 456 3662 ού
470 3596 572 3679 ῥύεται
586 3595 692 3675 αύτάς,
715 3593 733 3662 ό
749 3595 935 3680 πανταχόθεν
949 3605 1008 3664 τῶν
1024 3595 1121 3662 αύτοῖν
1137 3596 1366 3680 ἐπιμελούμενος
1379 3615 1436 3680 ψυ-

286 3707 361 3784 γοῦν,
383 3706 447 3774 ποῦς
465 3697 502 3764 ἀν
520 3703 564 3782 εῖη
582 3697 714 3786 ἀγαθόςς
740 3699 784 3764 Ἢ
794 3698 849 3785 γάρ
867 3697 912 3765 ὅτι
927 3697 1112 3786 ἰσχυρότερος
1128 3695 1222 3766 αύτοῦ
1236 3701 1311 3779 ἐστι,
1334 3697 1438 3765 καλοῦ

287 3800 410 3868 δύναται
425 3804 457 3866 ἐκ
474 3801 570 3886 χειρός
586 3804 726 3886 ῥύεσθαι,
754 3799 835 3885 ἢότι
850 3801 973 3867 δύναται
989 3801 1057 3885 μὲν,
1087 3799 1125 3867 ού
1140 3800 1275 3887 βούλεται
1289 3805 1332 3868 δέ.
1379 3805 1437 3867 Καὶ

286 3911 347 3972 ποῦ
362 3899 562 3988 ἦάγαθότηςς
595 3907 637 3968 Εί
653 3905 698 3983 δέ,
720 3903 822 3986 ἐπειδὴ
836 3901 925 3980 αύτός
939 3907 1067 3982 ἔκτισεν,
1090 3907 1225 3982 ἐξουσίαν
1242 3907 1299 3988 έγει
1313 3907 1364 3970 καλ
1376 3909 1437 3990 τρί-
1527 3937 1528 3962 ι

288 4031 364 4086 νειν,
393 4013 458 4082 τεοῖς
477 4003 495 4070 ό
512 4004 573 4072 ἀνω
592 4005 665 4082 θεός
681 4004 700 4072 ό
717 4004 776 4073 όπό
797 4013 851 4071 σοῦ
872 4005 1078 4090 μυθευόμενος
1094 4033 1177 4083 τινας
1192 4013 1322 4091 μερικοῖς
1338 4009 1436 4086 σοι’ζεις

288 4112 331 4174 Ec
341 4110 394 4192 μέν
406 4105 466 4174 ἀπό
478 4115 538 4173 τοῖν
552 4105 710 4194 ἀλλοτρίων
721 4107 878 4192 λαμβόνων
891 4108 984 4188 σοι’ξει,
1005 4117 1171 4176 πλεονεκτεῖ
1182 4106 1340 4194 ἀλλοτρίων
1353 4112 1437 4195 ἐρεῖν,

289 4213 316 4276 τέ
328 4213 359 4277 a}
373 4209 410 4278 ού
423 4210 548 4293 φάσκεις
562 4215 727 4289 πλεονεξίαν
745 4208 830 4291 εῖναι,
853 4209 950 4286 andsto*
967 4215 1009 4289 είς
1025 4209 1141 4299 ἀγαθόν
1155 4209 1189 4278 τό
1203 4213 1291 4297 ἔργον
1302 4217 1438 4300 γίνεσθαι

320 4397 361 4452 83.
379 4403 458 4464 snpra
474 4408 538 4454 επιστ
554 4399 707 4457 Ἀποστελῶ.
814 4441 819 4451 .
909 4403 950 4456 85.
966 4401 1013 4469 τήν
1030 4418 1070 4455 ιιιτ
1086 4417 1161 4467 supra
1176 4405 1259 4467 λολκι,
1284 4419 1357 4469 mque
1373 4407 1435 4468 ίτιίτα

321 4467 362 4517 84.
380 4467 424 4520 καλ
439 4485 513 4533 supra
528 4487 574 4522 που
590 4473 665 4521 habet.
877 4475 902 4522 ῖιι
917 4474 1016 4522 τλαπαλο.

908 4538 950 4594 86.
967 4541 1048 4604 supro
1064 4540 1202 4594 πολοῦνται.
