3110 4984
347 356 482 408 rnuaun
499 356 562 406 urs.
575 357 596 405 ι.
614 357 696 408 sont.
709 357 741 407 tt.
757 357 856 408 naun.
871 357 970 410 xxiv.
1167 347 1226 412 tto

94 499 141 562 quo
157 498 217 540 cum
235 475 345 539 caeteri
364 474 532 540 universam
548 474 577 538 in
593 472 775 560 Angelorum
790 475 1001 540 multitudinem
1018 478 1124 543 sortito
1143 501 1226 544 mua·

92 581 148 642 dum
163 577 387 654 distribueruuts
420 597 461 641 ex
482 597 539 662 quo
557 579 663 641 lactum
689 588 735 640 est
755 588 786 641 ut
802 577 844 641 illi
864 575 1038 642 ludaeorum
1056 601 1151 665 genus
1172 585 1226 646 obs

91 679 202 746 reniret.
244 677 296 744 Sic
311 681 537 764 omnipotentem
554 678 604 742 ille
621 680 767 743 dominum
782 699 884 743 verum
903 701 938 743 ac
957 681 1050 744 solum
1068 685 1152 747 deum
1169 705 1224 748 nec

88 784 164 846 alium
184 781 394 846 contumeliose
417 793 558 866 appetens
581 781 653 864 (uos
673 781 750 844 euim
768 783 891 844 eundem
909 781 1018 847 domini
1040 786 1133 847 nostri
1156 785 1224 852 lesu

88 881 188 949 Christi
208 895 319 970 patrem
335 884 521 966 confitemur)
541 882 617 946 bunc
632 882 749 967 inquam
765 882 915 977 abnegans
930 904 1018 948 unum
1035 904 1076 948 ex
1092 885 1128 950 iis
1151 909 1224 970 quos

86 987 202 1073 appellat
218 985 342 1070 Angelis
362 985 524 1064 constituit,
549 994 581 1048 ut
596 994 644 1050 est
660 1005 679 1048 a
695 983 780 1048 nobis
796 994 957 1050 ostensum.
998 982 1080 1071 Ergo
1098 983 1223 1052 ludaeos

85 1089 180 1154 sortitu
197 1087 239 1152 illi
262 1087 421 1172 contigisse
440 1087 544 1168 tradit,
567 1108 652 1171 quem
670 1097 700 1150 et
715 1087 802 1171 longe
817 1087 939 1173 reliquis
955 1086 1079 1171 Angelis
1094 1092 1224 1174 praetra-

85 1191 196 1254 atiorem
214 1211 301 1268 esse,
333 1209 367 1253 ac
388 1189 494 1253 virium
521 1209 638 1252 suarum
661 1187 782 1252 audacia
807 1189 911 1254 fretum
930 1187 1080 1254 lsraitlitas
1105 1211 1146 1255 ex
1163 1193 1224 1256 Ae-

83 1304 164 1378 gypto
183 1291 346 1371 liberasse,
370 1291 446 1376 quod
466 1290 592 1354 caeteris
612 1290 648 1354 ad
664 1291 827 1378 audendum
842 1291 971 1375 paratior
983 1292 1221 1378 pervicaciorque

84 1396 161 1457 leret.
207 1394 306 1478 Atque
325 1414 365 1457 ex
384 1393 485 1455 eadem
511 1391 677 1475 arrogantia
696 1393 866 1456 factumest
891 1391 932 1456 uti
955 1413 1008 1478 per
1030 1397 1222 1460 summania

83 1496 158 1560 deun
179 1494 413 1559 maledicentiam
439 1493 646 1580 praestigiator
670 1493 720 1557 ille
746 1505 864 1574 narrat,
893 1494 969 1558 idem
995 1505 1027 1557 ut
1050 1492 1222 1562 ludaeorum

84 1599 146 1662 leus
163 1597 294 1681 reliquas
312 1597 445 1662 nationes
469 1596 531 1660 suis
553 1595 625 1681 ipsis
640 1593 783 1662 lsmotttis
799 1597 888 1661 vellet
906 1597 1070 1675 subiicere,
1101 1617 1223 1684 eamque

84 1701 115 1762 ob
129 1721 263 1763 massam
286 1698 361 1764 bella
378 1698 550 1763 concitaret.
596 1695 674 1763 Suut
691 1710 721 1761 et
738 1699 794 1762 alia
811 1699 893 1784 plura
912 1719 986 1782 quae
1001 1698 1100 1763 laxata
1120 1711 1223 1765 eontra
1313 1727 1318 1734 ·

84 1803 159 1864 deum
177 1801 278 1885 lingua
294 1801 428 1885 elatoque
448 1821 500 1865 ore
517 1801 697 1864 miserrimus
718 1800 874 1864 bomuuciu
896 1799 1006 1864 iactare
1031 1822 1089 1865 uon
1107 1814 1153 1866 est
1171 1825 1223 1868 ve·

83 1903 160 1966 ritus.
205 1901 305 1967 Veluti
329 1924 393 1966 aum
422 1902 501 1966 addit
522 1915 678 1990 propterea
706 1902 840 1966 nadoues
862 1901 989 1986 reliquas
1012 1924 1077 1967 cum
1099 1902 1223 1969 ludaeo-

83 2025 139 2067 rum
159 2014 249 2088 gente
270 2004 346 2069 bella
361 2004 509 2090 gessisse,
533 2024 655 2089 eamque
670 2000 800 2090 plurimis
816 2004 953 2068 affecisse
973 2005 1074 2084 malis,
1097 2006 1135 2068 ob
1152 2007 1223 2070 alio-

83 2127 139 2168 rum
155 2106 340 2192 Angelorum
365 2106 503 2170 videlicet
522 2107 679 2184 invidiam,
711 2106 760 2190 qui
782 2104 858 2190 quod
886 2105 993 2169 abillo
1021 2108 1166 2171 contemni
1189 2131 1222 2172 se

82 2209 209 2272 siderent
230 2209 368 2272 commoti
396 2229 478 2273 suam
501 2206 623 2293 quisque
653 2219 771 2292 gentem
799 2219 902 2272 eontra
924 2203 1075 2272 lsratllitas
1102 2209 1223 2294 impule-

80 2320 153 2373 runt.
201 2307 330 2394 ladeque
354 2311 531 2374 factumest
558 2322 590 2374 ut
617 2322 757 2396 perpetua
784 2311 814 2373 in
842 2310 896 2374 bos
924 2308 999 2372 bella
1027 2311 1222 2396 tumultusque

79 2412 211 2476 concitati
234 2413 354 2477 luerint.

155 2509 313 2578 Eiusmodi
327 2525 374 2578 est
391 2525 458 2600 apta
476 2513 576 2580 illaad
594 2514 826 2600 persuadendum
841 2513 1010 2599 impostoris
1032 2515 1138 2578 oratio.
1163 2511 1221 2598 Qui
1240 2535 1303 2606 cap.
1313 2541 1356 2592 ιιι,

77 2615 158 2680 etism
184 2616 222 2678 de
242 2611 363 2680 Christo
382 2616 501 2701 perinde
524 2619 632 2698 sentit,
663 2617 762 2702 specie
785 2627 869 2680 tenus
887 2617 1030 2680 duntaxat
1052 2617 1223 2682 mortalibus
1247 2667 1249 2674 ,

75 2715 258 2804 apparuisse.
305 2713 420 2804 Quippe
437 2719 512 2804 qued
531 2718 560 2783 in
580 2739 616 2782 eo
635 2717 827 2798 cernebatur,
850 2717 921 2782 nihil
935 2730 1052 2804 praeter
1067 2718 1222 2806 imaginem

76 2820 185 2900 luisse;
203 2839 386 2903 sequerere
402 2833 451 2884 aut
467 2819 612 2884 bominem
629 2820 766 2884 extitisse
781 2831 832 2885 aut
846 2841 963 2884 carnem
980 2821 1121 2886 induisse.
1146 2819 1221 2886 Sub·

74 2921 132 2986 iiu't
152 2933 184 2985 et
202 2921 289 2986 aliam
305 2921 432 2986 velutin
451 2944 541 2986 scena
560 2921 683 2986 tabulam
701 2924 848 2987 secundus
866 2922 981 3002 histrio,
1004 2945 1069 2986 oum
1085 2925 1123 2986 de
1136 2920 1223 2989 Chri·

73 3023 106 3086 sti
124 3043 220 3088 eruce
237 3021 375 3108 disputat.
419 3023 520 3110 Negat
538 3025 615 3088 enim
635 3021 732 3089 lesum
754 3045 821 3090 esse
843 3045 977 3109 passum,
1006 3025 1065 3090 sed
1083 3025 1221 3090 vicarium

72 3127 97 3187 ei
116 3121 275 3191 Simonem
292 3120 479 3211 Cyrenaeum
497 3127 658 3191 substituit.
703 3124 771 3211 Quo
795 3128 872 3191 enim
897 3137 1028 3212 tempore
1048 3123 1222 3212 llierosolp-

71 3227 122 3292 uis
144 3226 285 3291 domiuus
302 3227 413 3292 eiectus
431 3239 493 3308 ost,
525 3240 556 3292 ut
578 3228 607 3292 in
623 3229 776 3312 evaugelio
799 3230 1020 3316 scriptumest,
1049 3229 1374 3312 angariare-usseran.

70 3341 136 3393 runt
155 3327 311 3395 Simonem
327 3330 472 3414 quendam
487 3326 674 3417 Cyrenaeum
693 3343 724 3394 ut
741 3333 831 3396 terret
851 3353 980 3396 crucem.
1025 3327 1075 3394 Ex
1095 3349 1153 3413 quo
1174 3349 1222 3391 oa·

69 3431 190 3495 sillandi
212 3431 464 3516 concinnandique
483 3433 608 3496 labulam
626 3453 707 3498 suam
729 3434 913 3498 occasionem
931 3432 1064 3518 arripuit,
1088 3429 1222 3494 nimirum

70 3529 225 3597 Cbristum
243 3529 412 3613 Simonem,
436 3554 501 3598 cum
516 3533 543 3597 is
560 3555 676 3598 crucem
690 3545 837 3621 portaret,
860 3535 890 3598 in
909 3556 991 3599 suam
1013 3542 1221 3612 commutasse,

68 3633 194 3718 uiasque
208 3633 340 3698 vicissim
357 3634 488 3698 induisse
510 3636 632 3700 formam
654 3637 751 3720 itaque
767 3633 919 3700 Simonem
941 3635 975 3698 ad
998 3634 1094 3698 crucis
1115 3634 1224 3720 suppli·

69 3735 142 3798 cium
168 3755 229 3800 suo
249 3735 316 3798 loeo
338 3735 503 3801 tradidisse.
550 3733 610 3820 Qui
632 3740 698 3801 dum
721 3739 750 3802 in
779 3758 867 3802 cruce
894 3736 1054 3820 subigitur,
1086 3733 1184 3801 lesum
1206 3759 1222 3802 a

69 3838 188 3902 nemine
217 3847 424 3922 conspectum,
456 3859 565 3924 cosque
588 3840 635 3923 qui
664 3835 814 3904 Simonem
841 3839 1009 3922 subigerent
1030 3839 1222 3918 deridentem,

69 3959 105 4002 rx
125 3939 263 4004 adverso
285 3938 464 4004 constitisse.
510 3940 588 4004 Tum
607 3941 642 4004 ad
658 3962 781 4028 superos
796 3961 863 4005 esse
879 3941 1063 4024 subvectum,
1088 3963 1152 4006 cum
1170 3963 1223 4026 pro

69 4059 99 4102 se
113 4041 269 4128 wadum
281 4037 432 4104 Simonem
449 4041 661 4123 substituisset,
685 4042 813 4127 nihilque
831 4040 905 4106 adeo
921 4063 1091 4129 perpessum
1108 4045 1137 4107 in
1156 4063 1223 4106 eoe-

69 4138 123 4204 lcm
143 4143 300 4207 evolasse.
339 4139 455 4208 luterea
471 4139 587 4223 Simon,
610 4166 669 4208 non
684 4141 820 4209 Cbristus
836 4144 866 4207 in
884 4165 1000 4210 crucem
1018 4145 1149 4210 sublatus
1165 4155 1222 4206 est.
1357 4177 1364 4194 .

67 4236 153 4308 lesus
172 4245 266 4324 enin,
285 4243 337 4322 ait,
358 4243 390 4308 iu
405 4245 518 4308 coelum
539 4255 660 4311 erectus
670 4243 803 4311 Virtutes
820 4266 922 4311 omnes
941 4247 1116 4332 penetravit,
1132 4246 1225 4308 dones

66 4423 157 4484 tetras
177 4427 255 4485 ἕνεκα
270 4432 322 4482 aad
338 4433 472 4497 illudimur
485 4435 543 4484 artu
557 4435 617 4486 ttbrt’.
668 4449 754 4501 puseo
769 4438 853 4499 retiret
868 4437 930 4488 tttrt

100 4495 164 4548 Gur.
184 4501 228 4550 lll.
254 4525 289 4540 --
327 4501 350 4552 l.
376 4501 636 4570 utrupmuapposdsat
701 4503 726 4553 2.
741 4503 949 4570 παραδεδωκέναι
966 4505 1018 4554 aas
1037 4505 1110 4554 tutte.
1130 4507 1152 4554 et
1172 4503 1227 4552 edtt.

62 4567 114 4615 aa
136 4569 215 4620 raas
230 4572 254 4619 ιι
267 4569 373 4620 imam
388 4569 471 4620 rum.
504 4563 635 4636 μιτιῳόρ-
668 4573 767 4623 nacon
792 4569 996 4640 ammomum
1013 4573 1108 4634 amesa
