3072 4986
396 341 442 393 AD
459 337 646 394 resistebant
663 335 772 392 hCthl
789 339 835 395 ΕΤ
849 337 957 392 PAULI.
1231 329 1251 388 7

212 612 512 694 EPIPHANII
544 611 815 691 Erlscerr
846 613 1135 695 urtsront

87 791 196 864 qnam
220 769 263 844 ad
287 768 444 843 dorcium
469 775 503 842 et
526 766 666 845 Paulum
691 769 906 866 presbyteros
938 769 979 844 ad
1005 771 1050 845 'es
1075 770 1248 868 rescripsit
1275 822 1280 831 -

233 911 315 984 quae
340 887 391 963 illi
416 889 457 962 de
482 888 707 964 lucubratione
732 887 790 961 ille
815 893 931 963 contra
955 887 1109 964 haereses

535 1007 811 1106 significaverant.

179 1173 317 1240 bominis
334 1175 552 1240 venerabilibus
574 1195 610 1240 ae
624 1173 762 1240 iratribus
783 1185 814 1240 et
835 1174 956 1260 collegis
973 1174 1085 1240 Aeaeio
1108 1186 1138 1239 et
1152 1171 1247 1241 Panto

88 1276 279 1364 Epiphanius
300 1277 331 1341 in
354 1274 475 1342 Christo
496 1277 632 1342 sabutcm.

182 1377 433 1464 Quemadmodum
454 1379 565 1464 autipoi
588 1378 747 1464 scriptores
768 1389 984 1444 consueverant
1005 1379 1035 1444 iu
1059 1379 1249 1465 praefationi·

88 1483 146 1546 bus
164 1503 205 1545 ae
219 1481 378 1568 proloquiis
391 1491 419 1546 et
433 1480 670 1567 inscriptionibus
685 1481 775 1546 totius
789 1481 887 1567 operis
901 1479 1041 1566 propositi
1055 1481 1182 1565 speeiem
1197 1482 1249 1545 ed-

88 1585 282 1648 amhrutione
301 1585 421 1668 quadam
439 1583 626 1648 informatam
644 1585 818 1662 ostendere,
845 1583 886 1647 itu
903 1594 932 1648 ct
947 1603 1002 1648 nos
1019 1584 1122 1648 eodem
1139 1584 1249 1648 oratio-

89 1687 138 1751 nis
149 1686 206 1750 usi
222 1705 329 1770 penne
343 1684 522 1771 prooemium
539 1685 594 1748 boo
606 1685 797 1765 instituimus,
820 1695 865 1766 ut,
887 1705 961 1772 quae
978 1685 1133 1772 postulatio
1148 1695 1248 1752 restra

91 1787 169 1866 tuit,
204 1806 302 1850 eorum
325 1807 399 1872 qnae
420 1787 563 1852 adversus
584 1787 723 1852 haereses
741 1787 911 1871 disputanda
930 1797 999 1852 sunt
1015 1808 1127 1852 summa
1146 1787 1248 1873 paueis

89 1888 334 1974 complectamur.
379 1887 525 1972 Quoniam
544 1889 622 1953 enim
639 1889 801 1954 haerescon
819 1889 945 1954 omnium
964 1890 1081 1954 uomina
1097 1889 1248 1954 declaran-

91 1993 128 2053 de
145 1991 236 2056 vobis
250 1990 304 2054 boe
317 1991 348 2054 in
361 1991 438 2056 libro
453 1990 651 2076 suscepimus,
674 2009 731 2056 nee
746 2011 805 2056 non
820 1992 987 2056 exsomnis
1001 2011 1037 2056 ao
1054 1991 1168 2056 nefaria
1183 1989 1249 2055 ibba·

92 2115 159 2158 rum
184 2091 293 2177 flagitia
315 2093 360 2156 sie
378 2102 512 2177 tanquam
533 2092 771 2177 praesentissima
790 2093 930 2177 quaedam
948 2113 1064 2158 venena
1083 2094 1248 2179 patefacere

91 2197 251 2276 uolumus,
275 2203 362 2279 etque
379 2195 424 2258 bis
438 2195 518 2260 redut
533 2195 662 2258 antidoto
676 2195 817 2279 quaedam
835 2204 1032 2280 opponentes,
1056 2215 1130 2278 quae
1145 2195 1194 2260 oet
1211 2193 1248 2257 iis

93 2298 143 2381 qui
159 2317 265 2360 morsu
282 2295 364 2380 petiti
385 2307 454 2360 sunt
470 2297 600 2361 remedio
617 2317 685 2360 esse
700 2296 831 2381 possint,
862 2295 911 2360 vei
928 2316 980 2359 eos
998 2295 1102 2380 quibus
1121 2316 1158 2360 nc
1175 2296 1248 2359 iuci-

94 2401 168 2462 dant
192 2399 351 2483 perieulum
373 2408 420 2462 est
437 2397 640 2483 praemuniant
661 2419 695 2462 ao
717 2406 911 2473 conservent,
942 2397 1129 2460 honestarum
1149 2416 1247 2460 rerum

93 2499 239 2566 studiosis
253 2499 459 2578 conscribere,
482 2497 649 2580 rismum,
673 2499 737 2565 sive
753 2500 892 2564 brentam
905 2497 1065 2577 Medicam,
1090 2499 1125 2563 ad
1145 2517 1247 2562 eorum

94 2603 144 2686 qni
163 2623 181 2664 a
198 2602 385 2688 serpentibus
401 2601 451 2666 icti
471 2613 539 2666 sunt
555 2599 713 2666 semodium
730 2601 793 2666 iure
811 2623 884 2684 opus
899 2599 968 2666 illud
987 2621 1021 2665 ac
1037 2601 1141 2664 bibrum
1158 2601 1249 2663 inter-

95 2705 294 2789 pretabimur,
326 2702 422 2788 quiin
439 2713 500 2766 tres
519 2715 616 2789 partes
633 2702 744 2767 divisus
760 2701 899 2768 haereses
916 2702 1065 2787 octoginta
1083 2702 1249 2788 complecti-

97 2817 158 2884 tur,
182 2826 256 2888 qnae
270 2815 437 2890 serpentem
453 2825 487 2869 ae
502 2803 647 2890 reptilium
662 2804 772 2870 simibes
787 2815 866 2868 suut.
902 2802 1070 2870 Secundum
1084 2823 1156 2889 quas
1171 2804 1250 2867 reri-

98 2905 170 2970 tatis
186 2908 397 2972 firmamentum
415 2917 445 2971 et
460 2907 598 2971 salutaris
614 2907 746 2971 doctrina
761 2905 885 2991 fideiqne
901 2907 1024 2972 formula
1041 2905 1171 2972 subiende
1190 2915 1247 2982 est,

98 3029 134 3072 ae
153 3005 265 3074 Christi
289 3029 416 3094 sponsa,
446 3021 549 3074 sancte
571 3009 707 3074 videlicet
728 3008 853 3072 ecclesie
871 3008 1029 3073 declarata.
1075 3005 1161 3090 Quae
1183 3025 1248 3070 oum

97 3111 155 3174 iam
172 3121 233 3175 tum
249 3109 286 3173 ab
303 3111 374 3174 orbe
389 3111 505 3174 condito
521 3131 589 3176 esse
606 3111 747 3196 eoeperit,
771 3120 871 3195 postea
888 3122 984 3174 tamen
1003 3131 1056 3196 per
1069 3106 1180 3174 Christi
1198 3108 1250 3172 do·

98 3211 171 3275 miei
184 3211 416 3276 incarnationem
429 3223 591 3298 temporum
606 3211 795 3277 successione
808 3223 877 3276 ante
891 3223 1133 3278 commemoratas
1146 3227 1248 3272 omues

99 3313 237 3378 baumes
251 3315 371 3398 vulgate
388 3323 475 3399 atque
491 3315 649 3400 patefacte,
671 3315 830 3398 eademque
847 3335 863 3378 a
878 3313 963 3380 uobis
977 3315 1006 3378 ia
1023 3310 1249 3378 commentarios

98 3436 138 3479 ex
157 3412 270 3480 Christi
290 3415 505 3500 praedieatione
525 3417 636 3495 reluta,
667 3437 702 3480 ac
723 3437 840 3481 rursum
857 3427 923 3502 post
942 3415 1114 3500 explicatam
1133 3429 1247 3474 omnem

97 3517 219 3582 istarum
234 3518 397 3582 haereseon
411 3517 622 3602 improbitatem
637 3537 677 3582 ex
690 3517 887 3603 apostolorum
901 3517 1052 3602 disciplina
1064 3524 1200 3579 accurate
1214 3535 1250 3578 ee

98 3620 251 3705 perspicue
267 3619 350 3682 brevi
367 3620 490 3703 quodam
503 3629 549 3684 est
564 3618 734 3704 compendio
749 3621 891 3700 subiecta,
915 3618 956 3683 uti
973 3637 1008 3681 ea
1023 3636 1056 3680 re
1070 3615 1185 3680 iliorum
1192 3631 1249 3678 re-

98 3730 236 3784 creentur
260 3741 296 3784 ee
316 3721 487 3786 reiciantur
511 3721 599 3786 animi
624 3723 670 3807 qni
698 3723 774 3786 bunc
798 3722 960 3786 haereseon
984 3719 1246 3804 percurrendamm

97 3821 228 3886 laborem
252 3823 447 3908 susceperint.

182 3921 476 4005 Perseveremus,
500 3925 686 3990 honestarum
703 3943 801 3988 rerum
817 3921 939 3988 studiosi
958 3923 1102 4005 lectores,
1124 3934 1246 4006 rogatos
1265 3935 1324 4004 cap.
1342 3935 1361 3985 t.

97 4025 246 4105 rodamus,
269 4038 302 4089 ut
317 4037 348 4090 et
364 4027 544 4111 prooemium
560 4028 654 4112 ipsum
672 4036 702 4092 ct
717 4023 931 4109 insequentium
952 4025 1114 4090 haereseon
1130 4023 1248 4108 exposi-
1359 4025 1361 4029 '

97 4127 208 4191 tionem
226 4147 261 4192 ee
279 4127 412 4192 reriutis
429 4128 641 4214 professionem
659 4139 690 4193 et
705 4126 866 4191 doctrinam
886 4147 920 4192 ee
939 4137 1058 4192 sauctae
1078 4136 1108 4190 et
1126 4123 1248 4188 cathodi-

99 4296 154 4330 rmu
170 4297 266 4362 memus
283 4279 401 4380 Archippo
417 4279 586 4348 appellantem
607 4279 658 4332 hoc
725 4275 750 4331 4.
766 4281 804 4332 ito
818 4283 871 4332 thri
886 4293 978 4344 omnts;
995 4278 1098 4345 chuppa
1111 4282 1144 4328 tet
1159 4279 1246 4358 pyraeo,

99 4349 373 4486 aspicem&
392 4355 483 4470 &aare
502 4421 593 4470 nowoit
613 4420 657 4470 Pe·
689 4349 1247 4480 mymphwcwfflxffi·

99 4488 186 4536 amem
692 4503 759 4551 pure
775 4485 932 4549 reponendum
949 4497 996 4535 rtet
1011 4486 1117 4534 crowd.
