3072 4986
313 335 448 386 annana
467 335 544 387 nav.
561 335 730 388 senenses
749 336 810 389 nra.
825 339 843 388 1.
861 336 941 390 aon.
956 341 973 388 1.
1178 327 1218 390 aa

62 452 249 540 perstitionis
269 451 383 518 initium
407 455 598 534 estfactum,
623 455 863 540 quemadmodum
886 476 903 519 a
923 456 1081 524 maioribus
1104 458 1217 544 accepi·

62 575 138 619 mes.
181 553 318 619 Tametsi
334 554 461 618 nondum
479 557 515 620 ad
533 555 689 622 simulacra
706 557 893 640 caelatasque
909 557 1030 640 lepidas,
1056 570 1106 624 aut
1123 561 1215 644 ligna,

63 669 115 722 ant
138 667 300 740 argenteae
322 677 486 741 sumusque
511 668 624 722 statuae
646 658 805 722 alteriusve
833 660 972 723 materiae
996 663 1217 746 superstitiosus

63 760 113 823 ille
131 758 232 822 cultius
247 758 440 834 adhaeserat,
465 778 520 822 nec
536 758 613 822 aliud
632 769 749 844 praeter
766 760 881 824 calores
903 763 1115 848 etqueelligies
1138 776 1213 841 erat,

64 863 96 925 in
118 883 178 946 qno
200 860 348 924 bominum
369 869 482 924 mentes
503 882 610 924 novum
629 881 682 945 per
700 883 767 925 sese
790 862 936 944 nequitiae
953 883 1045 947 genus
1063 867 1215 950 excogita-

63 975 147 1040 rent,
172 983 209 1026 ac
229 975 404 1046 spontanae
420 963 596 1046 proprioque
613 963 701 1026 animi
725 981 759 1025 ac
782 964 904 1026 rationis
927 967 1034 1050 impetu
1054 987 1108 1050 pro
1126 967 1216 1034 hane·

65 1075 140 1130 state
156 1065 213 1128 silui
233 1063 353 1128 sceleris
373 1063 578 1148 turpitudinem
591 1065 810 1128 adsciscerent.
855 1061 916 1130 Sed
941 1077 973 1130 ut
995 1067 1030 1130 ad
1052 1067 1215 1132 institutum

66 1168 198 1244 redeam
223 1162 358 1230 Serucluo
375 1175 460 1230 natue
480 1177 526 1230 eet
539 1163 680 1244 Nachur3
703 1165 740 1230 ab
756 1187 793 1230 aa
809 1163 924 1230 'Pharna
939 1167 1055 1251 genitus
1073 1179 1130 1232 est.
1166 1168 1214 1234 Ex

67 1291 124 1353 qne
141 1280 276 1352 tempore
300 1267 455 1331 simulacre
479 1268 602 1352 primum
624 1287 665 1332 ex
686 1267 789 1350 argilla
811 1267 967 1352 ligliucque
987 1289 1077 1353 opere
1097 1281 1216 1355 reperte

68 1382 149 1447 suut,
175 1369 288 1432 artilice
306 1367 439 1449 Tharria,
463 1370 602 1453 adquam
624 1379 669 1432 ter
689 1369 767 1432 mille
782 1369 901 1432 circiter
917 1381 947 1432 et
963 1379 1161 1436 trecentarum
1181 1393 1216 1436 ec

68 1473 184 1556 triginta
201 1473 325 1534 duarum
342 1491 483 1535 asinorum
501 1470 595 1554 spatio
611 1472 645 1534 ed
661 1491 751 1554 usque
767 1471 935 1534 vicesimam
953 1483 1080 1536 aetatem
1099 1473 1215 1537 humani

69 1575 185 1658 generis
201 1586 333 1657 tempure
349 1583 508 1658 propagata
523 1583 604 1636 sunt.
638 1569 706 1636 Nec
721 1571 751 1635 in
769 1583 850 1635 tanto
867 1572 1014 1637 hominum
1032 1594 1153 1638 numero
1170 1575 1217 1638 ul·

69 1675 111 1738 lua
127 1675 226 1738 adduc
242 1675 315 1738 lilius
331 1686 399 1738 ante
415 1685 562 1760 parentem
578 1673 704 1750 abierat,
726 1674 776 1738 sed
794 1674 999 1757 superstitibus
1016 1676 1126 1740 relictis
1143 1675 1216 1740 lilae-

70 1777 107 1840 n's
122 1788 225 1862 patres
243 1797 284 1840 ex
299 1775 353 1840 ltac
370 1777 432 1840 uita
447 1777 620 1860 migrabant.
664 1773 744 1839 Nam
759 1775 833 1859 quud
850 1775 972 1840 Abelem
992 1777 1121 1844 obiicere
1136 1778 1216 1863 quis·

70 1880 140 1962 piam
159 1888 275 1962 posset,
299 1899 478 1963 nequaquam
500 1879 641 1964 procedit,
665 1899 730 1940 cum
747 1877 773 1940 is
788 1866 918 1942 violinte
934 1890 1028 1943 morte
1046 1892 1216 1966 praereptus

71 1982 167 2042 luerit.
213 1977 410 2064 Posteaquam
437 2001 508 2045 nero
531 1978 648 2044 'Pharra
673 1979 771 2063 figlina
796 1989 861 2043 arte
884 1979 968 2044 deum
995 1982 1074 2046 velut
1102 1981 1216 2046 aemulo

71 2083 191 2165 quodam
208 2086 343 2167 oppositu
361 2103 523 2168 provocare
539 2081 651 2166 caepit,
676 2082 792 2164 dignam
812 2081 895 2144 lactis
911 2082 973 2146 suis
990 2084 1154 2148 mercedem
1170 2103 1217 2146 re-

71 2185 213 2268 portavit,
237 2205 301 2248 eum
319 2196 349 2248 et
363 2184 426 2270 ipse
442 2183 492 2248 lilii
509 2185 554 2248 eui
572 2183 682 2248 iactura
701 2182 830 2246 vicissim
845 2179 1056 2266 quodammodo
1075 2203 1216 2271 provoca·

70 2297 112 2350 tus
130 2297 190 2349 est.
239 2283 324 2368 Quod
348 2287 460 2370 quidem
479 2286 524 2350 dei
541 2285 695 2350 consilium
714 2285 860 2348 admirans
883 2286 1026 2370 scriptura
1048 2285 1217 2350 nominatim

69 2387 111 2452 itia
127 2389 231 2452 verbis
248 2390 415 2474 expressit:
447 2393 487 2451 Ει
510 2401 636 2450 martinas
656 2399 700 2450 est
714 2393 815 2449 Arrun
836 2407 931 2448 aarum
952 2391 1062 2450 Pliorrn
1078 2399 1165 2469 putre
1187 2392 1216 2450 in
1229 2394 1366 2452 Genti!

71 2502 145 2552 tem
167 2497 326 2554 nummus
345 2512 424 2553 cuae.

164 2592 326 2677 Hucusque
357 2591 496 2676 Scythica
530 2592 669 2676 quaedam
702 2590 853 2654 successio
889 2590 1100 2676 appellatioque
1136 2611 1217 2655 man·
1235 2599 1361 2668 eapvtt.

69 2693 115 2756 sit
163 2693 254 2758 Nulla
274 2715 347 2758 reru
369 2694 463 2758 adlaue
479 2691 611 2757 haeresis
632 2701 715 2770 erat,
740 2713 795 2756 nec
812 2692 899 2755 ullum
923 2693 999 2756 aliud
1022 2704 1216 2757 commentum

70 2807 187 2878 praeter
202 2796 395 2862 idololatriam
416 2799 587 2880 irrepserat.
631 2793 743 2860 Postea
759 2815 831 2859 vero
852 2794 986 2858 infelices
1003 2806 1146 2881 tyrannos
1168 2807 1219 2860 aut

69 2898 323 2980 praestigiatores,
346 2899 394 2981 qui
411 2897 656 2960 incantationibus
672 2896 734 2960 suia
750 2917 785 2960 ac
803 2895 926 2959 fallaciis
944 2906 1034 2960 tutum
1051 2898 1151 2962 orbem
1167 2898 1218 2961 de·

71 3011 222 3084 ceperant,
245 2999 354 3063 diuinis
369 2998 528 3062 lunaribus
543 3009 766 3076 consecrarunt,
790 3016 950 3081 eurumque
964 3009 1150 3062 monumenta
1167 3019 1218 3062 ve·

69 3102 163 3164 aerati
183 3113 266 3166 sunt.
312 3098 384 3164 inde
407 3100 495 3185 longo
517 3111 583 3185 poet
604 3111 734 3186 tempore
749 3097 910 3164 Saturnum
933 3109 963 3162 et
981 3097 1100 3180 lavem,
1123 3097 1218 3184 Opem

70 3223 101 3262 ae
117 3201 282 3280 lunonem,
310 3213 502 3286 caeterosque
522 3201 623 3265 horum
644 3201 790 3279 asseclae,
814 3211 874 3265 tum
889 3201 1049 3266 Acinaoem
1064 3199 1218 3266 Sarmatae

69 3299 201 3388 Scythici
226 3307 346 3388 generis
369 3325 422 3390 prc
438 3305 494 3366 deu
513 3303 609 3366 colere
632 3313 807 3388 caeperunt,
831 3315 864 3366 ut
883 3315 914 3367 et
933 3299 1100 3390 Odrysiam,
1124 3322 1140 3364 a
1162 3320 1218 3382 quo

70 3404 207 3470 Thraces
226 3405 361 3483 oriundi,
385 3405 569 3488 indidemque
593 3414 623 3468 et
637 3401 786 3490 Phrygum
806 3425 901 3488 genus
923 3405 1065 3488 originem
1087 3401 1217 3486 accepitq

68 3527 107 3570 ex
124 3530 184 3592 quo
201 3507 289 3570 mmm
306 3507 412 3570 accidit
427 3518 458 3570 ut
473 3529 490 3570 a
503 3503 615 3584 Thera,
639 3506 687 3590 qui
703 3505 733 3569 in
747 3506 796 3570 illa
813 3507 901 3570 turris
917 3501 1119 3570 aedificatione
1134 3513 1219 3568 uatus

67 3621 131 3685 est,
156 3607 306 3672 Thracum
325 3609 479 3695 appellatio
496 3609 619 3673 deducta
637 3608 686 3671 sit.
731 3605 879 3693 Deinceps
894 3627 997 3670 errore
1016 3605 1044 3669 in
1062 3605 1218 3670 humanum

68 3731 163 3792 mans
182 3710 370 3789 introducto,
393 3713 427 3773 ad
444 3711 525 3774 illum
545 3731 636 3794 usquc
654 3729 737 3792 quem
755 3711 904 3793 attigimus
922 3707 1093 3787 terminum,
1118 3709 1219 3794 depra-

68 3815 184 3878 raticra
202 3815 232 3875 in
253 3813 316 3876 diee
337 3823 406 3876 sunt
426 3813 561 3876 revoluta
581 3823 724 3894 tempure.
767 3809 847 3875 ilinc
864 3809 958 3873 omnia
978 3810 1026 3874 illa
1045 3811 1219 3896 scriptorum

68 3927 156 4000 atque
175 3915 382 3979 historicorum
401 3925 469 3977 nata
486 3914 585 3999 capia,
610 3912 658 3998 qui
675 3913 711 3975 ab
730 3911 940 3997 Aegyptiorum
958 3913 1097 3978 fabulosis
1117 3932 1220 3997 super·

67 4017 240 4082 elisionibus
258 4015 395 4079 universa
411 4017 532 4078 mutuati
549 4025 627 4078 sunl.
664 4012 749 4078 Unde
766 4021 796 4076 et
812 4012 951 4076 maleficia
970 4014 1156 4098 magicaeque
1173 4033 1220 4075 ar·

68 4129 112 4183 tes
130 4131 270 4184 exortae.
316 4114 362 4180 Ea
384 4138 472 4202 porro
491 4118 586 4181 omnia
611 4127 670 4180 tum
689 4137 706 4179 a
723 4111 865 4198 Cecropia
885 4125 980 4178 acmte
996 4115 1135 4180 translata
1152 4121 1221 4198 eunt

99 4289 125 4338 5.
149 4293 186 4339 ,ιι
200 4295 261 4338 recle
276 4291 334 4338 tuce
347 4291 420 4338 umbe
433 4289 544 4338 enm
561 4291 631 4338 uin·
698 4283 723 4336 6.
741 4282 916 4351 inanisinanes
934 4287 977 4339 rui
995 4284 1020 4338 iu
1036 4302 1058 4336 τ.
1074 4299 1100 4334 n.
1117 4296 1220 4346 γιγειη·

68 4359 208 4416 lerpretntes
223 4362 257 4406 eet
272 4359 405 4406 Petuntur?
439 4358 520 4406 Verte:
537 4355 631 4406 deinde
666 4351 747 4419 μένου.
780 4352 900 4418 περιέστη
919 4355 969 4404 cod.
988 4356 1061 4403 louet.

70 4438 130 4471 rere
140 4423 274 4474 acinacem
286 4423 499 4490 proscynhanum
515 4424 630 4490 etOdry·
699 4421 723 4473 7.
740 4417 842 4487 φρύγιον
860 4423 910 4470 eud.
929 4423 1002 4470 Venet.

70 4491 401 4610 :suntqoprcsn'l'hpeeqqepcrp
418 4487 491 4540 iture
507 4491 631 4608 etegeppia
698 4489 724 4608 g
742 4485 978 4610 qpppppppgmdptsa
993 4485 1036 4540 nul
1052 4487 1103 4537 eud.
1123 4488 1196 4536 venet.

147 4575 174 4607 re
221 4575 249 4608 m
267 4575 308 4610 ma
469 4575 532 4626 ccep
549 4575 577 4608 ra
607 4593 614 4607 .
719 4594 725 4604 .
835 4591 841 4605 .
929 4591 935 4604 .
