3110 4984
337 279 473 333 renentt
489 279 566 332 ADV.
584 279 754 332 assumes
771 279 833 332 ΗΒ.
846 280 867 333 l.
882 280 964 334 TObl.
978 282 998 332 l.
1186 273 1242 336 bil

110 403 178 468 nuto
200 421 297 486 oeque
322 399 516 478 loleeomm,
545 419 642 483 neque
666 395 834 482 gentilium,
863 419 959 485 neque
981 396 1245 482 Semeriteuorunr,

110 525 192 589 neque
219 503 341 568 ulterius
372 500 491 586 generis
518 511 712 586 repugnante.
767 496 905 564 Secundo
934 503 1082 586 preeccuii
1110 505 1248 570 coelestis

109 627 177 670 enno
196 603 425 690 quamplurimos
443 599 657 666 obtrectatores
680 600 800 681 hebuitq
823 603 871 687 qni
888 602 1003 688 quidem
1020 603 1149 670 llerotlis
1170 607 1248 672 eius-
1360 665 1367 678 ,

109 709 165 770 len
179 704 285 784 XlX.,
310 703 422 770 Cbristi
438 701 580 768 XXXll.
602 703 711 768 extitit.
757 701 883 768 Domum
903 703 981 770 XX.
1002 708 1166 774 tetrarchae
1184 707 1248 772 lle-

110 809 178 874 rolis
193 829 273 872 enno
291 803 429 872 Christos
447 805 581 870 lominus
597 805 636 869 ob
655 804 774 870 numani
789 805 908 890 generis
923 807 1047 872 sulutem
1064 831 1180 893 possus,
1203 822 1248 876 et·

108 931 158 994 qne
176 911 278 974 eodem
297 919 429 994 tempore
456 907 525 972 nibil
548 929 654 993 possus
676 917 742 985 est,
771 918 831 971 tum
856 928 921 970 eum
945 921 1068 974 mortem
1090 911 1249 995 degustans

108 1011 192 1097 ipsum
210 1011 298 1074 etism
317 1009 414 1074 crocis
430 1009 600 1094 supplicium
619 1009 725 1086 subiit,
749 1029 814 1072 cum
834 1009 951 1073 interius
970 1011 1042 1074 nihil
1060 1011 1124 1098 ipse
1144 1013 1249 1078 divini·

109 1125 162 1177 tete
176 1123 335 1198 peteretur.
369 1115 484 1174 Clrr'sto
498 1117 581 1187 moin,
606 1110 649 1175 eit
664 1109 821 1195 scripturo,
840 1133 896 1192 pro
910 1113 990 1174 nobc's
1004 1118 1034 1174 e'n
1050 1136 1137 1176 cerne
1148 1137 1244 1195 puseo
1262 1129 1400 1186 tranet.

108 1213 305 1298 linteumque:
337 1215 531 1294 Mortifientns
550 1235 652 1288 omne,
682 1215 841 1294 mbistcutus
859 1225 951 1274 netem
971 1219 1089 1294 spetn'tu,
1120 1227 1152 1279 ct
1173 1237 1247 1300 quse
1261 1214 1354 1310 ¹5¹3?

108 1328 274 1400 sequuntur.
320 1311 354 1378 ln
372 1334 459 1378 cruce
474 1315 678 1400 suspenditur,
701 1313 860 1400 sepelitur,
884 1315 920 1377 etl
935 1316 1045 1379 interos
1062 1337 1127 1379 cum
1143 1317 1249 1383 (livini-
1286 1297 1293 1320 ⁹
1333 1299 1338 1310 Ι

109 1428 162 1481 nte
180 1439 234 1482 sne
254 1416 407 1500 animoque
430 1417 599 1493 descendit,
622 1417 766 1501 captiuum
786 1415 866 1478 (lucit
885 1415 1083 1501 captivitatem
1105 1439 1139 1482 ee
1161 1421 1249 1484 tertio

108 1519 151 1582 lie
164 1541 227 1582 cum
242 1518 428 1582 sanctissimo
446 1539 500 1582 suo
517 1539 641 1602 corpore
662 1519 698 1581 ed
716 1519 805 1582 vitum
821 1518 979 1582 excitetur.
1026 1515 1112 1600 Quol
1134 1521 1249 1605 quidem

109 1641 208 1706 eorpus
226 1640 321 1704 oeque
336 1620 553 1683 dissolvendum
571 1620 711 1704 emplius,
735 1640 790 1684 nec
808 1640 980 1705 passurum,
1004 1641 1059 1685 nec
1077 1605 1131 1686 sub
1148 1625 1250 1686 mortis

109 1723 278 1785 dominatum
297 1731 398 1806 posteo
418 1741 571 1785 cessurum
588 1741 652 1784 curu
669 1741 723 1784 suu
743 1721 894 1786 divinitate
910 1721 1075 1786 coniunxit.
1120 1721 1152 1786 ltl
1174 1724 1250 1808 qood

108 1823 225 1908 spostoli
248 1821 415 1888 testimonio
434 1821 657 1907 comprobeture
680 1827 777 1898 Mors,
802 1821 913 1907 iuquit,
935 1845 991 1886 uon
1012 1828 1133 1905 amptius
1153 1831 1182 1888 ei
1199 1831 1249 1888 do-
1262 1843 1388 1898 somne.

107 1928 265 1988 sonabitur.

184 2025 253 2090 lloc
269 2025 360 2112 igitur
373 2026 467 2112 ipsum
481 2045 600 2111 corpus,
624 2045 743 2090 monem
757 2026 850 2112 ipsum
866 2036 898 2090 et
908 2026 1046 2107 enimam,
1069 2027 1133 2113 ipse
1148 2027 1251 2114 quibus
1270 2034 1329 2102 cap.
1342 2036 1386 2087 111.

106 2127 257 2192 comtebet
279 2129 395 2206 omnio,
419 2135 484 2192 'non
507 2128 585 2191 eliud
608 2127 760 2211 quicquum
783 2139 902 2211 praeter
924 2150 1026 2194 verum
1050 2150 1175 2214 corpus,
1199 2131 1252 2196 secl

105 2230 260 2315 ipsummet
276 2229 346 2294 illul
366 2228 397 2294 vi
414 2229 536 2294 coelesti
555 2229 697 2314 pertudit,
721 2229 802 2293 etin
828 2250 916 2294 uuum
939 2230 1090 2315 idemque,
1113 2232 1143 2296 in
1165 2253 1253 2296 uuum

106 2333 220 2416 inquom
235 2331 416 2395 divinitatem
432 2329 626 2409 consociavit,
646 2341 679 2396 ut
693 2341 724 2394 et
737 2352 825 2396 cerne
841 2343 981 2396 constans
997 2342 1027 2396 et
1041 2331 1251 2418 incorruptum,

104 2453 278 2518 corporeum
293 2433 380 2496 simul
396 2454 430 2496 oc
446 2432 615 2518 spirituale,
639 2445 809 2498 concretum
825 2454 860 2496 ue
875 2443 982 2513 tenue,
1006 2435 1129 2498 mortule
1145 2434 1255 2518 puriter

104 2545 191 2619 etqm
208 2533 374 2598 immortale
388 2533 458 2598 ittut
476 2545 568 2613 esset,
592 2535 668 2618 qootl
686 2535 765 2598 nulls
784 2534 903 2598 omniuo
921 2536 987 2599 tube
1005 2535 1176 2600 dissolutum
1191 2538 1254 2602 tue·

103 2647 167 2715 ret,
189 2655 288 2721 neque
304 2635 369 2700 eius
390 2636 486 2700 enims
504 2635 579 2720 opud
595 2635 708 2700 inlesos
722 2636 841 2714 relicto,
865 2655 920 2700 nec
936 2636 1029 2721 ipsum
1047 2637 1129 2702 velot
1143 2637 1254 2702 iustru-

102 2749 235 2802 nentnm
257 2737 401 2821 quoldum
417 2738 514 2822 ulique
533 2757 574 2801 ex
595 2747 677 2822 perte
696 2739 807 2824 peccati
830 2739 861 2802 iu
884 2737 1053 2824 obsequium
1076 2740 1252 2824 impensum,

102 2859 201 2924 neque
225 2859 310 2902 mens
335 2839 393 2904 ullu
414 2851 478 2903 eret
501 2839 532 2904 in
554 2839 684 2903 (leterius
706 2839 866 2904 mnutioce
890 2841 1009 2925 pollute.
1053 2837 1114 2906 seu
1136 2841 1178 2905 ito
1197 2840 1254 2906 sibi

102 2942 202 3006 cunin
220 2961 294 3025 quse
311 2940 457 3006 bominum
474 2940 591 3027 propris
606 2950 676 3004 sunt
693 2940 833 3020 ulscivit,
856 2943 959 3006 endem
974 2953 1005 3008 ut
1021 2943 1136 3028 integre
1152 2963 1254 3008 servu·

101 3057 167 3124 ret,
193 3063 272 3128 quoe
286 3061 376 3108 verse
398 3043 440 3106 illi
459 3065 543 3128 qoem
567 3041 622 3106 sibi
641 3041 850 3108 conciliaverat
872 3053 993 3109 ceturae
1011 3046 1195 3110 necessarios
1217 3046 1254 3110 nd

102 3167 176 3210 usne
195 3142 337 3210 divinitus
353 3155 559 3222 concesserat,
583 3163 654 3208 usus
674 3143 809 3208 nimirum
834 3143 917 3225 illos,
941 3145 989 3230 qui
1007 3158 1040 3211 ut
1055 3167 1122 3212 esse
1139 3146 1254 3233 penitus

101 3247 222 3332 possint
236 3245 341 3331 pertin
357 3246 488 3331 corporis
505 3255 611 3329 egent,
635 3246 738 3331 purtim
754 3245 859 3324 ouini,
883 3258 970 3331 utqm
988 3248 1133 3312 homenes
1147 3247 1253 3312 mentis

100 3347 302 3425 adminiculo,
325 3345 484 3411 eoicsmorli
499 3356 569 3412 sunt
585 3349 690 3425 lomes,
714 3347 797 3426 sitis,
819 3348 905 3412 fletus
920 3370 956 3413 oc
975 3349 1069 3429 dolor,
1092 3348 1252 3433 lacrymae,

100 3469 228 3514 amous
242 3469 280 3512 ec
294 3447 424 3532 requies.
459 3447 543 3513 llsee
559 3449 636 3512 enim
653 3448 750 3513 omnin
764 3449 843 3514 nulle
856 3450 999 3516 iulosentu
1014 3449 1125 3536 peccati
1141 3447 1252 3532 specie,

100 3560 263 3636 mptee
277 3549 374 3635 reipsa
386 3560 507 3615 uotoree
521 3551 646 3615 bominis
658 3561 829 3634 argumente
847 3553 1009 3628 continent,
1030 3571 1087 3635 que
1101 3572 1167 3616 cum
1181 3571 1254 3616 vere

101 3651 279 3716 oemoeiets
294 3651 430 3716 divinitus
446 3651 601 3716 boninum
619 3661 715 3716 umen
737 3651 844 3737 petitur
863 3653 952 3730 nibil,
976 3651 1091 3716 temetsi
1110 3673 1184 3738 quoe
1206 3673 1254 3718 ru·

101 3753 179 3818 b'oni
191 3763 395 3818 consentanee
408 3754 517 3833 locent,
535 3763 566 3818 et
578 3753 616 3818 ub
628 3752 707 3816 omui
722 3754 836 3816 scelere
850 3764 938 3838 etque
952 3754 981 3816 in
996 3753 1078 3837 peius
1095 3755 1254 3820 monnone

100 3854 209 3938 procul
225 3865 344 3932 essent,
367 3853 528 3918 admiserit.
571 3853 621 3920 Au
637 3853 710 3918 bueo
726 3853 872 3918 excitatus
893 3874 910 3917 s
933 3865 1028 3918 morte
1046 3851 1181 3922 Christus
1203 3877 1252 3922 oc·
1264 3865 1344 3960 ξιξ

101 3955 197 4021 elusis
216 3955 313 4020 innms
328 3954 479 4040 ingressus
493 3967 552 4037 est,
574 3956 617 4022 uti
632 3956 709 4040 quod
723 3956 863 4020 hactenus
881 3975 1010 4020 cressum
1026 3969 1253 4042 concretumque
1291 3947 1299 3972 ’

101 4058 206 4121 lueret
231 4077 338 4143 corpus
361 4057 461 4120 cedem
487 4079 551 4121 cum
578 4077 667 4120 essue
691 4057 865 4141 ossibusque
889 4067 975 4122 tenue
1000 4080 1034 4123 sc
1058 4060 1165 4124 subtile
1186 4077 1253 4122 esso

100 4169 301 4224 metueret.
335 4153 440 4222 Statim
455 4159 533 4222 enim
546 4170 635 4243 utque
651 4159 851 4243 introgressos
866 4170 913 4224 est
928 4181 1030 4226 munus
1046 4182 1082 4225 uc
1099 4161 1200 4247 pelles,
1223 4171 1254 4222 et

100 4261 279 4324 ecclosenm
297 4259 374 4324 lutus
388 4279 453 4324 cnm
471 4261 588 4326 ossibus
605 4281 641 4324 ec
657 4260 757 4324 uersis
773 4262 918 4342 osteutlitp
941 4263 1015 4328 utleo
1034 4283 1109 4347 qoue
1131 4271 1190 4324 tum
1209 4259 1255 4324 vi·

99 4359 254 4426 debentur
276 4360 371 4426 solida
390 4372 492 4440 erent,
523 4383 578 4426 nou
603 4361 701 4448 specie
725 4373 809 4426 tenus
833 4363 985 4428 extabunt.
1030 4360 1144 4445 Quibus
1166 4361 1254 4426 rebus

99 4479 212 4526 eorum
226 4461 368 4544 omnium,
391 4483 466 4550 quse
477 4461 544 4528 ttei
558 4463 679 4551 speique
693 4473 813 4530 nostrae
829 4465 979 4552 proposito
995 4475 1074 4544 sunt,
1095 4463 1255 4550 promisso·
