3100 4984
339 335 401 398 434
762 344 883 398 εκαοτι
900 343 1068 398 ττιτιικιιιι

338 465 405 546 τήν,
436 461 478 539 ῶς
494 461 596 546 νύμφη
611 464 784 545 ἐκδεχομένη
803 461 854 528 τόν
869 467 999 545 νυμφίον
1015 465 1135 545 ἑαυτῆς,
1164 467 1216 528 ίνα
1232 466 1285 552 ίσργ
1302 463 1321 530 δ
1337 463 1414 549 ῖγοί,
1441 466 1482 529 κτλ

338 565 394 651 έγοί
418 567 436 632 δ
456 565 501 630 σύ.
547 569 742 650 Καθίδρυσον
767 567 799 630 έν
820 572 860 654 τῷ
882 569 1023 647 νυμφῶνί
1044 587 1099 631 σου
1121 563 1153 632 τό
1171 567 1288 651 σπέρμα
1309 574 1362 632 τοῦ
1383 563 1480 648 φονεύς.

336 668 422 751 Λάβε
440 665 508 752 παρ’
525 671 598 750 ἐμοῦ
617 666 669 733 τδν
685 673 832 749 νυμφίον,
861 669 913 732 καλ
931 666 1065 751 χώρησον
1082 665 1188 746 αύτδν,
1217 672 1269 734 καί
1285 669 1439 754 χωρήθητι
1457 673 1482 734 έν

336 768 424 858 αύτῷ.
466 768 543 836 ’ίδού
564 767 584 853 ή
605 769 689 855 χάρις
707 778 853 853 κατῆλθεν
874 772 923 835 έπί
944 793 984 835 σε.
1021 769 1158 850 ’Ἁνοιξον
1178 767 1211 836 τό
1229 770 1323 854 στόμα
1340 795 1416 852 σου,
1440 774 1482 836 καλ

334 871 552 957 προφήτευσον,
601 879 660 954 Τής
674 873 705 937 δλ
721 870 862 957 γυναικός
876 869 1120 957 άποκρινομένης,
1146 871 1191 939 Ού
1207 873 1418 958 προεφήτευσε
1430 872 1483 939 πύ-

334 1002 416 1056 ποτε,
439 979 489 1041 καί
505 972 561 1042 ούκ
575 971 643 1040 οῖδα
658 975 865 1058 προφητεύειν,
888 975 1054 1057 ἐπικλήσεις
1069 976 1151 1052 τινάς
1165 976 1352 1058 ποιούμενος,
1379 981 1412 1044 ἐκ
1426 983 1480 1042 δευ-

334 1081 421 1164 τέρου
439 1082 480 1155 είς
495 1076 676 1159 κατάπληξιν
691 1084 744 1159 τῆς
761 1074 956 1160 άπατωμένης
974 1080 1066 1160 φησίν
1080 1076 1171 1168 ούτή,
1192 1077 1330 1157 ’Ἀνοιξον
1343 1079 1380 1146 τδ
1398 1079 1483 1162 στόμα

334 1204 404 1261 σου,
435 1181 561 1264 λάλησον
583 1179 630 1245 ὅτι
654 1179 780 1263 δήποτε,
810 1182 861 1245 καλ
881 1180 1085 1263 προφητεύεις.
1126 1179 1164 1245 ‘H
1183 1183 1214 1247 δὲ
1233 1192 1423 1264 χαυνωθεῖσα
1438 1183 1480 1248 καί

332 1294 527 1365 κεπφωθεῖσα
546 1280 605 1348 ύπδ
625 1290 686 1347 τῶν
704 1285 940 1368 προειρημένων,
973 1287 1227 1366 διαθερμανθεῖσα
1244 1282 1297 1367 τήν
1312 1285 1413 1369 ψυχήν
1428 1283 1482 1350 ύπό

332 1395 386 1468 τῆς
401 1391 581 1472 προςδοκίας
595 1393 648 1450 τοῦ
664 1387 773 1467 μέλλειν
787 1383 880 1468 αύτήν
896 1385 1105 1471 προφητεύειν,
1127 1394 1180 1469 τῆς
1194 1393 1318 1471 καρδίας
1331 1392 1421 1454 πλέον
1435 1394 1483 1452 κου’

333 1491 452 1565 δέοντος
469 1487 648 1570 παλλυύσης,
678 1486 830 1575 άποτολμᾷ
848 1496 943 1552 λαλεῖν
961 1487 1095 1573 ληρώδη,
1124 1492 1174 1554 κιτλ
1196 1489 1232 1554 τά
1250 1491 1375 1574 τυχόντα
1393 1491 1483 1557 πάντα

332 1601 425 1668 κενοῖς
442 1595 492 1656 καλ
509 1598 675 1674 τολμηρῶς,
698 1591 748 1654 άτε
765 1588 824 1655 ύπδ
844 1597 931 1656 κενοῦ
955 1585 1221 1676 Ητεθερμαμμένη
1237 1593 1406 1676 πνεύματος
1423 1607 1483 1668 (κο-

330 1692 397 1769 θιδς
413 1691 430 1759 ό
445 1699 586 1778 κρείσσων
604 1691 691 1775 ήμῶν
703 1696 761 1775 ἔφη
778 1695 846 1776 περὶ
860 1699 921 1758 τῶν
938 1691 1094 1773 τοιούτοιν,
1118 1693 1163 1759 ῖίτι
1180 1694 1325 1778 τολμηρόν
1340 1699 1393 1761 καλ
1408 1695 1483 1761 τίνοι-

332 1797 380 1872 δές
397 1796 478 1879 ψυχή
494 1804 569 1884 κενῷ
586 1794 647 1880 άέρι
665 1799 912 1880 θερμαινομίνη),
935 1795 985 1860 καί
1001 1793 1061 1860 άπδ
1074 1795 1182 1862 τούτου
1197 1796 1302 1862 λοιπόν
1317 1798 1485 1882 προφήτιδα

332 1897 440 1982 ἑαυτήν
460 1907 492 1946 ¹⁴²
502 1897 725 1980 μεταλαμβάνει,
741 1901 792 1962 καλ
806 1895 968 1981 εύχαριστεί
978 1897 1100 1988 Μάρκῳ
1115 1905 1155 1988 τῷ
1168 1898 1333 1966 έπιδιδόντι
1345 1909 1399 1983 τῆς
1412 1905 1485 1975 ἰδίας

329 1999 448 2086 χάριτος
464 1999 540 2090 αύτή
549 2052 557 2080 ,
579 2003 630 2065 καλ
645 1999 820 2082 άμείβεσθαι
834 1998 926 2066 αύτδν
943 2008 1094 2084 πειρᾶται,
1116 1999 1152 2068 ού
1166 2002 1259 2083 μόνον
1272 2001 1348 2068 κατά
1363 2003 1415 2086 τήν
1429 2011 1486 2068 τῶν

329 2100 523 2187 ύπαρχόντων
536 2102 629 2182 δόσιν,
653 2101 727 2170 ὅθεν
739 2105 789 2167 καλ
803 2101 960 2187 χρημάτων
972 2111 1090 2186 πλῆθος
1106 2103 1183 2170 πολύ
1195 2105 1397 2190 συνενήνοχεν,
1416 2103 1485 2171 άλλύ

328 2209 380 2270 καλ
393 2204 467 2272 κατά
483 2204 536 2290 τήν
552 2212 605 2271 τοῦ
620 2203 755 2288 σώματος
771 2211 938 2286 κοινωνίαν,
960 2206 1035 2270 κατά
1050 2205 1148 2272 πάντα
1162 2209 1305 2275 ἕνούσθαι
1320 2207 1400 2298 αύτῷ
1414 2233 1485 2293 προ-

328 2310 523 2399 θυμουμένη,
546 2311 597 2372 ίνα
615 2306 670 2372 σύν
688 2305 767 2395 αύτῷ
787 2311 916 2397 κατέλθη
934 2312 975 2385 είς
991 2307 1025 2374 τύ
1042 2311 1081 2374 ἓν.
1116 2309 1196 2392 Ἤδη
1213 2313 1245 2376 δὲ
1260 2318 1320 2376 τῶν
1340 2311 1486 2392 ηπροτί·

207 2449 258 2496 ηις.
271 2435 316 2481 αα.
331 2437 391 2496 ραν
410 2412 486 2487 τινὲς
505 2419 654 2496 γυναικῶν
672 2418 732 2476 τῶν
748 2412 877 2493 ἐχουσῶν
895 2409 948 2476 τόν
968 2411 1066 2496 φόβον
1083 2417 1138 2477 τοῦ
1153 2418 1230 2476 θεοῦ
1248 2413 1299 2476 καλ
1318 2411 1359 2495 μή
1378 2415 1484 2490 ῖξαπα-

328 2520 490 2596 τηθεισῶν,
523 2512 559 2587 άς
577 2510 687 2595 δμοίως
703 2521 768 2589 ταῖς
785 2521 904 2590 λοιπαῖς
923 2512 1097 2597 ἐπετήδευσε
1113 2517 1327 2598 παραπείθειν,
1358 2515 1487 2580 κελεύων

328 2615 432 2691 αύταῖς
449 2614 664 2699 προφητεύειν,
696 2618 745 2680 καλ
765 2613 1010 2698 καταφυσήσασαι
1030 2619 1081 2681 καὶ
1097 2622 1368 2699 καταθεματίσασαε
1390 2615 1488 2682 αύτδν

329 2721 531 2802 ἐχωρίσθησαν
552 2723 605 2782 τοῦ
625 2717 763 2783 τοιούτου
780 2717 907 2798 θιάσου,
943 2715 1076 2805 άκριβῶς
1093 2723 1201 2784 είδυῖαι
1223 2720 1270 2785 δτι
1285 2719 1487 2804 προφητεύειν

328 2817 382 2902 ούχ
399 2816 459 2884 ύπδ
477 2818 611 2905 Μάρκου
627 2827 680 2885 τοῦ
697 2819 794 2905 μάγου
812 2823 952 2906 ἐγγίνεται
970 2831 1033 2899 τοῖς
1048 2821 1238 2907 άνθροῖποις,
1269 2819 1327 2886 ἄλλ’
1344 2820 1392 2898 οίς
1405 2820 1447 2886 δν
1470 2819 1489 2888 ύ

326 2920 401 2999 θεός
418 2920 536 2987 άνωθεν
553 2923 708 3012 ἐπιπέμψη
725 2922 778 3004 τήν
795 2922 878 3007 χάριν
893 2921 1001 3004 αύτοῦ,
1030 2917 1114 2990 οὗτοι
1130 2924 1293 3010 θεήςδοτον
1312 2927 1410 3008 ἔχουσι
1431 2923 1488 3007 τήν

327 3030 525 3106 προφητείαν,
557 3027 608 3090 καλ
628 3023 693 3089 τότε
710 3033 847 3090 λαλοῦσιν
869 3027 945 3091 ἔνθα
967 3028 1018 3090 καλ
1039 3024 1129 3092 όπότε
1149 3025 1223 3102 Θεός
1241 3025 1394 3109 βούλεται,
1425 3025 1489 3092 ἀλλ’

328 3127 381 3211 οὐχ
404 3127 452 3192 διε
469 3127 599 3212 Μάρκος
614 3125 728 3194 κελεύει,
780 3127 820 3193 Τό
842 3127 898 3213 γάρ
917 3136 1039 3194 κελεῦον
1056 3137 1109 3195 τοῦ
1126 3131 1319 3210 κελευομένου
1337 3129 1439 3213 μεῖζόν
1456 3157 1489 3196 τε

326 3233 376 3296 καλ
393 3229 587 3315 κυριώτερον,
611 3233 674 3296 έπελ
693 3229 724 3295 τό
743 3231 796 3311 μὲν
812 3240 998 3315 προηγεῖται,
1027 3229 1059 3296 τά
1078 3228 1328 3316 δλύποιτέτακται.
1372 3236 1416 3296 Et
1429 3227 1491 3298 ούν

328 3332 457 3418 Μάρκος
472 3334 523 3413 μὲν
538 3332 657 3410 κελεύει,
678 3331 699 3413 ή
715 3331 800 3409 άλλος
812 3359 856 3408 τις
870 3331 922 3410 (τός
936 3333 1079 3400 είιύθασιν
1094 3335 1143 3398 ἐπί
1158 3343 1221 3410 τοῖς
1234 3339 1367 3412 δείπνοις
1386 3343 1421 3381 ¹⁴
1431 3343 1491 3404 τοῦ
1538 3345 1539 3420 ί

326 3435 437 3521 κλήρου
454 3427 537 3500 οὗτοι
558 3433 682 3499 πάντοτε
700 3439 812 3513 παίζειν
833 3437 884 3500 πολ
900 3434 1035 3518 άλλήλοις
1053 3435 1284 3520 ἐγκελεύεσθαι),
1313 3436 1347 3504 τό
1366 3465 1491 3522 προφη·

325 3539 435 3617 τεύειν,
463 3540 513 3601 καλ
536 3534 611 3622 πρός
632 3535 684 3612 τός
706 3540 784 3612 ἰδίας
803 3539 965 3618 ἐπιθυμίας
982 3541 1099 3612 ἑαυτοῖς
1116 3538 1331 3621 μαντεύεσθαι,
1361 3543 1449 3607 ἔσται
1474 3539 1492 3608 ό

327 3639 453 3704 κελεύων
467 3645 570 3722 μείζων
583 3663 612 3703 τε
626 3643 678 3702 καί
691 3639 869 3725 κυριώτερος
883 3649 937 3706 τοῦ
952 3647 1139 3723 προφητικοῦ
1152 3640 1335 3722 πνεύματος,
1359 3641 1493 3724 ἅνθρω-

327 3767 383 3816 πος
399 3739 451 3820 οῖν,
470 3741 543 3826 ὅπερ
558 3739 712 3806 άδύνατον.
748 3740 831 3806 Ἀλλά
847 3750 968 3808 τοιαῦτα
983 3741 1158 3825 κελευόμενα
1175 3739 1225 3807 ὁπ’
1238 3742 1334 3810 αύτοῖν
1348 3745 1495 3829 πτεύμο-

325 3871 376 3922 τα,
409 3846 458 3908 καλ
474 3851 614 3910 λαλοῦντα
632 3841 721 3909 ὁπότε
736 3844 892 3927 βούλονται
908 3844 1012 3923 αύτολ,
1038 3830 1193 3930 Ιέπίσαθρα
1210 3849 1262 3910 καλ
1277 3843 1392 3928 άδρανῆ
1409 3850 1494 3928 ἔστι,
1538 3879 1539 3904 ι

325 3944 456 4030 τολμηρά
473 3947 504 4012 δέ
519 3949 570 4012 καλ
584 3945 689 4028 άναιδῖγ
706 3944 765 4012 ύπδ
782 3953 834 4012 τοῦ
851 3955 972 4014 Σατανᾶ
991 3945 1196 4030 ἐκπεμπόμενα
1211 3946 1286 4034 πρός
1301 3949 1497 4034 ἐξαπάτησεν

325 4051 377 4114 καλ
391 4046 538 4114 άποίλειαν
553 4057 612 4114 τῶν
626 4049 667 4132 μή
684 4047 804 4115 εύτονον
820 4047 874 4133 τήν
888 4055 999 4129 πίστιν,
1022 4049 1059 4134 ἢν
1074 4047 1123 4115 εἶπ’
1139 4048 1231 4136 άρχῖγς
1245 4047 1296 4114 διά
1310 4057 1363 4134 τῆς
1377 4054 1493 4140 ἐκκλη-

325 4157 390 4228 σίας
410 4152 591 4237 παρέλαβον,
613 4151 832 4231 φυλασσόντων.

326 4310 400 4358 Sume
419 4307 522 4374 pn'mum
544 4311 593 4357 οείλ.
634 4309 671 4357 λδ
693 4305 884 4375 ἐγκαταστῆσαι
953 4307 991 4360 λλ.
1004 4311 1089 4360 Bittius
1102 4315 1122 4358 τί
1133 4311 1243 4360 Ρείασίαε
1256 4315 1408 4362 comma!
1425 4309 1498 4372 διῃ-

324 4379 427 4438 meum
443 4373 471 4428 τὸ
490 4373 605 4440 μέγεθος.
917 4373 1047 4446 λαμβάνει
1074 4379 1167 4428 Manem
1180 4371 1379 4444 καταλαμβάνει
1407 4383 1500 4436 Inter.

362 4447 399 4494 11.
415 4443 609 4509 τεθεςμαμμίνη
626 4445 676 4492 cod.
691 4445 764 4495 λὀλίσ.
797 4447 883 4508 xmp·
917 4449 949 4496 λιιι
961 4451 1012 4495 ven.
1024 4449 1135 4495 λίοτοτιικι
1147 4448 1284 4495 auctoritate
1294 4453 1390 4496 servum
1401 4465 1498 4514 uert-

325 4509 426 4576 μαμίιη
441 4513 495 4561 edit.
509 4515 585 4574 μτῖοι.
617 4511 809 4579 τεθερμαομίνη
829 4517 883 4566 edit.
917 4511 1038 4580 λαμβάνει
1057 4517 1193 4576 τ’τιλιτγττιλοτ
1212 4511 1236 4562 in
1255 4511 1408 4580 μτοφλιετῖιλι
1433 4537 1501 4574 ,032

324 4578 407 4630 θείαν.
918 4577 1502 4657 commutat,vtlprophetidnezeintellegit,
