3106 4990
324 307 459 360 raanan
477 307 540 360 ιιι.
553 310 571 360 ι.
589 303 670 360 rou.
685 308 727 359 ιιι.
745 305 845 357 naen.
858 305 995 358 xxxru.
1175 288 1237 355 497

80 447 153 492 sane
170 437 240 493 aunt
256 449 330 513 quae
347 428 479 492 homines
496 428 562 508 isti,
586 438 618 491 ut
632 427 672 491 ita
689 427 800 504 dicam,
824 435 970 504 eructant,
996 447 1035 489 ex
1051 425 1101 490 illo
1117 445 1170 488 esc
1187 445 1237 488 re·

80 532 123 595 lot
147 541 222 596 tetro
248 532 370 616 quodem
395 532 486 596 odore
510 532 624 595 relecti.
671 527 845 615 Serpentem
870 530 974 613 quippe
999 527 1067 591 novi
1091 529 1238 593 cuiusdam

80 635 175 697 instar
197 634 322 698 cuminis
342 645 535 698 venerantur.
582 634 627 697 Ac
651 634 719 697 vide
739 631 855 717 quantis
877 652 929 694 eos
950 630 1099 694 fraudibus
1121 630 1187 710 ille,
1222 653 1240 694 n

81 757 139 821 quo
158 736 349 801 circuunenti
365 748 451 817 sunt,
476 757 599 822 serpens
615 736 745 799 irretitos
763 744 873 798 teneat.
918 731 996 797 Nam
1013 746 1045 798 ut
1060 732 1153 798 Evam
1170 734 1238 796 olim

82 849 113 902 et
130 839 272 904 Adomum
293 841 413 918 leiellit,
438 841 478 904 ita
497 841 582 904 modo
602 839 728 924 seipsum
749 849 853 922 tegens
871 858 905 899 ae
924 837 1126 914 dissimulans,
1152 835 1239 900 adeo·

82 963 140 1026 que
156 954 224 1006 ante
243 965 259 1006 a
280 939 454 1008 ludaeorum
473 943 652 1028 temporibus
670 943 706 1004 ad
725 942 880 1004 adventum
899 961 992 1024 usque
1009 937 1137 1020 Christi,
1163 959 1241 1002 mor-

82 1045 190 1108 talibus
215 1045 364 1131 imposuit.
411 1045 488 1110 Tum
515 1043 769 1132 progredientibus
794 1042 938 1107 aetatibus
964 1043 1121 1123 eoncilia,
1154 1063 1239 1128 quarn

82 1159 187 1211 contra
204 1148 251 1212 dei
268 1149 455 1213 interdictum
472 1169 615 1233 usurpare
631 1148 693 1212 ausi
713 1151 844 1225 inierant,
868 1147 1045 1231 prolectatae
1062 1146 1196 1210 homines
1212 1156 1242 1208 et

81 1251 224 1314 aviditate
242 1267 395 1337 correptos
418 1251 454 1316 ab
477 1251 619 1335 obsequio
642 1252 688 1314 dei
706 1249 905 1314 callidioribus
923 1249 1063 1312 mac-binis
1082 1249 1239 1327 abstraxit,

81 1353 287 1418 vehementius
307 1354 464 1418 identidem
485 1354 654 1418 adulterans
672 1364 702 1416 et
719 1352 883 1438 instigans,
916 1373 951 1416 ac
969 1354 1123 1418 multarum
1143 1374 1241 1416 rorum

81 1477 184 1540 spem,
216 1456 349 1521 utinitio
371 1459 499 1536 lecerat,
532 1457 703 1521 ostendens.
749 1453 827 1519 Nom
847 1467 876 1520 et
896 1466 963 1520 tunc
982 1457 1022 1519 ita
1042 1457 1107 1521 illos
1127 1456 1243 1540 decepit

83 1577 152 1622 cum
173 1559 303 1640 diceret,
335 1565 427 1623 Err'trt
443 1566 520 1623 sabat
534 1564 585 1622 dri'.
633 1557 711 1623 'lum
731 1560 866 1644 paulatim
886 1559 984 1624 varias
1004 1579 1038 1623 ac
1056 1559 1182 1645 portenti
1201 1557 1241 1622 ai·
1255 1577 1342 1634 ema,
1355 1577 1375 1621 a.

82 1662 221 1726 millimas
244 1663 288 1725 eis
311 1664 427 1748 species
450 1663 568 1728 obiecit.
616 1659 691 1727 Cum
715 1661 791 1726 enim
816 1662 852 1726 ab
876 1683 934 1726 uuo
951 1683 1083 1746 veroque
1102 1663 1156 1726 deo
1176 1662 1242 1725 illos

83 1765 260 1844 avertisset,
293 1764 456 1830 idololatria
474 1765 732 1852 multipliciuche
751 1767 870 1828 deorum
887 1765 1078 1850 ineptissimis
1095 1764 1244 1850 religioni-

80 1867 138 1930 bus
156 1868 237 1932 relut
258 1870 318 1932 lctu
337 1870 461 1953 quodam
481 1869 623 1954 implevit.
671 1865 821 1953 Siquidem
842 1868 879 1931 dii
900 1889 1045 1952 nunquam
1066 1867 1241 1946 extiterunt,

84 1969 127 2032 uti
144 1990 199 2032 nec
216 1970 350 2035 existunt
364 1973 469 2048 modo,
493 1973 545 2034 sed
562 1973 635 2036 deus
650 1972 802 2035 duntaxat.
848 1969 959 2034 Verum
978 1972 1111 2036 insanum
1126 1971 1245 2034 simula·

83 2091 204 2136 erorum
223 2073 350 2154 cultum,
384 2075 556 2138 acdeorum
575 2074 785 2139 multitudinem
805 2085 834 2138 et
854 2074 1035 2138 fraudulenta
1054 2073 1175 2138 consilia
1194 2075 1245 2136 du·

83 2175 154 2238 dnm
178 2176 253 2260 apud
277 2197 310 2239 se
334 2189 521 2263 conceperat.
567 2175 674 2262 Neque
697 2197 769 2241 vero
788 2177 869 2241 solus
889 2178 955 2258 ille,
990 2177 1036 2261 qui
1057 2177 1245 2242 extrinsecus

83 2278 262 2364 apparebat,
294 2299 417 2365 serpens
436 2283 507 2344 tanti
527 2281 593 2344 unali
613 2301 746 2344 caussam
767 2281 879 2358 attulit,
913 2281 963 2343 sed
983 2280 1029 2364 qui
1050 2300 1102 2365 per
1120 2299 1185 2342 enm
1203 2279 1246 2342 lo-

83 2381 231 2466 quebatur
247 2382 322 2446 aliua
337 2402 479 2468 serpeus,
511 2383 567 2446 boo
584 2393 630 2448 eat
646 2382 797 2462 diabolus,
828 2383 876 2467 qui
892 2383 1021 2446 auditum
1040 2383 1095 2447 riri
1113 2380 1246 2445 mulieris

84 2504 161 2547 usus
178 2503 268 2569 opera
285 2485 478 2570 perturbavit.
523 2483 629 2570 Neque
649 2484 757 2570 liguum
775 2487 867 2570 ipsum
886 2495 1036 2571 peccatum
1054 2485 1118 2549 luit.
1162 2482 1246 2548 Nihil
1329 2501 1331 2506 '

84 2587 167 2649 enim
182 2606 199 2649 a
214 2587 269 2649 deo
286 2587 353 2651 mali
369 2587 490 2651 seritur.
537 2585 597 2652 Sed
612 2588 680 2651 boni
697 2589 823 2674 malique
839 2589 1034 2674 cognitionem
1052 2587 1160 2672 liguum
1177 2586 1246 2650 illud

84 2688 196 2752 attulit.
235 2690 276 2753 At
292 2711 349 2753 non
365 2711 404 2754 en
420 2710 455 2754 ea
469 2690 593 2754 scientia
610 2711 689 2754 mors
704 2702 761 2769 est,
781 2693 833 2755 sed
848 2711 886 2754 ex
904 2691 1086 2755 contumacia
1103 2692 1244 2776 prolecta.

83 2789 168 2856 Nam
184 2800 245 2854 tota
260 2791 353 2856 bostis
368 2792 416 2856 illa
434 2793 576 2856 calliditas
591 2814 649 2857 nou
667 2794 701 2857 ad
719 2815 816 2858 escam
833 2795 1013 2880 pertinebat,
1037 2795 1089 2858 sed
1105 2814 1141 2857 eo
1157 2797 1247 2878 potis·

84 2895 193 2958 simum
210 2893 373 2980 spectabat,
391 2905 421 2958 nt
436 2896 502 2960 illos
518 2897 553 2959 ad
569 2896 736 2960 violandum
751 2897 797 2960 dei
812 2899 975 2962 mandatnm
991 2898 1166 2982 impelleret.
1197 2893 1248 2959 ttx

85 3007 223 3082 quotum
241 2996 347 3060 accidit
363 3006 396 3060 ut
412 2998 476 3082 lege
494 3009 659 3084 contempta
677 3019 693 3062 e
712 3001 849 3086 paradiso
865 3001 1060 3086 pellerentur,
1086 3003 1247 3082 meritoque

85 3099 324 3183 castigarentur,
357 3121 413 3164 uon
431 3101 498 3164 odio
515 3101 592 3180 ullo,
617 3103 669 3165 sed
687 3103 733 3166 dei
752 3124 821 3188 erga
840 3104 904 3168 illos
921 3125 989 3166 cura
1008 3101 1247 3187 providentiaque

84 3199 244 3287 singulari.
285 3200 337 3266 Sic
354 3203 431 3266 euim
448 3203 582 3267 dominus
595 3205 675 3289 ipsos
691 3207 862 3290 alloquitur:
891 3211 978 3268 Terra
991 3229 1030 3280 es,
1056 3217 1086 3265 et
1097 3207 1126 3264 t'n
1141 3215 1246 3264 terrum
1260 3225 1386 3282 cannae.

84 3310 251 3368 revertent.
299 3301 333 3369 Si
352 3307 466 3389 quidem
486 3306 591 3370 rationi
609 3321 839 3371 consentaneum
862 3308 930 3387 latit,
955 3319 986 3370 ιιι
1003 3307 1052 3369 ille
1071 3326 1160 3369 verus
1178 3304 1247 3368 arti·

86 3411 159 3486 lex,
185 3407 263 3491 ugoti
280 3407 391 3487 instar,
416 3410 513 3494 operis
532 3411 594 3472 eius
611 3431 646 3472 ac
663 3411 742 3474 vasis
759 3413 833 3494 qnod
853 3411 984 3475 matribus
1003 3413 1128 3472 tinxerat
1148 3427 1246 3470 curam

84 3531 217 3597 gerens,
241 3510 363 3593 idipsum
380 3531 420 3574 ex
440 3513 586 3597 praecepti
605 3512 765 3576 violatione
782 3512 982 3592 imminutum,
1007 3511 1142 3596 quamdiu
1161 3510 1247 3573 molle

86 3614 204 3690 adbuc,
229 3625 259 3675 ut
276 3613 313 3676 ita
330 3612 473 3692 dixerim,
497 3615 587 3679 lutum
604 3626 678 3693 erat,
704 3627 789 3700 atque
808 3635 846 3679 ex
865 3617 968 3678 lissnra
986 3616 1106 3699 quadarn
1123 3636 1159 3678 ao
1176 3614 1247 3678 rima

87 3717 237 3804 perfluere
254 3727 408 3799 coeperat,
433 3737 491 3782 non
507 3718 547 3780 ita
562 3719 752 3799 destitueret,
776 3721 827 3783 sed
846 3719 874 3782 in
892 3719 1043 3804 pristinam
1061 3737 1183 3782 crassam
1201 3738 1248 3781 re·

86 3821 223 3903 digeret,
254 3827 286 3880 ut
302 3817 330 3880 io
348 3819 508 3884 instaurata
525 3819 573 3884 illa
590 3823 798 3905 personatione,
829 3822 883 3885 boc
902 3833 949 3884 est
967 3834 1147 3884 mortuorum
1165 3821 1248 3884 exci-

86 3923 221 3999 tatione,
252 3941 305 3984 vas
323 3920 392 3986 illud
413 3923 539 4006 priorem
562 3925 597 3987 ad
618 3925 857 4007 pulchritudinem
877 3925 1059 4009 nitoremque
1079 3932 1245 4001 revocaret,

86 4027 151 4090 imo
174 4023 283 4107 aliquid
309 4023 335 4086 ci
359 4024 480 4110 insuper
500 4025 651 4090 adiiceret.
698 4024 783 4110 Quod
807 4028 842 4090 de
861 4049 961 4091 eorum
981 4027 1153 4112 corporibus
1172 4027 1248 4090 acci-

87 4127 228 4214 piendum
249 4126 361 4210 estqui
380 4140 446 4210 post
462 4129 606 4192 horrenda
625 4129 738 4194 seelera
760 4131 937 4215 poenitentia
958 4131 1035 4194 ducti
1054 4142 1116 4193 eto
1134 4129 1247 4194 delictis

87 4231 245 4306 revocati,
267 4227 297 4291 lu
319 4225 386 4293 lesu
402 4227 514 4295 Christi
532 4231 640 4294 domini
661 4233 753 4296 nostri
772 4232 939 4318 cognitione
959 4235 1080 4319 perlecti
1100 4247 1186 4315 sunt,
1217 4245 1250 4298 ut

87 4335 137 4398 illa
156 4335 193 4396 de
209 4343 289 4396 terra
307 4353 403 4396 massa
419 4335 515 4398 denuo
531 4346 676 4419 resurgat,
695 4334 816 4419 argillae
830 4336 924 4399 iustar
937 4358 1010 4421 quae
1025 4336 1145 4401 artilicis
1162 4357 1248 4402 manu

86 4436 223 4502 mollitur
242 4455 277 4498 ac
296 4435 456 4520 subigitur,
491 4457 584 4521 eoque
602 4439 688 4502 modo
707 4438 737 4502 in
756 4439 902 4523 antiquam
922 4441 1075 4505 ueletiam
1096 4451 1248 4528 praestan·

87 4541 199 4604 tiorem
222 4536 350 4623 speciem
374 4541 563 4604 relormetur.

143 4638 237 4696 Corpus
252 4635 388 4683 Haereaeot.
402 4637 430 4682 lt.
1006 4647 1046 4711 32
