3112 4984
371 351 505 404 rnnnen
524 353 586 403 ιιι.
598 355 618 404 r.
635 353 715 404 ron.
731 353 762 404 n.
780 353 879 419 nunu.
891 353 992 406 xxix.
1057 376 1062 387 -
1198 345 1258 405 ιιι

190 469 247 534 llic
264 473 341 534 enim
358 471 475 558 losephi
492 493 529 535 ex
546 473 602 536 elia
621 474 672 536 luit
689 495 773 557 qnam
782 472 879 536 Morio
895 475 1018 557 coniuge
1036 473 1124 552 lilius,
1141 474 1167 537 id
1182 476 1257 558 quod
1278 490 1337 558 Gap.
1350 491 1393 541 tv.

111 573 236 658 pluribus
253 573 327 638 loeis
351 595 366 636 a
391 595 437 636 me
459 585 717 638 commemoratum
740 586 786 638 est
806 572 1051 662 manliestiusque
1070 575 1256 660 disputatum.

110 673 277 757 Quinetiam
294 695 311 738 e
328 673 451 738 llaridis
465 697 576 759 genere
596 687 784 762 propagatum
802 677 880 740 illum
898 677 1072 759 reperimus,
1098 689 1196 762 utpote
1211 676 1259 741 lo-

108 778 186 860 sephi
214 778 320 853 lilium,
343 778 524 861 eundemque
542 777 743 842 Nozoreeum.
788 775 866 841 Nom
887 776 1004 862 losephi
1033 778 1190 844 liberorum
1214 780 1260 843 hic

108 879 217 964 primus
233 899 269 942 ee
287 890 478 942 consecratus
499 879 564 942 luit.
611 877 674 942 lmo
692 890 722 942 et
745 881 884 944 sacerdos
908 881 1079 943 cuncteris
1102 880 1178 943 illius
1201 881 1259 944 ritu

109 981 266 1044 sacerdotii
285 979 375 1043 luisse
391 980 571 1064 perhibetur.
605 979 802 1063 Quamobrem
822 982 913 1044 semel
931 982 957 1044 ei
975 982 1129 1064 quotannis
1146 982 1174 1045 in
1191 1003 1260 1046 sen·

109 1094 153 1147 ctu
169 1093 340 1146 sanctornm
355 1103 527 1146 conoessum
547 1094 593 1146 est
609 1082 740 1166 ingredi,
764 1085 1003 1168 quomadmodum
1023 1083 1142 1146 summis
1159 1103 1260 1146 socen·

108 1185 223 1250 dotihus
240 1185 305 1269 lege
322 1205 389 1247 csse
406 1185 616 1269 praescriptum
634 1205 650 1246 e
666 1186 760 1248 sacris
774 1184 867 1248 literis
886 1185 1050 1248 didicimus.
1091 1182 1176 1266 Quod
1196 1184 1260 1268 qui·

109 1289 170 1350 dem
189 1289 227 1350 de
245 1283 353 1349 lecobo
371 1286 499 1371 plerique
525 1298 594 1349 ante
618 1308 671 1350 nus
694 1288 853 1350 memorine
872 1287 1077 1369 prodiderunt,
1110 1297 1142 1350 ιιι
1163 1285 1260 1350 Eusc-

108 1389 188 1466 hins,
219 1386 359 1454 Clemens
383 1387 495 1450 etalii.
542 1385 657 1452 Sedet
682 1387 829 1452 bracteam
853 1390 946 1451 eidem
971 1388 1000 1452 in
1025 1388 1119 1472 capite
1142 1398 1259 1470 gestnre

109 1490 226 1556 licuisse
244 1512 317 1574 quos
334 1489 467 1572 proxime
489 1490 636 1552 nominavi
660 1489 757 1552 idonei
776 1490 935 1575 scriptores
957 1491 1175 1554 commentariis
1197 1492 1260 1553 suis

109 1603 244 1656 testatum
262 1591 454 1675 reliquerunt.
500 1587 660 1671 Quocirca,
684 1595 833 1666 Sacerdos,
860 1592 899 1654 uti
917 1591 1056 1668 diximus,
1079 1596 1159 1652 Iesus
1175 1595 1257 1652 ctet-
1269 1606 1403 1660 flaucato

110 1708 168 1756 stus
181 1699 312 1757 domrirus
334 1706 430 1754 noster
451 1698 481 1754 nia
499 1705 643 1754 retmnnrn
656 1695 731 1774 suit,
756 1698 905 1756 serendum
921 1699 1045 1756 ordrhem
1060 1697 1256 1767 Melchisedec,

109 1795 241 1880 idemque
264 1815 319 1859 rex
341 1795 499 1858 seeundum
525 1795 706 1879 superiorem
735 1817 770 1858 ao
789 1795 947 1858 coelestem
966 1794 1116 1872 ordinem,
1148 1805 1180 1858 ut
1201 1815 1258 1858 una

110 1921 170 1961 cum
187 1901 257 1980 lege
273 1896 467 1960 sacerdotium
487 1898 672 1960 transferret.
719 1893 789 1960 Fuit
805 1917 877 1960 rero
894 1908 1013 1982 propter
1034 1895 1072 1960 B.
1093 1894 1219 1960 Marium
1242 1917 1259 1960 e

110 1997 229 2064 Doridis
246 1999 387 2062 oriundus
408 1998 516 2082 stirpe,
540 2008 626 2080 atque
649 1999 678 2060 in
702 1999 793 2080 reguli
814 1999 888 2061 solio
904 2003 984 2060 redet
999 2003 1028 2062 in
1046 2010 1207 2072 ueternum,
1232 2011 1261 2060 et

110 2108 191 2182 regni
201 2105 286 2188 illins
299 2123 355 2162 non
369 2102 516 2180 err'tfinr'e.
547 2097 694 2162 Nimirum
714 2102 873 2164 transferre
888 2100 968 2164 illum
987 2121 1044 2162 non
1062 2100 1158 2162 miuus
1175 2099 1259 2183 regni

111 2226 190 2288 quam
210 2201 370 2267 sacerdotii
386 2200 518 2264 ordinem
532 2200 676 2285 oportuit;
709 2202 813 2286 quippe
830 2223 896 2265 cum
915 2202 977 2265 eius
997 2221 1118 2285 regnum
1140 2201 1259 2264 minime

112 2327 149 2368 ex
162 2306 219 2370 hoe
235 2304 342 2367 mundo
364 2303 414 2381 sit,
436 2313 468 2365 ιιι
484 2299 591 2366 Pontio
607 2300 702 2367 Pilato
719 2303 749 2367 iu
767 2303 919 2386 evangelio
937 2302 1122 2387 respondisse
1147 2303 1255 2364 fertur:

111 2412 231 2488 Regnum
255 2428 343 2468 meren
364 2427 420 2466 non
442 2415 485 2466 est
500 2408 536 2466 de
550 2407 603 2466 hoe
617 2409 729 2468 munde.
776 2401 851 2468 Cum
875 2405 951 2467 enim
971 2400 1107 2468 Christus
1126 2402 1179 2466 suh
1195 2403 1257 2486 qui·

111 2508 228 2574 busdam
249 2508 444 2590 aerrigmotum
466 2506 627 2568 involucris
649 2505 787 2569 universe
810 2507 990 2591 compleret,
1021 2505 1097 2588 qnod
1118 2504 1258 2567 hacteuus

110 2612 267 2694 gerebatur
289 2608 415 2694 perluit
439 2608 535 2690 aliqno
561 2617 646 2670 tenus
670 2607 836 2692 pervenire.
880 2606 987 2690 Neque
1004 2627 1076 2670 vero
1097 2606 1162 2670 ideo
1178 2606 1260 2668 verrit

110 2724 138 2776 ut
153 2714 202 2798 qui
218 2720 375 2794 regnasset
391 2711 533 2772 hactenus
552 2707 698 2791 imperare
715 2730 803 2794 porro
821 2720 973 2793 pergeret,
997 2709 1048 2774 sed
1067 2708 1104 2771 iis
1121 2727 1256 2790 regnum,

110 2837 179 2897 quos
195 2813 391 2877 constituerat
407 2811 470 2896 ipse
486 2810 635 2893 dilargitus
651 2821 707 2888 cst,
734 2831 770 2874 ne
786 2831 803 2872 ιι
819 2811 979 2875 minoribus
995 2810 1128 2894 progredi
1146 2811 1180 2873 nd
1197 2831 1258 2873 ma-

109 2916 169 2980 inm
184 2916 242 2980 diui
261 2914 364 2998 possit.
397 2915 496 2974 Manet
512 2916 612 2994 qutppc
624 2916 704 2974 sedes
717 2916 806 2988 illiers,
823 2926 852 2974 et
865 2918 952 2992 regni
965 2917 1025 2974 er'rrs
1040 2935 1095 2974 non
1109 2916 1167 2974 erit
1169 2913 1255 2991 fineis,

110 3027 191 3101 utque
220 3018 250 3079 in
276 3013 396 3079 [luridis
425 3014 501 3078 solio
524 3015 674 3092 considet,
709 3027 861 3100 propterea
885 3015 960 3098 quod
985 3011 1108 3077 Doridis
1135 3034 1257 3096 regnum

109 3119 277 3195 transtulit,
301 3117 385 3200 idque
401 3117 493 3201 ipsum
512 3137 649 3179 unacum
665 3118 832 3202 pontificatu
849 3115 945 3178 servis
962 3116 1024 3178 suis
1044 3114 1179 3192 indulsit,
1204 3113 1259 3176 hoe

109 3233 150 3284 est
164 3218 331 3285 catholicae
353 3218 499 3281 ecelesiae
522 3218 717 3301 pontificibus.
765 3215 824 3282 Sed
849 3217 937 3280 multa
953 3217 989 3280 de
1013 3236 1047 3279 eu
1067 3236 1100 3280 rc
1117 3212 1258 3297 disputari

108 3333 240 3404 possunt.
288 3317 434 3402 Quoniam
453 3339 525 3382 vero
544 3320 578 3382 ad
599 3340 664 3382 eum
685 3321 781 3384 locum
805 3318 913 3403 delapsi
938 3337 1037 3382 sumus
1061 3327 1092 3378 ut
1111 3316 1258 3377 reddenda

107 3445 208 3488 causeo
227 3422 312 3486 nohis
327 3433 405 3485 esset
419 3443 472 3484 cur
488 3421 508 3484 ii
525 3420 573 3504 qui
585 3417 704 3484 Christo
720 3441 825 3484 nomeu
840 3420 980 3483 dederant
996 3417 1162 3502 priusquam
1173 3411 1259 3479 Chri-

106 3525 270 3589 stianorum
289 3545 394 3586 nornen
416 3533 516 3586 essent
538 3523 634 3607 adepti
657 3520 768 3586 lessaei
787 3531 980 3598 vocarentur,
1011 3518 1121 3581 idcirco
1146 3516 1258 3580 monui-

106 3648 168 3690 tuus
185 3625 339 3690 lcssaeum
360 3621 483 3690 Doridis
502 3635 612 3708 patrem
630 3625 732 3688 luisse.
769 3624 830 3686 Aut
846 3623 882 3684 nb
898 3621 948 3684 illo
964 3619 1053 3704 igitur
1070 3616 1184 3695 lcssae,
1208 3629 1259 3682 aut

107 3749 122 3788 a
137 3725 205 3791 lesu
229 3722 341 3790 Christi
361 3725 468 3788 domini
485 3725 577 3789 nostri
595 3725 787 3809 appellatione
803 3721 987 3787 lessneorum
1003 3741 1109 3784 nomnen
1125 3720 1258 3784 obtinue-

107 3842 189 3908 runt,
216 3827 292 3912 qnod
313 3827 349 3888 ab
369 3824 437 3890 lesu
455 3827 607 3912 disciplina
625 3828 766 3911 proiecti,
790 3826 978 3908 eiusdemque
995 3822 1126 3904 discipuli
1144 3824 1256 3902 lorent3

107 3942 153 3993 aut
171 3931 245 3994 illud
269 3929 393 4012 denique
416 3949 456 3992 ex
479 3929 629 3992 notatione
647 3928 710 4013 ipsa
731 3927 872 4004 neminis,
904 3947 962 4010 quo
979 3925 1112 3988 dominns
1135 3935 1257 3988 vocotus

107 4043 160 4111 est,
185 4030 331 4114 originem
348 4031 471 4114 occepit.
506 4027 589 4093 lesus
608 4030 686 4092 enim
703 4028 848 4092 llehraiee
865 4038 1041 4104 curatorem,
1067 4027 1121 4091 hoc
1138 4037 1183 4090 est
1198 4046 1258 4088 me·

107 4133 199 4196 dicum
221 4154 256 4196 ao
274 4141 475 4210 servatorem,
500 4131 655 4216 significet.
701 4129 845 4213 Quicquid
863 4130 918 4210 sit,
943 4140 1056 4195 constet
1075 4127 1255 4202 eonomine,

108 4235 273 4318 prinsquam
293 4229 455 4297 Christiani
469 4242 664 4310 vocarentur,
689 4231 850 4317 appellatos
871 4231 972 4296 luisse.
1017 4236 1115 4314 Atque
1131 4228 1166 4290 nh
1187 4225 1258 4290 urhe

108 4336 221 4400 demrrm
241 4335 417 4410 Antiochia,
448 4335 487 4397 nti
508 4355 597 4420 supro
620 4335 819 4412 meminimus,
852 4333 1062 4418 edeoqueipsn
1086 4330 1129 4392 rei
1149 4326 1258 4392 veritus

109 4437 287 4522 comprobat,
312 4458 377 4499 cum
393 4436 525 4518 discipuli
542 4436 609 4523 ipsi,
634 4447 694 4499 tum
712 4437 806 4500 omnis
823 4437 949 4502 ecclesio
964 4433 1010 4498 dei
1024 4429 1258 4498 Christianorum

107 4540 248 4604 roenhulo
271 4537 494 4623 comprehensa.
