3112 4984
168 481 235 549 Κεφ.
252 478 281 542 ς’.

299 341 359 402 23ss
723 353 843 404 οκοιοτι
862 353 1029 404 τοιουτοιί
1113 326 1115 330 ’

386 464 494 532 1Ἀλλά
519 464 589 534 ούῦὲ
613 473 805 553 Νασαραίους
826 469 951 546 ἑαυτούς
974 469 1126 535 ἐκάλεσαν·
1155 463 1195 554 ἦν
1218 469 1273 557 γάρ
1298 468 1317 554 ἦ
1342 476 1455 559 αῖρεσις

297 577 358 635 τῶν
373 575 555 655 Νασαραίων
570 569 629 655 πρό
646 576 790 654 Χριστοῦ,
811 573 862 637 καλ
880 571 1009 658 Χριστόν
1024 569 1079 637 ούκ
1097 570 1168 661 ᾔδει.
1209 569 1294 638 Ἀλλά
1309 575 1362 639 καλ
1377 574 1452 640 πάν-

297 697 344 748 τες
361 671 520 758 άνθρωποι
537 670 607 748 τούς
625 671 823 756 Χριστιανούς
840 678 1060 758 ΞΝαζωραίους
1075 672 1214 754 ἐκάλουν,
1235 671 1277 750 οῖς
1293 685 1451 761 προεῖπον,

298 771 341 850 οῖς
356 777 470 859 λέγουσι
488 781 717 859 κατηγοροῦντες
733 775 857 840 Παύλου
871 783 925 842 τοῦ
940 773 1117 855 ἀποστόλου,
1141 783 1252 842 Τοῦτον
1266 774 1319 842 τόν
1331 776 1450 864 άνθρω-
1545 809 1546 850 ι

297 903 357 942 πον
373 876 499 963 εῦρομεν
513 875 626 959 λοιμόν,
648 879 699 942 καὶ
713 879 926 962 διαστρέφοντα
941 875 994 942 τόν
1008 875 1088 958 λαόν,
1110 875 1318 963 πρωτοστάτην
1332 904 1365 944 τε
1380 878 1451 946 όντα
1545 875 1546 928 ἓ

296 986 350 1060 τῆς
370 986 429 1044 τῶν
448 985 632 1064 Ναζωραίων
654 981 800 1064 αίρίσεως.
841 977 875 1044 Ὁ
895 979 927 1044 δὲ
952 977 1036 1063 άμιος
1057 975 1221 1056 ἀπόστολος
1242 977 1298 1046 ούκ
1320 977 1451 1065 οῖρνεῖται

296 1082 350 1164 μὲν
365 1080 398 1148 τό
416 1080 526 1165 ύνομα,
550 1080 616 1165 ούχλ
636 1079 690 1164 τὴν
705 1080 820 1148 τούτων
842 1084 955 1167 αἵρεσιν
970 1077 1138 1164 ὁμολογεῖν,
1159 1078 1230 1146 άλλά
1247 1079 1281 1147 τό
1299 1080 1396 1166 ὄνομα
1416 1081 1450 1148 τό
1545 1119 1546 1124 1

296 1180 356 1250 άπύ
376 1190 428 1267 τῆς
442 1191 503 1249 τῦν
518 1182 726 1270 άντιλεγόντων
741 1186 900 1259 κακονοίας
916 1180 965 1248 ῦιά
982 1180 1035 1247 τόν
1053 1179 1183 1268 Χριστόν
1197 1184 1353 1266 ἐπενεχθὲν
1370 1183 1450 1274 αύτῷ

296 1282 428 1368 άσμίνως
449 1284 687 1369 καταδεχόμενος.
733 1286 813 1368 Φησὶ
834 1283 890 1370 γάρ
908 1286 958 1350 ίπλ
981 1291 1034 1350 τοῦ
1060 1282 1233 1366 8βήματος,
1259 1283 1335 1350 Ούτε
1356 1288 1388 1353 ἐν
1409 1313 1450 1352 ττι

296 1391 366 1477 ἱερῷ
392 1381 506 1474 4εὗρόν
529 1415 564 1471 με
587 1387 664 1471 πρός
687 1415 752 1454 τινα
775 1385 995 1472 διαλεγόμενον,
1024 1382 1045 1469 ἢ
1067 1382 1257 1452 ἔπισύστασίν
1275 1413 1340 1452 τινα
1361 1386 1450 1470 όχλον

296 1497 456 1568 ποιοῦντα,
486 1488 555 1555 ούῦὲ
579 1483 622 1556 ὧν
642 1517 702 1574 μου
718 1496 933 1575 κατηγοροῦσιν
956 1484 1045 1553 ούελίν
1070 1491 1254 1569 θπεποίηκα.
1296 1486 1449 1574 Ὁμολογεῖ

296 1592 330 1656 ῦὲ
346 1611 393 1656 σοι
413 1599 517 1672 τοῦτο,
540 1591 585 1658 ότι
603 1591 678 1657 κατά
693 1589 748 1674 τὴν
766 1589 854 1670 ύδόν,
876 1589 915 1674 ἣν
935 1593 1047 1675 αῖρεσιν
1066 1581 1149 1655 οὗτοι
1165 1586 1346 1670 φάσκουσιν,
1368 1589 1449 1658 ούτω

294 1690 437 1776 λατρεύω,
458 1693 605 1760 πιστεύων
620 1701 693 1758 πᾶσι
709 1703 772 1768 τοῖς
787 1695 819 1758 ἒν
832 1699 872 1782 τῷ
889 1691 971 1780 νόμῳ
987 1693 1039 1756 καί
1055 1693 1087 1756 ἕν
1100 1700 1163 1766 τοῖς
1179 1689 1355 1775 προφήταις.
1385 1695 1448 1758 Καλ

295 1789 334 1858 ού
350 1801 457 1879 θαῦμα
471 1795 517 1862 ότι
535 1794 553 1861 ό
569 1793 732 1871 άπόστολος
752 1793 912 1880 οόμολογεῖ
924 1791 1031 1858 ἑαυτόν
1047 1800 1238 1880 Ναζωραῖον,
1260 1792 1380 1858 πάντων
1394 1821 1448 1861 κα-

294 1894 423 1963 λούντων
438 1895 509 1974 τούς
529 1897 725 1984 Χριστιανούς
745 1896 809 1963 τότε
830 1895 925 1985 τούτῳ
949 1903 990 1986 τῷ
1008 1892 1145 1978 όνόματι,
1168 1893 1219 1960 διά
1237 1895 1371 1978 Ναζαρὲτ
1390 1895 1448 1979 τὴν

174 2028 223 2072 ρος.
239 2018 283 2062 122
296 1995 398 2081 πόλιν,
420 1997 508 2083 άλλης
528 1999 569 2085 μὴ
592 1999 683 2083 ούσης
704 1997 834 2086 χρήσεως
854 2005 895 2088 τῷ
919 1995 1043 2082 όνόματι
1064 1995 1140 2082 πρός
1156 1994 1210 2061 τόν
1229 1995 1351 2083 καιρόν,
1374 1995 1448 2074 όίςτε

161 3845 227 3916 Κεφ.
246 3847 277 3913 ζ.

293 2097 364 2177 τούς
388 2098 572 2186 όνθρύπους
596 2110 694 2167 καλεῖν
720 2098 791 2177 τούς
815 2107 857 2189 τῷ
881 2107 1000 2188 Χριστῷ
1023 2096 1261 2173 πεπιστευκότας.
1308 2100 1383 2184 Περί
1408 2091 1447 2164 ού

295 2203 372 2268 7καί
387 2204 546 2290 γέγραπται
561 2202 607 2270 ότι
624 2210 798 2288 Ναζωραῖος
812 2201 1001 2286 κληθήσεται.
1044 2203 1106 2266 Καὶ
1122 2199 1179 2285 γάρ
1191 2200 1243 2265 καλ
1258 2205 1314 2265 νῦν
1329 2197 1446 2282 όμωνύ-

294 2330 357 2385 μως
372 2309 404 2371 οί
423 2305 583 2392 ἅνθρωποι
597 2307 695 2381 πόσας
712 2302 765 2381 τάς
782 2306 922 2396 αίρίσεις,
944 2307 1134 2386 Μανιχαίους
1149 2304 1180 2366 τί
1194 2327 1271 2384 φημι
1290 2305 1341 2368 καλ
1354 2309 1445 2388 Μαρ-

293 2406 464 2488 κιωνιστάς,
492 2407 680 2485 Γυωστικούς
703 2432 734 2472 τε
757 2408 809 2472 καλ
832 2405 953 2484 άλλους,
982 2402 1178 2490 Χριστιανούς
1203 2401 1274 2480 τούς
1294 2402 1336 2487 μή
1357 2401 1446 2481 ὄντας

295 2510 492 2592 Χριστιανούς
512 2517 649 2590 καλοῦσι,
671 2512 722 2576 καλ
744 2508 825 2593 ὅμως
847 2506 954 2590 ἑκάστη
978 2511 1103 2590 αἵρεσις,
1124 2509 1229 2590 καίπερ
1253 2503 1345 2582 άλλως
1364 2514 1444 2592 λεγο-

292 2611 380 2692 μένη,
402 2615 588 2696 καταδέχεται
606 2619 693 2678 τοῦτο
716 2615 874 2695 χαίρουσα,
896 2608 941 2674 ότι
965 2607 1015 2674 διά
1037 2615 1091 2674 τοῦ
1113 2605 1260 2690 όνόματος
1282 2617 1443 2690 κοσμεῖτακ

293 2717 428 2778 Δοκοῦσι
449 2713 504 2799 γάρ
526 2714 576 2780 ἒπλ
594 2720 635 2800 τῷ
658 2721 712 2779 τοῦ
731 2718 862 2797 Χριστοῦ
882 2709 1077 2794 σεμνύνεσθαι
1096 2708 1236 2791 όνόματι,
1265 2707 1302 2774 ού
1323 2707 1384 2792 μὴν
1406 2718 1442 2800 τῇ

293 2817 386 2878 πίστει
405 2817 456 2879 καὶ
473 2823 535 2891 τοῖς
550 2817 656 2900 ἔργοις.
703 2812 788 2878 Οῦτω
804 2814 854 2878 καλ
870 2816 902 2878 οί
915 2811 995 2898 όμιοι
1009 2819 1063 2878 τοῦ
1081 2817 1210 2896 Χριστοῦ
1226 2812 1360 2894 μαθηταί
1377 2811 1443 2878 τότε

292 2913 431 2997 μαθητάς
445 2913 542 2998 Ἰησοῦ
556 2913 680 2991 ἑαυτούς
697 2914 835 2994 ἐκάλουν,
858 2912 953 3000 όίςπερ
972 2906 1027 2980 ούν
1042 2916 1094 2979 καλ
1114 2906 1204 2997 ἦσαν·
1225 2911 1389 2988 άκούοντες
1409 2915 1442 2978 δὲ

292 3015 374 3102 παρά
393 3015 487 3084 ἄλλων
507 3025 679 3103 Ναζωραῖοι
699 3013 755 3082 ούκ
776 3014 947 3100 η’ναίνοντο,
971 3015 1023 3082 τόν
1041 3014 1154 3082 σκοπόν
1174 3022 1360 3101 θεωροῦντες
1379 3022 1441 3080 τῶν

291 3126 380 3184 τοῦτο
401 3117 511 3196 αύτούς
531 3117 718 3198 καλούντων,
740 3117 786 3184 ότι
803 3116 854 3183 ῦιά
870 3115 1000 3204 Χριστόν
1019 3116 1128 3194 αύτούς
1146 3116 1279 3183 ἐκάλουν.
1320 3114 1440 3200 Ἐπειιλή

291 3223 343 3286 καλ
359 3218 450 3298 αύτός
468 3220 488 3288 ό
506 3221 610 3308 κύριος
623 3219 736 3306 Ἰησοῦς
752 3227 925 3306 Ναζωραῖος
943 3223 1087 3300 ἐκαλεῖτο,
1109 3218 1206 3306 όύςπερ
1225 3222 1282 3302 ἔχει
1299 3215 1334 3282 τά
1352 3213 1440 3304 εύαγ-

290 3325 385 3409 γίλια,
407 3327 458 3390 καὶ
475 3327 508 3390 αἱ
524 3321 653 3410 Πράξεις
671 3330 733 3389 τοῖν
755 3320 940 3402 άποστόλων,
962 3321 1012 3387 ῦιά
1032 3319 1065 3388 τό
1088 3323 1121 3386 ίν
1141 3329 1177 3411 τῇ
1201 3320 1284 3387 πόλει
1305 3321 1442 3406 Ναζαρὲτ

290 3422 396 3507 αύτόν,
419 3424 505 3516 κόμη
527 3427 560 3492 ιλὲ
576 3424 612 3492 τά
633 3432 688 3490 νῦν
704 3423 793 3514 οῦση,
815 3423 1037 3509 άνατετράφθαι
1054 3425 1085 3488 ἓν
1101 3427 1174 3512 οῖκφ
1190 3419 1317 3504 Ἰωσὴφ,
1339 3447 1441 3507 γεννη-

290 3527 381 3592 θέντα
403 3527 479 3595 κατά
499 3527 596 3617 σάρκα
618 3529 652 3594 ίν
674 3527 808 3610 Βηθλεὲμ
832 3523 892 3592 άπό
916 3530 1041 3611 Μαρίας
1063 3532 1117 3609 τῆς
1139 3523 1358 3610 άειπαρθίνοο,
1386 3531 1442 3606 τῆς

291 3629 543 3713 μεμνηστενμίνης
558 3626 667 3712 Ἰωσὴφ
689 3635 729 3717 τῷ
746 3629 828 3716 ίντῇ
845 3623 921 3718 αὐτῇ
938 3627 1071 3713 Ναζαρὲτ
1092 3625 1288 3718 μετφκηκότι,
1311 3626 1385 3708 μετά
1404 3626 1439 3692 τό

291 3725 351 3794 άπό
368 3733 501 3815 Βηθλεὲμ
518 3729 609 3797 αύτόν
626 3729 841 3814 μεταναστάντα
859 3733 891 3795 ίν
906 3737 942 3819 τῇ
959 3733 1097 3817 Γαλιλαίᾳ
1113 3735 1352 3812 κατοικισθῆναι.

380 3824 471 3902 Οὗτοι
487 3835 518 3900 dl
534 3837 566 3900 οί
579 3834 787 3920 προειρημένοι
801 3835 979 3917 αῖρεσιῦται,
1001 3833 1068 3914 περλ
1083 3823 1126 3896 οἷν
1142 3833 1275 3897 ἐνταῦθα
1289 3829 1345 3914 τόν
1359 3827 1441 3912 άφή-

291 3954 377 4019 μησιν
390 3935 574 4016 ποιούμεθα,
598 3929 737 4020 παρόντες
754 3932 788 4000 τό
805 3932 900 4015 όνομα
916 3939 969 3997 τοῦ
988 3929 1084 4016 Ἰησοῦ
1103 3931 1170 3998 ούτε
1191 3930 1348 4008 Ἰεσσαίους
1369 3934 1437 3998 ἑαυ-

291 4031 362 4109 τούς
377 4032 565 4117 κεκλήκασιν,
587 4035 654 4100 οῦτε
675 4043 735 4102 τῶν
751 4033 908 4101 Ἰουδαίων
925 4037 1041 4116 ἔμειναν
1055 4037 1168 4117 ἔχοντες
1183 4034 1217 4100 τό
1233 4032 1345 4118 ὄνομα,
1368 4033 1440 4100 ούτε

294 4133 489 4222 Χριστιανούς
505 4135 628 4214 ἑαυτούς
642 4137 837 4221 ἐπωνόμασαν
842 4188 851 4220 ,
873 4134 943 4200 άλλά
960 4141 1171 4222 Ναζωραίους,
1192 4140 1288 4218 δῆθεν
1307 4133 1367 4200 άπό
1383 4143 1440 4218 τῆς

290 4247 344 4305 τοῦ
360 4237 454 4306 τόπον
470 4244 523 4320 τῆς
539 4241 672 4325 Ναζαρὲτ
688 4242 864 4321 ἐπωνυμίας.
903 4238 945 4304 Τά
962 4237 1057 4303 πάντα
1070 4240 1104 4304 ῦί
1120 4241 1192 4304 εἰσιν
1208 4235 1363 4316 Ἰουδαῖοι,
1385 4239 1440 4304 καλ

326 4446 384 4498 θεν.
406 4449 448 4496 Ἦ.
473 4475 506 4486 -
549 4447 571 4498 ί.
594 4440 671 4498 ’Δλλελ
692 4439 752 4499 ούσλ
777 4447 844 4494 coda
912 4443 935 4494 2.
953 4442 1057 4498 ἐκάλουν
1069 4443 1234 4510 Ναζωραίους
1250 4447 1302 4496 τοῦ.
1320 4447 1396 4496 vemt.

291 4517 496 4634 gemmae.
524 4509 612 4568 Ιἰλλλοι
631 4509 661 4568 δὲ
684 4513 847 4574 cod.flhed1'9.
914 4510 939 4564 3.
956 4507 1068 4580 ῥήματος
1084 4515 1134 4564 οοελ
1150 4515 1225 4564 Venti.
