3072 4986
310 310 351 374 1⁸
699 319 864 370 κτινκεειι
884 317 1064 370 οεεεοιιειο

311 431 413 516 μότσίς
429 437 653 519 τετιμημένους,
673 433 889 518 ῆταράννονς,
918 432 938 518 ἢ
954 432 1079 518 γόητας,
1108 431 1129 515 ἤ
1152 431 1235 508 τινάς
1258 459 1288 497 τι
1301 432 1471 518 δράσαντας

315 541 401 628 ἐντῷ
419 541 491 627 βίῳ,
511 535 627 620 μνῆμης
642 561 671 602 τι
688 538 799 601 δοκοῦν
816 535 913 616 ἄξιον,
936 533 973 601 δι’
991 533 1080 617 άλκης
1102 542 1191 614 Μτι,
1218 533 1401 618 ῆσωμάτοιν
1421 533 1468 602 τά·

315 645 450 724 ρινστίας,
471 641 571 706 ἔπειτα
589 639 621 704 δί
637 634 697 704 dud
712 645 772 704 τῶν
784 638 898 722 χρόνον
913 645 967 704 τοῦ
984 635 1099 720 Θάδρα,
1116 643 1169 702 τοῦ
1189 635 1302 723 πατρός
1316 633 1470 724 Ἀβραάμ,

318 743 369 811 καλ
396 738 434 807 δι’
471 738 643 827 άγαλμάτων
672 736 726 821 τῆν
754 739 868 821 πλάνην
893 746 946 822 τῆς
975 741 1194 824 εἰδωλολατρίας
1230 739 1469 825 είςηγησάμενοι,

318 839 389 918 τεός
408 844 521 910 ἑαυτῶν
533 840 727 926 προπάτορας
749 837 786 906 δι’
803 839 1023 923 άιτεικονισμῶν
1035 841 1233 924 τετιμηκότες,
1256 844 1307 908 καὶ
1324 839 1395 917 τσδς
1408 839 1470 924 ττρό

318 943 417 1012 αὐτῶν
447 941 681 1025 τετελευτηκότας
705 942 926 1025 ττγνησάμινοι,
959 945 992 1009 ἐκ
1018 945 1222 1028 λῑκεριιμιιιῆς
1244 942 1405 1026 ίιτιστῆμης
1434 941 1471 1008 τό

318 1055 451 1131 πρῶτον,
482 1049 582 1112 έιτειτα
608 1043 732 1125 ἑκάστης
757 1046 857 1129 τέχνης
881 1046 1099 1128 μιμησαμένης,
1130 1045 1284 1128 οἰκοδόμοι
1307 1046 1359 1127 μέν
1379 1049 1471 1110 λίθον

317 1151 465 1228 ξίσαντες,
486 1145 688 1233 άργυροιιόιτοι
705 1147 738 1211 δδ
753 1149 804 1212 καί
819 1145 974 1230 χρυσοχόοι
996 1143 1046 1212 διά
1067 1155 1120 1228 τῆς
1145 1149 1221 1223 ίδίας
1238 1145 1311 1229 ὅλης
1330 1146 1470 1230 τεκτηνά-

317 1275 416 1334 μενοι,
445 1248 523 1322 οὕτω
539 1252 591 1314 καλ
613 1250 760 1326 τέκτονες,
787 1250 839 1313 καί
856 1251 887 1314 ολ
904 1251 1040 1330 καθεξῆς.
1083 1247 1243 1334 Αίγάιττιοι
1266 1250 1299 1316 δέ
1319 1245 1397 1330 όμοῦ
1417 1251 1472 1314 καλ

319 1349 517 1434 Βαβυλώνιοι,
538 1353 590 1418 καί
607 1348 734 1437 Φρύγες,
755 1351 805 1416 καλ
821 1351 1093 1432 Φοίνικες·ταυτησλ
1109 1357 1162 1434 τῆς
1175 1355 1335 1434 θρησκείας
1353 1356 1472 1435 πρῶτον

181 1443 187 1457 “
219 1528 224 1537 ¹
319 1455 466 1538 είςηγηταλ
489 1453 657 1538 γεγόνασιν,
688 1451 939 1537 άγαλματοιτοιίας
963 1476 993 1518 τε
1016 1454 1065 1516 καί
1083 1457 1268 1535 μυστηρίων,
1290 1449 1342 1532 άρί
1363 1445 1406 1518 ῶν
1432 1449 1473 1516 τά

319 1563 438 1620 πλεῖστα
456 1557 497 1629 είς
505 1554 657 1637 Ἕλληνας
675 1556 836 1636 μετηνέχθη
853 1551 913 1618 άιτό
933 1559 986 1636 τῆς
996 1555 1153 1638 Κέκροπος
1164 1550 1288 1636 ἡλικίας,
1309 1555 1359 1618 καί
1375 1564 1471 1618 καθε-

320 1661 386 1738 ξῆς·
416 1657 566 1738 μετέιτειτα
595 1657 628 1720 δέ
654 1657 705 1720 καί
736 1652 846 1748 όστίρῳ
870 1652 946 1720 κολό
976 1653 1046 1731 τοός
1069 1655 1137 1740 περί
1161 1653 1280 1740 Κρόνον
1306 1658 1356 1720 καί
1374 1651 1472 1738 Ῥέαν,

321 1763 380 1822 Δία
400 1782 432 1821 τε
452 1759 503 1822 καί
522 1753 710 1836 Ἀπόλλωνα,
733 1757 782 1821 καί
805 1759 934 1838 καθεξῆς
957 1754 1063 1835 θεοός,
1086 1753 1340 1842 άναγορεόσαντες.
1436 1765 1440 1780 ⁴

395 1857 542 1941 Ἕλληνες
554 1860 586 1924 δί
600 1862 753 1942 κέκληνται
770 1841 831 1924 άιτό
844 1857 994 1940 Ἕλληνάς
1009 1883 1088 1934 τινος
1103 1854 1212 1943 άνδρός
1227 1866 1287 1924 τῶν
1304 1863 1335 1924 έν
1348 1866 1384 1948 νῆ
1399 1855 1474 1922 Ἐλ-

321 1961 387 2028 λάδι
405 1958 634 2050 κατῳκηκότων,
659 1957 699 2036 οἷς
716 1960 748 2026 δὲ
760 1962 854 2044 ἕτεροί
868 1981 975 2042 φασιν,
996 1957 1056 2025 άπό
1072 1967 1124 2044 τῆς
1137 1963 1233 2038 ἐλαίας
1249 1967 1303 2045 τῆς
1321 1963 1351 2028 έν
1370 1958 1474 2042 Ἀθῆ-

322 2090 388 2139 ναις
411 2062 619 2146 βλαστησάσης.
652 2060 747 2146 ’Ἰονες
769 2062 801 2128 δέ
820 2060 932 2126 τούτων
962 2059 1084 2147 άρχηγολ
1108 2061 1276 2148 γεγόνασιν,
1305 2060 1346 2140 ῶς
1370 2061 1475 2146 ἔχειὴ

322 2163 470 2252 άκρίβεια,
490 2162 550 2232 άιτό
566 2172 618 2231 τοῦ
644 2161 813 2242 ῦδ’ίεοϋνολν,
838 2161 903 2238 ένός
917 2160 1025 2250 άνδρός
1039 2170 1098 2230 τῶν
1110 2162 1163 2230 τόν
1182 2162 1298 2250 ττόργον
1310 2167 1475 2248 οίκοδομη-

323 2265 452 2346 σάντων,
474 2265 524 2333 ὅτε
542 2271 576 2332 αἱ
596 2273 720 2353 γλῶσσαι
742 2269 969 2348 διεμερίσθησαν
991 2271 1051 2330 τῶν
1073 2264 1200 2332 πάντων.
1243 2263 1291 2333 Δι’
1314 2265 1353 2350 ῆν
1373 2269 1477 2335 αίτίαν

322 2372 373 2436 καί
387 2370 527 2452 Μέροπες
542 2365 650 2444 πάντες
661 2369 830 2449 κέκληνται,
852 2365 902 2434 διά
920 2365 972 2450 τῆν
990 2369 1200 2454 μεμερισμένην
1216 2367 1330 2452 φωνήν.
1363 2366 1477 2436 “Yam

324 2498 377 2556 ρον
394 2472 426 2535 δὲ
441 2466 460 2536 ό
479 2467 673 2553 Ἑλληνισμός
689 2471 730 2546 τίς
744 2470 868 2555 αἱρέσεις
883 2470 1004 2552 κατέστη
1021 2471 1174 2558 κακωτέρῳ
1195 2478 1237 2558 τῷ
1257 2469 1370 2560 χρόνῳ,
1391 2475 1477 2554 φημὶ

325 2573 358 2638 δὲ
375 2575 610 2657 Πυθαγορείων,
631 2571 682 2636 καί
698 2577 858 2651 Στωϊκῶν,
879 2571 930 2636 καί
944 2573 1156 2649 Πλατωνικῶν,
1177 2573 1227 2654 καί
1242 2568 1477 2658 Ἐπικουρείων,

325 2676 377 2740 καλ
395 2679 515 2738 λοιττῶν.
561 2675 732 2754 Θεοσεβείας
752 2673 785 2740 δὲ
798 2668 1090 2758 χαρακτῆράττῆργεν
1107 2672 1167 2755 άμα
1181 2674 1232 2738 καλ
1250 2669 1268 2738 ό
1285 2673 1360 2740 κατά
1378 2673 1479 2756 φύσιν

325 2774 433 2860 νόμος,
455 2773 678 2856 πολιτευόμενος
698 2771 757 2838 άττό
778 2773 891 2838 τούτων
906 2782 965 2839 τῶν
982 2775 1096 2852 έθνῶν,
1124 2771 1229 2838 ἑαυτόν
1245 2771 1394 2860 άφορίζαν
1409 2774 1477 2843 άιτδ

325 2885 379 2959 τῆς
397 2882 450 2941 τοῦ
468 2874 583 2958 κόσμου
599 2877 764 2958 καταβολῆς
782 2877 833 2940 καί
849 2879 954 2959 δεῦρο,
977 2877 1064 2958 μέσος
1082 2874 1231 2960 τυγχάνον
1250 2881 1480 2963 Βαρβαρισμοΰ,

325 2979 377 3043 καί
390 2981 581 3060 Σκοθισμοῦ,
602 2978 652 3042 καί
666 2973 877 3064 Ἑλληνισμοῦ,
899 2979 954 3054 ἕως
970 2974 1042 3042 ὅτου
1058 2974 1199 3060 συνῆφθη
1215 2986 1252 3068 τῆ
1267 2985 1320 3044 τοῦ
1332 2974 1481 3064 Ἀβραάμ

326 3080 489 3166 θεοσεβείᾳ.

400 3183 438 3259 δ’.
463 3198 524 3260 Καὶ
538 3196 689 3277 μετέπειτα
699 3188 898 3279 Ἰοοδαϊσμὸς,
920 3195 979 3264 άττό
995 3205 1054 3263 τῶν
1069 3197 1183 3284 χρόνων
1197 3195 1335 3282 Ἀβραάμ
1349 3195 1401 3264 τόν
1421 3226 1479 3284 χοι.

326 3306 458 3386 ραιιτῆρα
485 3295 614 3380 είληφοδς
635 3299 686 3364 καλ
712 3300 744 3363 ἐν
768 3305 904 3388 Μοιῶσῆ,
935 3299 1052 3389 έβδόμῳ
1077 3297 1137 3366 άιτό
1161 3297 1315 3384 Ἀβραάμ,
1346 3299 1396 3367 διά
1417 3312 1481 3368 τοῦ

327 3401 406 3491 αάτςῶ
426 3401 567 3475 δοθέντος
588 3395 683 3480 νόμου
708 3395 767 3463 διτό
786 3406 839 3464 τοῦ
861 3408 938 3466 θεοῦ
955 3404 1149 3483 πλατυνθελς,
1171 3399 1230 3468 άττό
1250 3402 1281 3466 δέ
1298 3409 1351 3468 τοῦ
1362 3399 1481 3484 Ἰούδα,

326 3503 464 3588 τετάρτου
483 3505 552 3566 οίοῦ
568 3507 621 3566 τοῦ
634 3497 755 3584 Ἰακοδβ,
784 3508 838 3566 τοῦ
854 3503 1064 3596 έττικληθὲντος
1081 3500 1208 3592 Ἰσραήλ,
1231 3501 1281 3569 διά
1299 3506 1397 3586 Δαβίδ
1417 3517 1482 3572 τοῦ

327 3601 446 3687 πρῶτον
461 3601 684 3687 βασιλεύσαντος
698 3597 758 3667 άττό
773 3607 826 3686 τῆς
843 3609 897 3668 τοῦ
911 3601 1003 3670 αάτοῦ
1017 3603 1114 3670 Ἰοάδα
1129 3613 1225 3690 φυλῆς
1241 3603 1275 3672 τό
1291 3606 1398 3670 τέλειον
1416 3619 1482 3674 τοῦ

326 3700 515 3784 ’Ῑοοδαϊσμοῦ
535 3703 630 3789 όνομα
643 3705 869 3788 κεκληρωμένος.
912 3713 1027 3787 Σαφῶς
1043 3703 1099 3794 γάρ
1119 3708 1186 3792 ττερί
1205 3703 1321 3772 τούτων
1336 3713 1393 3770 τῶν
1411 3734 1483 3774 τεσ-

327 3803 426 3888 σάρων
449 3805 586 3888 αίρέσεοον
605 3803 800 3882 όάιιόστολος
822 3804 964 3889 έττιτεμῶν
983 3809 1058 3889 έφη,
1086 3803 1142 3871 Ἐν
1162 3807 1217 3893 γάρ
1235 3813 1352 3895 Χριστῷ
1374 3806 1484 3891 Ἰησοῦ

328 3903 366 3971 οδ
387 3904 559 3991 Βάρβαρος,
587 3906 623 3973 οιί
639 3907 780 3992 Σεύθης,
809 3905 862 3990 ⁰031
878 3906 1010 3991 Ἕλλην,
1031 3905 1087 3974 οάκ
1107 3905 1268 3990 Ἰουδαῖος,
1290 3905 1361 3974 άλλά
1382 3913 1483 3998 καινῆ

326 4011 427 4084 κτίσις.
548 4073 552 4084 ,

409 4105 559 4191 Ἑλλήνων
581 4111 733 4195 διαφοραί·

401 4215 435 4292 ε’.
458 4223 674 4312 Πυθαγόρειοι,
695 4227 745 4292 είτ’
761 4221 1070 4316 οὖν-Περιπατητικοί.
1121 4227 1182 4313 Τῆν
1197 4227 1315 4312 μονάδα
1332 4233 1383 4298 καλ
1399 4224 1482 4319 πρό-

360 4431 401 4488 67.
423 4435 538 4496 nummi
553 4425 587 4486 σι’
610 4423 691 4498 άλκης
707 4449 731 4486 τι
749 4447 794 4498 pro
814 4429 848 4490 δι’
863 4427 945 4503 δίκης
966 4452 1009 4505 τε,
1035 4439 1098 4502 quod
1115 4440 1167 4490 λλοτί
1184 4439 1244 4492 ειλε.
1260 4439 1278 4490 λ.
1297 4444 1319 4492 ιλ
1340 4443 1366 4492 λα
1380 4443 1486 4496 λκατα-

326 4504 447 4565 ρλσλαιοτλ
463 4503 581 4564 mebant.
