3072 4986
311 285 352 348 56
734 291 855 344 amer!
873 291 1039 342 ΕΡΙΡΗΛΝΙΙ

233 398 243 419 ⁸
309 411 437 478 πάντων.
482 409 651 476 Διετέλεσαν
673 409 705 472 δί
728 410 820 472 έκτῖσε
841 409 891 472 ἐπλ
913 409 997 472 πέντε
1021 414 1150 492 γενεαῖς,
1182 403 1224 482 είς
1246 406 1298 471 τού
1322 403 1459 480 πολλάκις

256 555 261 570 ·
309 511 401 581 εἰπον.
446 518 515 576 Νῦν
531 511 564 576 δέ
581 506 713 596 τίνιίγκην
728 509 812 591 δσχσν
829 516 924 574 ταῦτα
938 512 1124 594 δευτερεῦσαι.
1158 506 1307 592 Ἔμειναν
1324 506 1380 594 γδρ
1398 505 1456 572 διεδ

309 623 365 682 τοῦ
379 612 491 697 ’ίακοίβ
511 616 544 679 αί
561 613 656 698 γενεαί
674 608 893 695 ἀριθμούμεναι
911 609 962 676 διοί
978 619 1033 676 τοῦ
1050 612 1144 692 Λευλ,
1174 613 1205 688 ἐξ
1221 601 1316 694 οῦπερ
1332 613 1363 676 οί
1374 611 1457 693 ίερεῖς

308 715 546 798 κατεστάθησαν,
575 715 626 780 καί
650 709 700 780 διοί
722 719 776 777 τοῦ
793 710 911 791 Ἰούδα,
941 706 1026 792 ἰξοῦ
1051 711 1121 795 μετοί
1138 711 1265 798 χρόνους
1287 708 1305 778 0‘
1323 709 1458 794 βασιλεύς

310 813 379 904 ἦρξε
393 821 498 901 Δαβίδ.
542 817 604 880 Καί
628 811 646 880 δ
667 815 721 896 μέν
738 815 833 890 Λευίς
852 820 939 903 γεννᾷ
960 813 1012 881 τδν
1034 814 1142 894 Κατίθ,
1171 817 1222 880 καλ
1247 813 1319 890 τούς
1344 811 1457 890 ι’ίλλονς,

201 947 251 993 νει.
266 935 297 979 m
311 919 406 986 δίαοίθ
418 926 505 1007 γεννᾷ
518 915 571 983 τδν
582 913 719 1000 Ἀμριλμ,
740 912 861 1000 Ἀμριίμ
874 924 963 1005 γεννᾷ
974 914 1027 982 τδν
1041 919 1177 982 Μωῦσέα
1191 919 1242 982 καί
1256 913 1386 1000 Ἀαροίν,
1407 913 1459 980 τδν

310 1020 448 1107 ἀρχιερέα.
494 1012 590 1096 Οὗτος
610 1015 629 1086 τ’
646 1025 783 1099 Μαῦσῖγς
799 1016 929 1100 έκβύλλει
951 1015 1021 1094 τούς
1042 1017 1126 1095 υίούς
1141 1017 1259 1107 ’ἐσραήλ
1282 1020 1314 1084 έν
1337 1015 1460 1098 δυνάμει

310 1133 385 1190 θεοῦ
400 1125 434 1190 έκ
448 1130 503 1208 γῆς
518 1117 684 1207 Αἰγύπτου,
707 1115 748 1194 οίς
760 1121 816 1202 ἔχει
830 1116 850 1202 ἦ
865 1119 987 1206 δευτέρα
1000 1119 1076 1186 κατεῖ
1089 1119 1143 1204 τὴν
1156 1125 1336 1204 νομοθεσίαν
1350 1121 1459 1202 βίβλος.

175 1338 242 1406 Κεφ.
260 1335 292 1392 δ’.
397 1330 454 1392 ιΤί
475 1326 576 1408 μέντοι
594 1349 627 1410 γε
646 1316 686 1407 ἦν
705 1321 727 1406 ἡ
746 1329 806 1408 τοῖν
822 1327 898 1388 υίοῖν
912 1321 1032 1410 ’ίσραήλ
1047 1330 1176 1392 πολιτεία
1196 1323 1263 1408 ε’ίχρι
1277 1323 1386 1390 τούτου
1407 1329 1461 1388 τοῦ

308 1427 436 1514 χρόνον,
468 1425 506 1493 ού
526 1424 606 1492 πάνυ
626 1432 731 1507 σαφοῦς
750 1424 825 1490 κατέ
848 1424 881 1492 εδ
905 1425 1113 1510 φανερώτατον
1133 1429 1212 1493 ἐστίν
1232 1430 1338 1505 εἰπεῖν,
1370 1421 1462 1507 ἢμό-

307 1557 361 1597 νον
386 1529 433 1595 δτι
459 1531 492 1594 έν
510 1531 664 1615 θεοσεβείᾳ
693 1529 742 1592 καλ
764 1535 905 1616 περιτομῇ
927 1524 1076 1612 ύπῆρχον,
1109 1532 1136 1594 εἰ
1160 1532 1210 1594 καί
1232 1531 1390 1615 γέγραπται
1413 1525 1462 1591 ὅτι

309 1629 542 1714 ἰπληθύνθησοιν
560 1632 592 1696 ἐν
609 1636 647 1719 γῇ
666 1627 809 1718 Αίγύπτρι
829 1633 859 1694 σί
874 1631 936 1698 υίοί
950 1627 1082 1716 Ἰσραὴλ,
1112 1633 1163 1696 καί
1181 1634 1298 1714 χυδαῖοι
1315 1630 1460 1716 ἐγένοντο.

312 1732 439 1809 Ποίντοις
454 1731 509 1817 γύρ
526 1757 585 1796 που
603 1730 739 1813 δχρύνος
755 1738 807 1813 τῆς
823 1729 922 1796 αδτοῖν
937 1737 1096 1818 παροικίας
1110 1733 1163 1796 καί
1178 1735 1325 1813 ἐπιμιξίας
1341 1729 1392 1796 διδ
1407 1734 1463 1818 βμ-

309 1840 423 1919 θνμίον
445 1832 479 1900 τδ
502 1838 622 1916 χυδαῖον
642 1833 804 1919 εἰργάσατο.
852 1839 947 1899 Τίνων
967 1835 1066 1918 μέντοι
1082 1833 1236 1918 γεύεσθαι,
1266 1832 1367 1916 ἢτίνα
1384 1829 1464 1897 οἰπα·

309 1935 456 2024 γορεύειν,
484 1934 505 2018 ἢ
522 1934 610 2000 τᾶλλα
627 1935 684 2002 ὅσα
702 1932 777 2004 κατὰ
795 1934 948 2018 διαστολὴν
964 1942 1018 2001 τοῦ
1037 1934 1132 2017 νόμον
1151 1934 1306 2014 φυλάττειν
1322 1933 1464 2020 προςετοί-

309 2048 440 2122 χθησοιν,
461 2035 547 2104 ούπω
563 2035 638 2104 κατοί
655 2036 689 2103 εδ
701 2034 909 2121 φανερώτατον
927 2037 1162 2120 θέπεσημήνατο.
1204 2035 1365 2115 Ἐξιόντοιν
1382 2037 1416 2102 δέ
1432 2038 1467 2102 ἐκ

309 2149 365 2228 γῆς
386 2138 560 2225 Αἰγύπτου,
589 2142 622 2205 ἐν
647 2145 688 2225 τῷ
711 2139 837 2226 δευτέρῳ
865 2140 923 2203 ἔτει
943 2146 997 2221 τῆς
1019 2137 1117 2205 αύτιῦν
1142 2138 1263 2218 ἐξόδου,
1296 2141 1465 2226 νομοθεσίᾳ

309 2249 387 2308 θεοῦ
401 2245 608 2320 καταξιοῦνται
628 2239 678 2306 διοί
694 2238 790 2326 χειρδς
807 2238 900 2308 αὐτοῦ
914 2228 968 2306 τοῦ
987 2243 1152 2318 Μαῦσέοις.
1193 2239 1233 2305 Ἡ
1246 2242 1279 2306 δέ
1297 2245 1468 2323 νομοθεσία

309 2341 333 2427 ἦ
353 2346 387 2410 ἐκ
402 2351 479 2410 θεοῦ
495 2341 596 2420 αύτοῖς
612 2347 737 2408 δοθεῖσα
751 2346 942 2428 παιδαγωγοῦ
960 2346 1061 2425 δίκην,
1090 2339 1130 2419 τίς
1151 2345 1202 2408 καλ
1218 2339 1407 2427 παιδαγαγδς
1426 2333 1468 2422 ἦν

311 2443 455 2528 ύνύμος,
485 2453 658 2527 σωματικῶς
680 2444 732 2529 μέν
751 2445 1002 2526 διαστελλόμενος,
1033 2442 1233 2527 πνευματικὴν
1257 2445 1289 2509 δέ
1312 2441 1469 2525 ἔχειντὴν

309 2550 501 2630 προςδοκίαν,
523 2550 656 2612 ἐδίδασκε
671 2549 906 2630 περιτέμνεσθαι,
928 2550 1120 2632 σοββατίζειν,
1142 2543 1347 2613 α’ποδεκατοῦν
1364 2543 1470 2609 πάντα

312 2646 349 2714 τύ
365 2645 463 2713 αύτοίν
478 2646 643 2733 γεννήματα
657 2649 710 2712 καί
724 2647 834 2732 ὅσαπερ
850 2645 919 2734 παρ’
934 2645 1034 2725 αύτοῖς
1049 2651 1192 2726 ἐτίκτετο,
1219 2645 1280 2714 ιίπδ
1295 2644 1471 2732 οἰνθροίπου

312 2752 370 2825 ἕως
394 2747 536 2832 κτήνους,
565 2746 699 2833 δπαρχύς
719 2774 751 2814 τε
771 2748 888 2816 διδόναι
909 2751 960 2816 καλ
984 2749 1181 2833 πεντηκοστὴν
1205 2754 1257 2814 καί
1277 2746 1471 2834 τριακοστήν,

314 2852 424 2917 εἰδέναι
441 2859 506 2939 θερί
525 2849 608 2940 μύνρι
627 2851 679 2916 καί
700 2849 780 2940 αύτῷ
799 2849 955 2936 λατρεύειν.
1002 2850 1075 2917 δ’έίν
1091 2855 1232 2940 μοναρχίμ
1253 2852 1306 2934 μέν
1322 2849 1473 2936 κηρυττό-

312 2978 402 3038 μενον
424 2951 458 3018 τδ
482 2951 593 3035 ὄνομα,
622 2955 681 3018 *ἐν
700 2954 733 3018 δέ
753 2959 790 3041 τῇ
811 2958 955 3041 μοναρχίᾳ
976 2950 997 3036 ἦ
1016 2951 1101 3038 τριείς
1122 2951 1168 3018 οίελ
1188 2953 1390 3039 κατηγγέλλετο
1415 2953 1477 3016 καὶ

313 3053 478 3124 ἐπιστεύετο
501 3052 593 3139 λέκτρ’
610 3051 711 3130 αιίτοῖς
730 3065 793 3131 τοῖς
810 3053 998 3138 ἐξοχυτύτοις
1014 3055 1127 3135 αὐτῶν,
1148 3057 1278 3122 τουτέστι
1295 3050 1477 3139 προφήταις

313 3159 364 3224 καί
387 3153 583 3242 ἡγιασμένοις.
627 3159 739 3232 Θυσίας
759 3181 791 3221 τε
812 3159 864 3224 καί
887 3159 1019 3241 λατρείας
1039 3155 1206 3242 διαφόρους
1226 3164 1267 3245 τῷ
1288 3161 1482 3240 παμβασιλεῖ

313 3265 379 3349 θεῷ
399 3261 432 3324 ἐν
453 3256 604 3348 τῇέρήμμ
623 3261 821 3343 προςέφερον,
850 3259 882 3322 ἐν
898 3264 935 3345 τῇ
951 3262 1068 3346 λατρείμ
1084 3265 1138 3341 τῆς
1154 3263 1372 3344 σκηνοπηγίας,
1403 3255 1476 3324 ύπδ

313 3461 465 3542 Ἐδέξαντο
483 3447 565 3548 ’γοῦν
589 3465 622 3528 οί
643 3459 729 3527 αύτσλ
750 3459 887 3526 Ἰουδαῖοι
910 3463 963 3526 καί
984 3460 1170 3546 προφητικοίς
1194 3461 1298 3543 φοινδς
1322 3461 1389 3546 περί
1417 3470 1483 3528 τοῦ

320 3569 450 3647 Χριστοῦ
472 3565 645 3648 ἐρχομένου,
673 3564 832 3648 λεγομένου
856 3561 909 3644 μέν
929 3562 1102 3647 προφήτου,
1131 3562 1217 3641 ι’ίντος
1237 3565 1271 3630 δί
1290 3569 1383 3642 θεοῦ,
1420 3567 1485 3629 κοιλ

318 3661 441 3749 ιίγγέλον
459 3666 513 3748 μέν
528 3666 704 3748 κληθέντος,
732 3667 804 3730 υίοῦ
819 3663 852 3728 δέ
867 3662 954 3740 ὄντος
969 3673 1062 3744 θεοῦ,
1093 3668 1246 3748 μέλλοντος
1263 3666 1296 3732 δέ
1312 3667 1483 3752 ἐνανθρεο-

318 3763 424 3847 πήσειν
441 3767 493 3830 καί
515 3769 547 3832 ἐν
570 3765 708 3847 οἰδελφοῖς
731 3763 823 3831 αύτδν
844 3766 1103 3852 έγκαταλέγεσθαι,
1136 3763 1177 3842 οίς
1198 3769 1296 3849 έχουσι
1317 3774 1418 3833 πᾶσαν
1447 3773 1489 3835 αἱ

318 3873 401 3932 θεῖαι
422 3867 552 3952 γραφαί,
580 3867 703 3953 μάλιστα
728 3864 749 3951 ἡ
774 3873 829 3933 τοῦ
850 3872 1083 3956 Δεντερονομίου
1107 3867 1182 3934 κατεῖ
1207 3867 1261 3952 τήν
1283 3875 1488 3952 νομοθεσίαν

319 3967 436 4051 πέμπτη
455 3969 571 4050 βίβλος,
592 3972 642 4034 καλ
664 3973 802 4054 καθεξῆς.

354 4190 413 4244 (λιι.
427 4191 470 4244 lv.
488 4217 520 4230 -
539 4189 563 4241 ί.
581 4191 731 4254 θεμιστεῖον
750 4193 798 4254 Τίς
818 4193 874 4260 μέν·
942 4191 967 4244 3.
986 4195 1060 4244 Verba
1080 4188 1126 4245 Ἐν
1149 4193 1271 4262 μοναρχίᾳ
1286 4219 1321 4234 -·
1337 4219 1372 4234 -··
1389 4187 1494 4265 ὄνομα

319 4277 357 4314 τοι
372 4276 411 4326 γε
908 4275 955 4312 που
971 4267 1105 4325 σοπγιοτιαι
1122 4264 1147 4312 in
1163 4264 1217 4312 ισῖι
1234 4265 1334 4314 Ριιουιλ

352 4327 377 4379 2
396 4331 467 4380 ίιιίτίί.
484 4324 498 4382 δ
516 4324 599 4394 νόμος.
942 4323 968 4380 4.
983 4327 1008 4381 ἐν
1026 4327 1148 4398 μοναρχίᾳ
1164 4332 1219 4379 edil.
1236 4331 1335 4382 Ρτίουῖῖ.

941 4397 966 4450 5.
983 4399 1090 4448 romu
1105 4394 1174 4464 παρὰ
1188 4401 1240 4459 τοῖς
1256 4394 1441 4466 ἰξοχωτέτοις.
