3110 4984
320 321 378 382 144
733 327 855 382 emer!
873 328 1042 382 mmm!

316 449 350 514 ἐκ
369 451 483 532 νεκροῖο
497 442 658 528 ἀναστῆναι
676 447 713 534 τῇ
735 448 818 534 τρίτη
841 441 945 534 ήμίρρι.
989 446 1049 510 Καί
1064 441 1152 510 οὐδὲν
1171 445 1250 510 ίστιν
1265 443 1341 522 δλως
1355 448 1470 527 διαφω·

316 555 392 616 νοῦν
412 555 466 630 τῆς
486 554 541 614 τοῦ
565 549 672 632 κυρίου
695 544 842 632 δνσάρκοο
865 551 1030 632 παρουσίας
1051 545 1129 634 πρδς
1152 544 1206 624 τάς
1224 555 1284 614 τοῖν
1304 555 1471 632 προφητοῖν

317 655 507 738 προφητείας.

183 749 250 816 Κῑθ·
268 745 297 811 ί·
402 750 473 818 'Au'
490 755 546 827 ἕως
559 752 668 818 τοάτον
683 752 752 834 περί
769 756 823 833 τῆς
838 754 1020 834 Σατορνίλου
1035 753 1174 834 αίρίσεως
1189 750 1337 837 είρήσθω,
1358 755 1410 818 ἵνα
1428 747 1469 834 μή

204 859 255 903 ⁹⁸⁸¹
269 847 302 890 ω
320 853 466 922 άναλίσκω
480 853 608 940 χρόνους
623 853 691 938 περί
706 851 759 928 τάς
773 851 875 935 μωράς
891 850 983 918 αάτοῦ
1000 853 1131 937 ζητήσεις
1145 855 1196 920 καί
1210 852 1263 930 τάς
1275 851 1384 920 τοάτον
1398 851 1470 918 άνα-

319 957 432 1042 τροπάς
451 955 659 1040 ἐντιλοάμενος.
701 952 758 1020 Ἐκ
782 952 891 1036 ταάτης
906 955 939 1020 δί
957 953 1116 1037 παρελθάν
1138 957 1205 1039 ἑξῆς
1227 953 1282 1039 τήν
1296 959 1470 1022 Βασιλείδου

319 1066 374 1129 τοῦ
390 1065 588 1142 συσχολαστοῡ
604 1055 713 1124 τούτου
729 1058 780 1124 καί
795 1059 1041 1140 σονηπατημίνου
1054 1056 1184 1141 δηλάσω.
1228 1060 1395 1142 Μετδχουσι
1412 1055 1470 1142 γάρ

318 1155 420 1242 οὗτοι,
443 1158 485 1238 οἷς
507 1157 556 1226 ἀπ’
574 1158 702 1243 άλλήλων
719 1156 772 1224 τδν
788 1157 834 1224 ίδν
850 1157 1060 1241 δανεισάμενοι,
1081 1159 1157 1226 κατά
1171 1159 1226 1244 τήν
1241 1163 1349 1247 ἐναργῆ
1365 1185 1471 1244 παροι-

322 1269 408 1350 μίαν,
440 1260 482 1340 τίς
499 1259 590 1339 άσπίς
609 1259 678 1347 παρ’
702 1263 816 1344 ἐχίδνης
838 1259 886 1326 ίδν
909 1263 1104 1344 δανειζομίνη.
1145 1259 1239 1345 Ὁμοῦ
1257 1262 1315 1348 γάρ
1340 1264 1397 1328 είσι
1415 1268 1472 1342 τῆς

318 1373 425 1452 σχολής
440 1367 492 1431 καί
506 1367 662 1449 συνεδρίου
675 1361 821 1447 άλλήλων,
843 1360 914 1429 καθ’
930 1361 1036 1430 ίαυτδν
1050 1365 1083 1429 δί
1099 1365 1218 1447 ἕστηκεν
1241 1362 1399 1449 ιδκάτερος
1413 1361 1472 1447 τήν

318 1473 431 1553 αἵρεσιν
444 1464 699 1552 προστησάμενος·
721 1467 772 1532 καί
789 1463 843 1548 τήν
856 1466 910 1548 μὶν
924 1469 1030 1532 κακίαν
1046 1463 1114 1550 παρ’
1130 1463 1261 1549 άλλήλων
1277 1463 1468 1550 ήρανίσαντο,

319 1569 373 1654 τήν
391 1570 424 1636 δὲ
438 1573 605 1650 διαφωνίαν
620 1570 653 1634 ἐν
671 1563 772 1643 αὐτοῖς
786 1565 983 1650 ἐνεστήσαντο.
1027 1571 1099 1632 Εἴτε
1113 1559 1169 1633 οὖν
1184 1559 1274 1644 οδτος
1288 1571 1373 1650 δίκην
1389 1569 1467 1650 ἐχίδ-

318 1698 373 1755 νης
390 1668 472 1757 παρά
492 1677 552 1738 τῶν
573 1666 713 1737 άνωτάτω
730 1667 877 1753 μετασηοίν
892 1675 932 1757 τῷ
946 1673 1103 1758 Βασιλείδης
1121 1671 1335 1752 μεταδίδωκεν,
1356 1667 1377 1752 ή
1394 1673 1470 1736 ἐκεῖ·

317 1801 371 1851 νος
385 1772 496 1862 τούτῳ,
518 1771 600 1856 ὅμως
615 1769 752 1856 δλίθριος
770 1769 845 1837 οδνδ
860 1769 973 1836 τοιίτων
988 1769 1052 1852 ίδς,
1078 1774 1130 1836 καί
1144 1769 1203 1838 άπδ
1220 1770 1365 1838 τοιοάτων
1383 1773 1471 1856 ἕρπε-

317 1882 378 1943 τάν
392 1873 569 1960 ὁρμώμενος,
582 1873 633 1940 διά
647 1880 701 1958 τῆς
714 1881 767 1940 τοῦ
781 1877 887 1959 κυρίου
902 1877 1090 1948 διδασκαλίας
1103 1871 1260 1940 άντιδάτου
1274 1878 1360 1955 δίκην
1373 1871 1470 1956 α’μαυ-

318 1984 429 2064 ρωθείς
448 2002 480 2044 τε
501 1979 553 2044 καί
574 1974 754 2057 άφανισθείς
775 1973 828 2057 ὑφ’
845 1972 930 2058 ήμυῑν
949 1980 1175 2056 καταλελείφθω.
1219 1973 1319 2059 Ἡμεῖς
1338 1977 1373 2041 δὲ
1394 1974 1471 2040 θεάν

319 2079 543 2164 ἐπικαλούμενοι
565 2081 615 2146 ἐπί
635 2076 690 2156 τάς
711 2081 778 2162 ἑξῆς
799 2081 905 2161 ίωμεν,
928 2068 953 2143 οδ
974 2073 1128 2163 άμαπητοί.

525 2413 681 2484 RATA
724 2409 1246 2497 Βεεειοιοιεαοω,

763 2525 804 2600 δ’.
829 2525 852 2619 ἦ
877 2527 936 2601 καὶ
961 2524 1021 2599 κδ’.

244 2725 250 2738 .
282 2682 300 2740 ‘.
404 2680 576 2759 Βασιλείδης
596 2675 650 2758 μὲν
668 2667 740 2754 οὖν,
768 2671 851 2740 καθά
877 2672 938 2740 άνω
955 2672 1191 2758 προδεδήλωται,
1221 2675 1254 2740 ίν
1280 2679 1317 2764 τῇ
1333 2681 1395 2740 τῶν
1411 2679 1469 2740 Αί-

317 2783 449 2864 γυπτίων
462 2776 543 2864 χεδρρι
561 2775 745 2860 στειλάμενος
759 2775 814 2859 τήν
827 2780 962 2862 πορείαν,
985 2779 1076 2842 ἐκεῖσε
1087 2775 1141 2852 τάς
1157 2775 1311 2858 διατριβάς
1327 2780 1469 2854 ἐποιεῖτο,

318 2875 378 2944 είτα
394 2881 506 2963 ἔρχεται
517 2882 560 2955 είς
575 2876 611 2943 τά
628 2880 701 2963 μίρη
717 2885 770 2944 τοῦ
781 2882 980 2963 Προσωπίτου
995 2879 1047 2944 καί
1061 2875 1243 2963 Ἀθριβίτον,
1266 2875 1304 2944 οδ
1321 2877 1380 2961 μήν
1393 2876 1469 2944 άλλά

316 2983 368 3048 καί
388 2982 457 3063 περί
479 2979 531 3048 τδν
546 2986 661 3064 Σαΐτην
677 2982 729 3046 καί
742 2977 958 3065 Ἀλεξάνδρειαν
976 2981 1027 3046 καί
1052 2977 1390 3065 1Ἀλεξανδρειοτιολίτην
1408 2987 1468 3062 2⁰3·

316 3109 386 3169 ρον,
407 3080 473 3164 ἤτοι
490 3082 615 3164 λνομάν.
660 3081 766 3164 Νομδν
783 3079 838 3168 γάρ
863 3085 894 3147 οί
907 3080 1066 3166 Αίγύπτιοί
1089 3104 1164 3162 φασι
1187 3081 1240 3166 τήν
1264 3081 1386 3164 ἑκάστης
1407 3081 1468 3148 πό-

314 3192 386 3260 λεως
402 3187 584 3268 περιοικίδα,
610 3182 677 3266 ἤτοι
698 3187 867 3270 περίχωρον.
912 3181 1025 3268 Εάροις
1047 3180 1073 3248 δ’
1096 3181 1151 3263 άν,
1181 3175 1205 3248 ά
1230 3183 1383 3268 φιλολόμε,
1413 3185 1472 3249 καὶ

316 3296 404 3354 τοῦτο
427 3289 469 3364 είς
497 3293 632 3352 ’σαυτοῦ
652 3283 810 3367 ω’φίλειαν,
842 3283 917 3370 πρδς
939 3283 1139 3367 φιλομάθειαν
1154 3289 1205 3352 καί
1221 3285 1401 3368 σαφήνειαν,
1424 3289 1472 3364 είς

318 3387 424 3474 εδσεβή
442 3387 582 3455 σάστασιν
595 3389 645 3454 καί
658 3394 770 3472 φράσιν
785 3395 845 3454 τοῖν
862 3389 894 3452 ίν
912 3394 948 3476 τῇ
967 3392 1038 3474 θείᾳ
1054 3396 1156 3477 γραφή
1169 3389 1328 3471 κειμένων,
1348 3395 1411 3454 τῶν
1424 3393 1471 3468 είς

318 3489 445 3578 άπορίας
461 3489 544 3568 τινάς
561 3488 762 3574 ἐμβαλλόντων
776 3487 813 3554 δι’
827 3485 970 3574 άπειρίαν.
1003 3487 1105 3555 “Οπου
1120 3488 1175 3575 γάρ
1193 3493 1225 3554 ἐν
1242 3498 1283 3578 τῷ
1300 3487 1373 3580 άγίρι
1389 3517 1471 3572 προ-

318 3591 399 3681 φήτῃ
416 3591 528 3683 Ἠσαίᾳ
550 3591 649 3678 εὕροις
674 3593 871 3677 γεγραμμένον
893 3593 960 3676 περί
977 3597 1075 3674 νομιδν
1089 3590 1202 3667 πόλεως
1216 3593 1472 3678 *Αίγυπτιακτὸη

318 3689 382 3758 οίον
400 3693 532 3774 Τάνεως,
553 3693 761 3778 ήΜίμωεως,
790 3691 811 3775 ἢ
828 3699 921 3776 νομοῦ
947 3699 1024 3776 δτής
1038 3692 1229 3776 Βουβάστου,
1252 3697 1473 3779 Αἰγυπτιακοῖς

317 3790 371 3874 τήν
388 3801 574 3880 οπερίχωρον
595 3805 649 3880 τῆς
670 3793 813 3880 τυχούσης
830 3794 944 3871 πόλεως
965 3800 1107 3878 σημαίνει.
1152 3797 1214 3859 Καί
1235 3802 1322 3860 τοῦτο
1337 3802 1472 3880 φιλομα-

316 3897 405 3969 θείας
419 3897 503 3962 ἕνεκα
518 3899 734 3981 ίρμηνευίσθω.
763 3888 829 3963 Ἤν
846 3903 919 3982 γοῦν
933 3898 966 3964 ἐν
979 3905 1043 3974 τοῖς
1055 3895 1199 3973 τοιούτοις
1214 3895 1318 3974 τόποις
1332 3893 1351 3962 ά
1365 3923 1472 3983 προει·

316 3995 443 4081 ρημίνος
460 3993 588 4082 άγάρτης
604 3999 658 4082 τήν
674 4003 827 4084 διαβίωσιν
839 4001 913 4082 ἔχων
935 4001 965 4076 ἐξ
987 3990 1029 4064 οδν
1041 4003 1175 4078 φαίνεται
1197 3996 1218 4082 ή
1241 3999 1291 4066 καί
1311 4001 1352 4076 είς
1372 4003 1472 4086 δεῦρο

317 4093 487 4182 άιιμάζουσα
505 4095 598 4164 αδτοδ
614 4105 735 4186 αἵρεσις,
750 4104 782 4167 ἐκ
797 4108 850 4184 τῆς
866 4098 958 4166 αάτοῦ
974 4104 1162 4178 διδασκαλίας
1175 4103 1308 4185 λαβοῦσα
1320 4099 1375 4185 τήν
1388 4105 1472 4190 πρά.

350 4321 526 4373 cn.V11.-
545 4320 651 4373 mm·
665 4319 781 4390 ίαάτερον
793 4327 871 4387 υυλρο
906 4326 956 4376 ωδ.
975 4327 1047 4376 λολλο.
1063 4329 1283 4388 τταερλλΡτλουλοι.

352 4389 491 4442 θυαμ-Ι
519 4391 541 4440 1.
557 4342 801 4472 ’Λλρξανδριοττολίεη
803 4395 872 4444 νλιο-
939 4395 963 4444 ’ί
982 4341 1129 4458 ιομδν.Γκφ
1097 4391 1184 4458 Νομδν
1205 4395 1257 4446 αοδ.
1274 4397 1347 4446 vatic.
1363 4399 1384 4444 τί
1408 4399 1470 4448 edit.

317 4461 369 4508 δειελ
382 4461 443 4511 λίθοι’.
480 4459 508 4508 vt
523 4461 594 4508 τλλοοι
607 4409 801 4538 Ἀλεξάνδριαι
799 4463 855 4510 ισλ
846 4477 873 4511 ιιι
905 4463 987 4512 Ρτλου.
1023 4463 1080 4512 Οοδ.
1096 4463 1194 4541 Rhodio.
1214 4468 1235 4512 τί
1254 4464 1310 4514 εδλλ.
1325 4465 1404 4526 princ
1421 4467 1473 4516 hu·

316 4527 355 4574 ιδ.
373 4530 450 4588 princ.
470 4541 515 4590 ρτο
538 4519 739 4594 Ἀλεξάνδρειαν,
764 4531 827 4592 quod
843 4543 871 4580 ιτ
905 4531 957 4580 beni
970 4524 1053 4596 νόμον.
1075 4525 1158 4594 νόμον.
