3110 4984
353 267 488 322 rnnnnn
507 271 582 322 nov.
598 269 769 322 ‘amaneus
787 269 850 324 nra
866 272 885 322 ι.
902 271 982 324 root
996 273 1028 324 11.
1208 261 1268 326 tan

101 389 256 474 exprimit
272 407 325 471 per
339 409 423 471 quaro
438 409 512 474 npne
527 387 620 472 iprum
637 389 775 467 affinium,
799 391 1038 473 quemadmodum
1054 391 1195 476 σαίρω
1209 405 1268 472 eat,

105 494 194 554 run
208 491 383 572 gloriabitur
401 513 484 554 aerrr
500 495 562 554 arbae
578 495 707 554 brinta
721 496 833 573 r'praamt
854 501 912 556 ete.
957 492 1056 576 Atque
1073 494 1128 558 boe
1143 497 1269 560 eaeteria
1280 502 1421 561 mannate

102 594 142 658 ia
161 592 255 657 rebat
271 592 312 656 ita
327 611 396 656 aeae
410 592 520 658 babere
535 594 692 658 eomitante.
736 591 844 678 Neque
858 594 934 658 enim
950 594 1064 677 gladiua
1080 617 1187 662 nanaea
1201 618 1270 661 eae-

104 696 159 760 dia
181 705 245 774 eat,
278 695 331 760 aed
351 696 377 760 ia
399 695 446 780 qui
469 697 564 779 giadio
586 696 622 758 ad
642 697 861 780 perpetrandam
879 697 998 762 eaedem
1016 697 1118 763 utitur.
1162 695 1270 782 Neque

104 817 269 864 mnam
290 797 449 882 imaginum
471 808 557 883 tppua
579 817 653 881 quan
672 797 820 879 finguntur
836 817 889 882 por
909 817 943 861 ae
961 797 1056 862 moliri
1074 810 1187 883 potent,
1216 799 1270 864 aed

104 899 140 964 ia
158 899 281 964 omnino
297 901 346 984 qni
361 911 392 964 et
407 911 506 985 typum
523 901 616 984 ipsum
635 907 666 962 et
680 917 853 983 expressam
869 899 1026 984 iaaaginem
1042 901 1124 966 ierit.
1169 897 1269 984 Quare

103 1023 177 1066 nana
196 1000 305 1083 dageii
322 1002 396 1087 ipai,
425 1003 477 1068 aed
495 1001 547 1086 nui
564 1001 698 1085 Angeioa
717 1001 873 1086 produxit,
902 1001 1028 1066 bominis
1044 1023 1149 1068 nauem
1164 1023 1270 1066 neme

107 1115 176 1180 tr,
204 1103 315 1168 nond
332 1123 369 1170 ne
387 1103 532 1168 bominem
549 1104 710 1168 uenderent
726 1103 783 1166 iiiia
799 1103 998 1168 interdixerit.
1041 1103 1121 1170 Nam
1137 1104 1185 1169 ret
1199 1123 1270 1168 eoe-

106 1204 187 1270 lerti
207 1202 315 1270 Virtuti
336 1205 480 1270 inseitirm
501 1225 536 1270 aa
558 1206 721 1270 totmanno
742 1225 840 1270 reraaa
862 1225 939 1290 qaae
956 1215 1075 1292 praeta
1091 1207 1269 1272 votnatotea

108 1328 203 1374 m
219 1305 412 1392 perboiendae
426 1317 495 1372 eant
510 1307 704 1390 ignorantiam
721 1307 879 1386 adseribit,
902 1319 953 1372 aut
968 1329 1033 1372 eaar
1050 1309 1165 1394 propria
1179 1308 1269 1372 aniani

107 1409 287 1474 iadaotioue
309 1419 391 1494 potat
406 1407 540 1492 Angetoa
556 1427 745 1492 praereaeae,
775 1410 851 1494 qaod
872 1410 926 1474 bon
943 1411 1038 1496 ipenm
1053 1411 1091 1474 ad
1107 1411 1270 1497 pradnoea·

108 1511 186 1576 du
211 1509 355 1576 bannim
376 1511 448 1576 utile
469 1511 548 1574 ieret
567 1531 652 1594 quem
677 1511 804 1576 inmane
828 1523 967 1597 onperet,
998 1535 1063 1578 oum
1086 1523 1116 1576 et
1137 1513 1270 1597 Augetur

112 1613 318 1692 uendidisset,
348 1631 404 1678 neo
425 1633 478 1678 eos
498 1611 692 1697 prohibuisset
714 1634 786 1698 opna
798 1613 960 1694 einnmndi,
991 1615 1126 1682 otonem
1144 1615 1270 1680 bomia’a

112 1714 318 1791 molitionem,
342 1715 479 1800 aggredi,
503 1713 531 1778 id
549 1713 624 1798 quod
643 1714 804 1779 fabulosum
822 1717 936 1780 iliorum
953 1718 1106 1782 antideium
1124 1717 1268 1782 eontinet·

208 1813 403 1899 Quamobrem
428 1837 543 1880 rursum
566 1819 601 1880 de
629 1815 787 1882 tabularum
810 1818 964 1883 inventore
986 1821 1182 1904 quaerendum
1208 1829 1266 1899 est,
1286 1821 1346 1890 cap.
1362 1820 1404 1910 ΙῩ·

111 1918 236 2006 Eetpanid
249 1919 389 1984 minatis
403 1919 451 1984 ttto
465 1915 569 1982 Virtus
585 1929 709 1982 normat
724 1919 791 2002 quid
808 1931 909 1985 eaaent
924 1921 1030 2004 Angeii
1048 1923 1172 1988 tentorii
1204 1919 1270 1984 No·

109 2033 224 2101 verat,
247 2021 350 2105 inquit.
396 2019 489 2105 igitur
510 2041 568 2084 nnn
586 2021 692 2104 Augeti
710 2021 784 2105 ipsi,
808 2023 860 2086 aed
876 2021 926 2086 itta
941 2023 1041 2106 utique
1056 2023 1137 2086 feeit.
1181 2021 1270 2106 Quod

110 2125 140 2188 ai
159 2135 288 2188 neverat
301 2123 436 2208 quidem,
460 2123 511 2188 aed
522 2121 591 2186 beri
608 2133 705 2186 tamen
719 2124 854 2202 nolebat,
877 2144 912 2187 ao
925 2136 1044 2210 praeter
1057 2123 1135 2188 illine
1150 2133 1269 2188 aenten·

112 2227 190 2290 tiara
208 2225 350 2310 attingere
365 2246 439 2310 opaa
452 2225 529 2290 istud
544 2225 677 2309 aggreaai
693 2237 774 2304 aaut,
797 2247 851 2292 nor
865 2247 924 2292 aon
937 2227 1104 2314 probibuit?
1147 2222 1203 2289 sto
1216 2225 1269 2288 ob-

110 2340 202 2392 atare
222 2327 339 2391 rainiate
364 2328 472 2412 potait,
503 2327 624 2412 primum
647 2327 703 2392 boo
723 2327 825 2392 vitiam
848 2340 911 2409 eat,
941 2329 1016 2412 quod
1039 2337 1139 2392 eontra
1162 2337 1269 2390 seon*

116 2432 218 2516 ipoan
239 2429 375 2494 eonditor
397 2452 415 2492 a
439 2449 473 2492 ae
495 2428 648 2512 Angeioa,
680 2428 735 2492 aibi
759 2439 793 2492 nt
813 2430 987 2496 reantereut
1011 2451 1046 2494 ao
1065 2449 1099 2492 se
1119 2428 1270 2492 irritarent

113 2532 219 2596 naiiri
234 2531 377 2595 vetuerit:
400 2531 542 2608 aiterum,
564 2531 641 2614 quad
657 2552 723 2594 eam
739 2541 841 2615 paaaet
855 2531 973 2596 miaiaae
990 2530 1186 2617 prohibuerit,
1211 2531 1268 2596 ima

110 2635 209 2698 etiaaa
230 2633 267 2696 ad
289 2632 445 2718 peaaitnum
468 2631 537 2697 ittet
552 2632 733 2716 togatorum
756 2633 900 2717 opidoium
924 2634 1126 2718 exequendam
1148 2632 1268 2696 adiutri-

112 2757 183 2800 oeaa
202 2755 271 2798 aeae
291 2733 470 2819 praebuerit.
514 2731 600 2818 Quod
619 2733 645 2797 si
664 2755 719 2798 neo
736 2735 803 2798 idlae
821 2735 949 2815 adiurit,
979 2747 1011 2800 et
1028 2734 1183 2821 probibere
1202 2755 1267 2798 oara

114 2837 213 2902 vatter
232 2857 290 2900 noa
316 2837 425 2920 potuit,
455 2857 635 2922 magnopere
657 2837 830 2902 imbecillam
849 2857 916 2902 eaar
935 2847 1053 2922 oportet
1073 2857 1160 2917 esee,
1192 2857 1268 2921 qaae

111 2939 196 3024 qaod
222 2937 348 3002 valuerit
370 2938 485 3002 etdoere
507 2959 565 3004 non
588 2939 698 3024 potnit,
729 2939 843 3022 eritque
864 2942 939 3004 adeo
962 2939 1078 3004 eondita
1103 2940 1154 3004 iila
1174 2939 1210 3004 ab
1230 2957 1268 3002 en

113 3039 303 3124 Angelorum
325 3049 444 3104 eatam
470 3041 576 3103 inrtim
600 3061 685 3124 qnam
709 3038 834 3124 ipaaanet
859 3061 936 3126 quae
958 3043 1138 3127 Angelorum
1161 3061 1268 3106 eansaa

112 3153 166 3206 eat
183 3161 225 3204 ae
247 3140 430 3226 prineipiuat.
473 3139 568 3224 igitar
590 3141 724 3208 baereaie
743 3142 799 3206 iata
818 3142 937 3208 minime
958 3143 1117 3208 nnbaerern
1134 3144 1198 3227 ipae
1219 3161 1268 3208 ao-

111 3266 184 3310 e-
201 3253 289 3326 atque
305 3263 323 3306 a
338 3243 462 3306 veritate
476 3243 617 3308 reoedere
632 3244 712 3308 omni
729 3263 770 3308 ex
783 3253 867 3329 parte
881 3247 1076 3310 eonrinoitor.
1116 3241 1178 3308 tan
1193 3261 1266 3306 nero

112 3346 143 3410 ai
162 3345 326 3410 wdeatean
349 3341 496 3408 Virtutem
519 3345 637 3410 minine
655 3345 705 3410 itta
729 3347 844 3431 quidem
864 3345 1010 3425 latebant,
1041 3347 1091 3410 aad
1112 3365 1165 3408 ena
1186 3345 1266 3428 ipaoa

111 3461 234 3524 tneo,
265 3445 313 3530 qni
330 3447 406 3530 qnod
424 3449 507 3512 oeiaa
524 3455 604 3512 eaaet
619 3457 737 3532 praeter
750 3448 930 3514 voluntatem
946 3469 1029 3512 naam
1048 3457 1131 3512 erent
1147 3445 1265 3524 ionum,

112 3547 291 3614 meaaario
307 3549 453 3627 eondidit,
476 3549 533 3614 alia
550 3569 652 3614 rorant
667 3549 697 3612 ia
713 3569 749 3616 re
767 3550 899 3628 definiet,
923 3569 978 3612 aen
992 3549 1081 3612 adam
1098 3549 1129 3610 io
1145 3547 1267 3614 noeleau'

112 3651 230 3715 vittate
246 3649 487 3732 wmplenentum
507 3669 550 3714 ex
566 3649 644 3714 tttioo
661 3651 807 3716 renuntia
824 3651 975 3716 residebit.
1018 3651 1117 3732 Atque
1138 3659 1169 3714 at
1187 3649 1266 3714 ittam

112 3755 217 3818 deaaa
232 3751 466 3836 interrogemur,
488 3748 572 3815 Herae
586 3761 635 3830 tn,
658 3751 793 3837 inopum,
816 3753 865 3837 qai
881 3773 934 3838 per
946 3754 1091 3818 ionmtraa
1106 3752 1183 3816 iatro
1200 3775 1267 3839 pro-

113 3853 276 3940 apexeain,
298 3861 331 3916 at
345 3873 383 3916 en
401 3853 526 3918 indibria
540 3853 642 3918 deliria
656 3863 709 3919 tun
722 3875 895 3940 paoteqnnr,
917 3854 1014 3938 ibique
1027 3855 1268 3939 quenadmodum

115 3953 230 4040 Auget
252 3955 344 4018 oreati
365 3955 425 4020 aiat
444 3955 624 4040 perviderit,
654 3976 814 4040 eorumque
834 3957 865 4020 in
885 3955 1002 4020 bomine
1020 3957 1156 4042 burgando
1176 3959 1267 4024 artifi-

114 4056 196 4120 eian
224 4055 362 4140 oognorin
389 4077 425 4120 ao
450 4056 588 4122 ooeieatia
612 4055 739 4122 Virtntia
763 4057 911 4122 audertiam
936 4071 1133 4144 perennitates
1162 4060 1265 4139 fuerin,

116 4179 210 4222 aaut
225 4177 280 4222 oro
295 4167 325 4222 te
338 4157 385 4222 dia
401 4158 502 4224 nobiae
525 4157 606 4224 Nona
623 4160 662 4224 itti
679 4159 747 4244 qnid
763 4159 935 4224 molirentur
947 4174 1107 4242 noverant,
1130 4183 1168 4226 en
1184 4161 1267 4244 igno-

117 4259 224 4324 rabant
243 4260 361 4346 podoni
404 4255 439 4326 Si
455 4259 533 4324 enim
548 4261 740 4346 ignorabant,
772 4281 846 4346 quae
862 4261 908 4328 via
923 4263 989 4330 ilion
1005 4264 1128 4350 cogebat
1144 4274 1175 4327 ut
1191 4263 1266 4346 quod

148 4409 173 4464 ἃ
191 4409 409 4475 montricar-
419 4409 562 4484 detrudant
571 4417 680 4480 mordeat
712 4427 745 4494 ιε’
755 4415 912 4468 rnmdottone
928 4419 1026 4468 Petunt
1059 4419 1125 4468 Libra·
1138 4417 1208 4479 uatno
1221 4431 1267 4470 aa·

707 4497 855 4544 tamennon
865 4511 898 4524 -
910 4481 1058 4552 ἐξιχνίασας.
