3078 5012
355 369 605 422 reverenter.
623 367 706 422 rou.
720 367 763 422 ιιι.
777 367 877 422 mete.
891 369 971 422 xmr.
1182 361 1243 426 633

175 485 277 554 Solet.
297 487 417 554 leXlX.
451 487 524 556 Post
546 490 618 554 ister
641 493 724 552 Hune
741 494 895 552 movebitur
910 491 1112 556 subvertentem
1128 505 1240 574 gentem
1254 505 1382 560 tave-tm-

86 604 231 667 merum,
254 593 378 670 addidit,
401 597 647 657 rememorem
669 595 758 672 teger
780 615 815 654 eo
830 595 995 673 propbetas.

108 754 110 763 .
175 693 277 760 Reiut.
292 693 412 760 LXIX.
446 693 555 786 Nonne
579 695 642 760 viee
665 692 774 758 domiui
796 706 969 780 pervertere
994 697 1119 781 undique
1138 698 1383 783 lepre-tomm-

87 797 226 862 lteuderie
241 819 276 862 ov
291 797 498 864 continueris?
541 796 619 862 Nem
635 819 700 862 oum
717 797 783 860 huie
798 798 863 862 loeo
879 799 955 882 quod
970 798 1088 864 minime
1104 801 1243 887 seriptum

87 913 137 965 est
153 900 253 964 atlete
266 922 302 964 uo
318 901 503 986 tibimetipsi,
529 895 623 984 neque
639 899 718 964 enim
736 901 852 966 domiuo
870 900 994 964 dixerim
1010 901 1183 968 velumnium
1203 907 1243 966 le-

87 1005 145 1083 vis,
169 1002 208 1066 ite
223 1003 374 1068 seribensr
399 1007 481 1066 Ilvvo
496 1008 650 1066 ivvem'mm
662 1015 828 1068 evertentem
842 1008 929 1084 legem
944 1026 978 1067 vo
987 1007 1151 1086 prophetoe,
1173 1029 1243 1070 eon·

85 1108 180 1172 trevie
199 1118 227 1169 te
244 1107 309 1170 lruio
325 1106 497 1185 salvatoris,
522 1107 643 1185 inmite,
667 1106 809 1190 iugulebit
826 1107 932 1170 metio.
978 1111 1042 1170 Nom
1058 1113 1125 1172 vem·
1136 1112 1245 1172 eotvem
1253 1120 1358 1180 ttoni-v,
1365 1123 1395 1168 ιι.

85 1215 179 1292 legem
197 1221 248 1272 oet
259 1212 428 1291 propbetas,
460 1213 649 1290 redimplere.
696 1206 766 1272 Non
785 1209 873 1292 igitvr
894 1219 990 1294 potest
1003 1211 1079 1274 idem
1099 1210 1166 1290 ille,
1195 1211 1243 1294 qui

85 1335 124 1380 se
148 1335 205 1377 noo
228 1311 379 1376 evertendi
403 1312 498 1396 gretie
520 1310 638 1376 venisse
663 1321 802 1391 testetur,
838 1311 970 1376 evrueuri
994 1313 1069 1397 quod
1090 1313 1241 1376 everterit.

82 1415 195 1500 Neque
218 1435 290 1478 vero
312 1415 352 1478 ite
376 1414 403 1476 in
427 1413 582 1498 evangelio
601 1413 742 1498 legimus,
774 1416 825 1478 sed
844 1416 958 1500 potius,
991 1421 1073 1478 Hom
1089 1421 1243 1480 rirvevrimu

83 1521 293 1596 subvertentem
312 1521 463 1598 popvtmv,
487 1521 622 1580 dicentem
643 1539 674 1578 ee
696 1521 837 1580 Cbrritvm
859 1539 963 1598 regem.

176 1721 277 1790 Soloi.
295 1719 400 1787 LXX.
435 1723 525 1788 ttiut
548 1743 663 1808 quoque
683 1733 750 1809 post
770 1722 840 1788 lteee
861 1723 969 1790 verba:
1000 1728 1041 1788 Et
1052 1727 1244 1807 prohibentem
1257 1739 1379 1797 utem.

86 1831 201 1890 tre'bvtv
222 1831 307 1902 dure,
332 1826 472 1890 subiecit:
497 1831 537 1888 Et
556 1837 725 1888 evertentem
747 1849 851 1890 umores
872 1850 907 1890 vo
929 1829 1042 1890 bbmor.

175 1929 276 1994 tetur.
298 1926 403 1994 LXX.
439 1927 514 2013 Quis
540 1929 667 2014 seipsum
695 1929 724 1992 in
751 1950 891 2016 praeceps
917 1931 1055 2014 impellit,
1088 1930 1244 2017 impletque

83 2033 166 2119 quod
186 2032 405 2118 scriptumest:
439 2034 696 2112 vi'er'br'mqvom
716 2045 773 2108 ert,
808 2039 857 2095 ovi
870 2036 959 2096 boves
972 2039 1051 2096 erit?
1094 2031 1151 2096 Est
1168 2034 1243 2097 euim
1259 2048 1374 2106 stetim.

83 2137 143 2200 ltoe
163 2135 313 2199 inauditae
328 2135 474 2200 ouiuedam
493 2133 666 2198 temeritatis
685 2155 720 2198 vo
737 2135 856 2218 flagitii,
888 2137 951 2200 sire
969 2136 1152 2220 periculosae
1170 2137 1246 2200 sule·

81 2239 252 2323 laromeque
269 2237 334 2301 viee
353 2237 473 2302 evidens
490 2248 706 2320 argumentum,
730 2239 828 2302 delere
846 2259 921 2322 quae
936 2238 1044 2324 soriptv
1061 2251 1147 2318 eunt,
1173 2260 1246 2324 qum

83 2363 232 2426 nusquam
251 2341 358 2426 scripte
381 2351 465 2404 erent
482 2341 606 2418 addere,
640 2340 725 2425 idque
745 2340 773 2404 in
793 2340 948 2422 evetrgeliv
966 2341 1146 2427 potissimum
1166 2364 1244 2406 uom-

82 2444 225 2524 mittere,
259 2445 340 2530 quod
354 2445 383 2506 in
404 2454 555 2507 ueternum
574 2442 678 2507 stabile
698 2463 732 2506 eu
752 2443 863 2506 firmum
884 2465 951 2508 esse
969 2455 1114 2529 oporteat.
1160 2446 1245 2508 Adde

83 2547 166 2633 quod
184 2547 231 2610 ille
250 2547 310 2630 ipse
328 2567 402 2631 qvee
417 2557 486 2609 sunt
503 2545 598 2609 additu
618 2565 712 2628 neque
726 2546 819 2608 lovum
839 2545 961 2624 habent,
987 2567 1080 2630 neque
1096 2549 1245 2632 aenigma-

83 2653 126 2714 tis
150 2650 245 2713 inetur
267 2650 373 2733 aliquid
397 2648 575 2732 siguilieent.
621 2645 728 2731 Neque
751 2648 828 2710 enim
849 2645 986 2713 Christus
1010 2670 1120 2714 uxores
1138 2651 1245 2713 evertit

83 2763 139 2815 aut
156 2751 283 2829 liberos,
308 2773 372 2814 oum
392 2753 453 2836 ipse
469 2749 590 2828 dixerit,
614 2754 729 2812 Honora
741 2763 850 2831 petrem
868 2765 897 2812 et
910 2764 1036 2825 matrem,
1061 2751 1142 2831 item,
1168 2757 1397 2832 (tenementum.

83 2859 156 2918 deve
174 2859 336 2928 eonrievett,
366 2857 446 2915 bomo
464 2877 519 2916 vore
539 2865 659 2934 reperet.
708 2853 753 2916 Ae
774 2855 889 2918 temetsi
907 2854 947 2917 ita
966 2855 1178 2940 pronuntia-rit:
1211 2837 1397 2962 Stffiffl'ss

82 2962 152 3041 qm‘e
167 2979 223 3019 mov
235 2960 382 3039 reb'qvem't
392 2968 501 3037 putrem
514 2967 544 3018 et
555 2967 681 3031 matrem,
698 2969 728 3018 et
733 2959 858 3039 fluere,
875 2969 903 3019 et
916 2979 1031 3020 umorem
1045 2969 1073 3020 et
1077 2961 1161 3039 fibioe
1173 2970 1241 3031 eto„

82 3084 144 3124 nou
156 3072 253 3142 potest
268 3083 344 3122 meur
360 3073 421 3122 eme
438 3062 608 3140 dr'em'pvtve,
643 3081 699 3122 iton
721 3060 785 3124 ideo
804 3071 903 3124 temen
923 3061 1074 3145 usurpavit
1090 3071 1121 3124 ut
1141 3081 1244 3146 puren-

85 3177 134 3229 tes
153 3164 220 3228 odio
238 3163 386 3228 habendos
395 3164 601 3249 praeciperet,
625 3164 676 3226 sed
695 3171 726 3226 ut
741 3183 778 3226 ne
795 3165 830 3227 ad
847 3163 970 3228 alienam
988 3164 1072 3226 fidem
1090 3183 1246 3248 capessen-

85 3269 175 3344 dam,
200 3267 385 3351 quidpiamve
401 3265 558 3330 salvatoris
573 3265 741 3350 disciplinae
757 3265 935 3328 eontrarium
954 3275 1105 3350 parentum
1122 3287 1176 3329 not
1193 3271 1245 3329 im·

87 3368 206 3456 perium
228 3380 315 3453 etque
338 3369 497 3432 auotoritas
520 3379 704 3453 provocaret.

176 3468 277 3536 Seltvl.
295 3468 414 3535 LXXI.
448 3475 490 3533 Et
504 3477 642 3533 reverenter
661 3475 689 3532 ie
708 3473 814 3544 torrem,
847 3476 899 3552 pm'
912 3475 1018 3532 dieitur
1035 3474 1182 3533 Cobvoriae
1200 3474 1241 3533 lo·
1256 3485 1352 3544 tuear,
1363 3491 1395 3534 tv.

84 3597 151 3652 eve,
177 3578 384 3656 erucifixerunt
397 3597 469 3648 even,
495 3587 523 3635 et
536 3578 691 3636 divmmmt
704 3579 883 3647 memorerm,
909 3586 937 3635 et
951 3575 1117 3636 observater
1131 3586 1175 3638 ert
1187 3578 1241 3636 vot.

173 3777 278 3844 Relut.
296 3777 415 3844 LXXl.
450 3779 569 3844 Gratius
584 3779 765 3844 oliverium-di
781 3780 848 3857 deo,
873 3779 921 3864 qui
938 3801 1040 3844 currus
1060 3791 1125 3844 tuos
1143 3779 1243 3864 alliga·
1255 3797 1397 3854 exuerem.

83 3885 151 3963 rit,
177 3879 328 3946 vPltemo
344 3879 478 3959 Marcio,
502 3882 625 3966 illosque
644 3883 709 3946 dum
731 3884 827 3967 lugam
846 3883 957 3945 moliris
978 3883 1008 3944 in
1032 3903 1111 3946 mero
1131 3885 1245 3948 demer-

83 3989 136 4054 sit.
185 3983 264 4049 Nem
288 4007 353 4048 oum
376 4005 491 4048 omrem
516 3984 726 4068 tergiversandi
751 3984 935 4049 oveusiouem
957 3996 1073 4070 emptos,
1109 3986 1179 4050 nihil
1198 3985 1246 4050 hie

85 4111 147 4176 qvo
170 4101 201 4152 te
217 4109 346 4154 excuses
363 4089 469 4152 vlleme
489 4087 609 4171 poteris.
655 4085 771 4151 Etenim
794 4089 842 4172 qvi
860 4109 949 4152 etrite
967 4098 1175 4166 moerorem,
1208 4111 1245 4152 ne

85 4194 166 4278 affigi
181 4192 297 4276 quidem
314 4191 393 4254 eruvi
411 4200 517 4276 potest.
564 4187 718 4273 Quomodo
736 4191 824 4274 igitur
838 4201 894 4256 tem
910 4191 1052 4256 illustrem
1068 4194 1243 4258 sententiam

84 4432 115 4481 po
137 4421 218 4477 term,
245 4417 352 4478 quodque
372 4419 508 4478 corruptum
524 4425 571 4465 emt
587 4427 656 4464 memo
688 4413 745 4464 fidei
764 4413 892 4482 imperium
909 4414 1088 4476 eubdueamur,
1107 4425 1149 4466 eut
1165 4435 1178 4468 u
1196 4417 1245 4468 tlo-

85 4491 120 4536 evt
142 4487 185 4548 qui
205 4499 252 4534 rrum
271 4486 395 4545 intelieput.
430 4485 527 4534 Petaviv
549 4485 654 4532 nonnihil
689 4483 766 4534 etrine
784 4483 913 4534 salvatorio
930 4483 1092 4534 discedemus.

84 4557 168 4604 dmm
175 4554 308 4604 metrove.
333 4555 460 4602 Certatim
471 4555 596 4602 convertit:
610 4549 654 4599 sed
722 4549 762 4603 61.
781 4546 858 4606 αὐτοῦ
875 4555 1021 4604 derideretur
1037 4569 1118 4616 vepro,

86 4631 117 4671 ut
131 4637 167 4672 ne
181 4635 195 4670 e
207 4619 319 4687 putribm
334 4635 363 4670 ue
375 4619 494 4672 metribm
508 4617 655 4670 adulterius
