3106 4990
333 289 468 342 neuneu
486 290 548 341 nne.
560 291 580 369 r.
596 289 677 342 ron.
691 289 734 342 ιιι.
750 289 848 343 nnnn.
859 291 969 344 xxxv.
1034 231 1042 245 .
1164 281 1225 346 483

75 409 235 494 gentiaque
255 411 427 495 proiectum.
473 407 589 474 Etenim
610 409 806 495 unnsquisque
826 411 937 496 glorier
955 411 1051 476 studio
1064 371 1227 480 'succensor

75 531 112 576 eu
136 523 298 576 sectatores
319 511 375 576 sibi
397 513 477 576 velut
498 515 672 598 peculiarem
695 515 837 596 quendam
859 535 979 597 gregem
1001 515 1158 580 conciliare
1176 539 1227 582 cu·

75 615 181 700 piene,
205 614 339 700 quiequid
359 615 574 679 mendaciorum
593 615 623 678 iu
639 615 765 679 enimom
783 615 900 693 incidit,
925 625 1034 679 temere
1052 617 1134 701 quusi
1152 620 1226 682 reti-

75 717 186 781 cinium
202 717 344 802 quoddam
360 728 391 781 et
406 717 553 782 oreculonr
571 717 707 803 proludit.
749 714 855 801 Neque
872 717 948 781 eninr
965 713 1092 804 Spiritus
1107 732 1227 786 senctns

74 841 131 904 per
149 841 202 884 eon
218 820 333 884 locutus
351 831 415 900 eet,
447 840 541 905 neque
559 839 599 883 ex
617 819 764 905 prophetie
781 829 832 882 eut
848 819 982 884 veritatis
1000 821 1161 906 evangeliis
1178 824 1227 887 vel

73 920 254 986 levissimum
277 942 379 986 uuenrn
402 932 432 985 et
450 923 635 986 occasionem
653 921 729 985 necti
747 931 826 986 sunt.
871 922 918 986 Ad
936 920 1057 988 istorum
1080 945 1151 988 vero
1174 925 1228 988 lul·

74 1045 141 1089 sum
159 1025 311 1088 seientiam
328 1024 515 1088 refellendum
535 1024 660 1110 pertinet
678 1024 726 1088 ille
744 1045 761 1086 u
780 1045 827 1088 me
846 1037 947 1087 contre
966 1025 1080 1110 priores
1095 1025 1228 1091 institute

74 1127 235 1192 verissime
248 1126 417 1212 disputatio.
447 1123 524 1190 Nem
540 1147 557 1190 e
573 1124 720 1191 Valentini
734 1123 950 1212 Valentincque
963 1129 1146 1214 superiorum
1158 1128 1228 1194 hne-

75 1230 236 1294 reticorum
257 1229 356 1294 schole
375 1247 478 1294 onnes
500 1227 539 1292 illi
559 1229 698 1315 proiecti,
730 1228 774 1292 sic
791 1239 824 1292 ut
841 1227 920 1293 illius
937 1241 1062 1294 mentem
1081 1231 1128 1296 olii
1143 1230 1229 1296 aliter

74 1331 353 1418 interpretarentur,
378 1332 440 1417 peri
452 1351 555 1396 omues
570 1330 728 1416 ignominie
743 1331 861 1395 comedi
876 1341 957 1415 sunt.
1003 1328 1061 1396 Sed
1078 1333 1152 1397 huod
1167 1355 1229 1398 me-

74 1435 194 1500 dioeres
209 1455 281 1499 sene
296 1435 331 1499 ud
348 1433 541 1498 curillendnm
557 1453 648 1518 noges
666 1429 847 1498 Colorbesus
863 1431 919 1497 iste
936 1433 1020 1498 uobis
1036 1435 1142 1499 nttnlit.
1178 1433 1226 1500 Si-

74 1538 193 1624 quidem
218 1536 333 1622 poetico
359 1555 441 1600 mere
465 1536 569 1600 ludens
591 1532 710 1600 Percuti
732 1534 860 1600 omnium
887 1557 923 1600 ec
950 1537 1005 1600 deo
1028 1537 1226 1619 sanctissimo,

75 1661 165 1726 qoem
183 1659 270 1704 nemo
286 1637 534 1725 comprehendere
551 1648 601 1703 eut
613 1657 755 1724 usurpare
771 1638 864 1702 oculis
879 1648 991 1725 potest,
1024 1637 1159 1704 llominis
1175 1663 1228 1704 no-

77 1763 147 1808 men
166 1742 296 1820 elinxit,
327 1752 360 1805 ut
376 1741 411 1804 ed
429 1761 560 1806 errorem
578 1761 661 1805 suurn
678 1738 842 1806 Solvetoris
859 1760 1024 1805 sermonem
1044 1743 1226 1829 adiungeret,

74 1845 128 1930 qui
149 1863 185 1908 se
204 1841 312 1908 Filium
331 1843 455 1908 hominis
477 1863 545 1908 esne
566 1843 657 1923 dixit,
690 1864 725 1907 ec
743 1841 925 1907 lumiliurium
942 1863 1062 1908 suorum
1077 1845 1189 1911 enimes
1211 1869 1229 1910 e

73 1947 195 2012 sincere
218 1957 249 2010 et
270 1946 424 2032 perspicue
440 1942 553 2010 Christi
577 1946 614 2009 de
632 1945 731 2032 seipso
753 1946 940 2010 coulessioue
962 1946 998 2009 ud
1021 1948 1177 2032 perplexus
1199 1960 1229 2013 et

74 2049 243 2134 implicetur
261 2048 385 2134 ineptius
405 2049 570 2126 ceulerret,
601 2049 667 2111 doru
691 2047 720 2110 iu
737 2048 912 2112 coelestibus
931 2047 989 2112 illis
1008 2048 1079 2112 locis
1101 2071 1136 2114 en
1154 2071 1228 2134 quue

76 2173 223 2236 nusquam
246 2160 315 2215 eunt
335 2150 390 2214 eidi
412 2169 481 2215 ense
499 2151 685 2236 persuadent.
730 2147 772 2214 Ut
793 2151 868 2214 enim
891 2151 993 2216 demus
1014 2151 1099 2231 illud,
1129 2171 1171 2216 ex
1193 2173 1229 2216 eo

76 2253 157 2338 qnod
179 2252 265 2318 luins
287 2263 370 2338 puter
388 2250 485 2317 Hono
506 2252 546 2316 sit
566 2253 661 2318 dietus
676 2249 812 2316 Hominis
834 2263 927 2317 seruet
944 2254 1105 2338 appellasse
1127 2254 1227 2337 lilium,

76 2377 141 2420 uon
156 2355 195 2420 olr
210 2375 275 2420 eum
292 2375 428 2435 curnem,
452 2375 537 2441 quem
557 2377 596 2419 ex
613 2366 696 2420 utero
713 2353 836 2438 virginis
851 2355 980 2441 accepit,
1006 2356 1060 2419 hoc
1076 2368 1122 2420 eet
1139 2353 1230 2421 Beate

74 2455 196 2536 Meris,
230 2477 270 2522 en
289 2479 346 2542 que
369 2477 421 2543 per
438 2453 579 2544 Spiritum
596 2468 729 2522 senctorn
749 2469 835 2520 nutus
854 2467 916 2535 est,
950 2469 980 2521 ut
997 2457 1106 2522 infelici
1124 2455 1229 2524 Color-

74 2559 153 2625 besu
172 2560 296 2646 placuit:
326 2560 394 2644 quid
412 2560 449 2624 de
466 2560 559 2624 elterc
575 2560 625 2626 illo
643 2560 720 2624 dicet
734 2579 870 2624 sermone
886 2559 1011 2639 domiui,
1041 2581 1105 2625 cum
1122 2561 1165 2625 sic
1181 2559 1229 2626 lu-

75 2664 171 2728 deeoe
194 2663 299 2729 effetus
324 2673 386 2726 est:
419 2665 505 2724 Nune
524 2685 567 2726 nte
583 2663 718 2746 qneert'tr'e
734 2665 909 2744 ἐπίοι-βοοκ,
941 2665 1075 2725 domrirem
1092 2669 1144 2746 qui
1157 2670 1380 2735 oerrkrmnnn.

75 2778 165 2828 mrem
186 2767 264 2828 ucles
285 2768 395 2828 locem
415 2787 493 2840 nrm,
525 2787 607 2848 qenes
625 2770 723 2828 numm·
739 2785 758 2827 c
775 2770 860 2828 Putre
879 2773 961 2828 neo?
1002 2763 1073 2830 Non
1096 2766 1172 2832 enim
1193 2770 1230 2830 nd

75 2873 200 2932 Idomr'm
215 2873 300 2932 Putre
321 2891 380 2931 neec
402 2868 495 2947 dixit,
526 2868 577 2932 sed
596 2866 713 2934 Petrum
736 2889 819 2933 suurn
839 2869 1010 2954 praedicens
1026 2869 1230 2936 universorum

76 2973 169 3036 deum
182 2971 301 3036 iudicet.
348 2967 390 3036 Se
405 2991 495 3050 rerc,
518 2971 566 3056 qni
583 2980 715 3036 notorem
732 2971 857 3035 dominis
871 2974 1069 3058 suscepisset,
1093 2994 1163 3038 rere
1179 2973 1230 3037 hc-

76 3074 191 3140 miueur
206 3075 349 3160 appellntq
374 3085 405 3138 ut
421 3073 589 3160 elvepostoli
603 3084 765 3140 testentur:
789 3094 846 3158 quo
864 3074 989 3158 undique
1004 3074 1114 3138 veritus
1131 3095 1231 3139 corro-

75 3177 219 3255 boretur,
251 3176 488 3262 intelligaturque
506 3176 583 3240 unde
602 3177 650 3240 illu
668 3177 785 3240 donnino
803 3187 870 3239 sont
887 3175 1025 3240 attribute
1040 3175 1228 3261 cognomine:

75 3283 190 3352 lucer,
222 3277 333 3363 iuquit,
363 3283 471 3353 cuiun,
501 3281 684 3360 upprodetnm
710 3285 741 3340 in
762 3299 812 3339 occ
831 3283 923 3358 sepum
948 3300 982 3340 cu
1001 3282 1141 3359 prodr'pn'ei
1165 3289 1222 3343 etc.
1239 3292 1356 3349 ereum.

76 3380 162 3466 Quid
183 3381 220 3445 ud
242 3380 315 3446 loeo
338 3381 456 3445 hiscere
476 3381 613 3460 nudebis,
645 3380 844 3444 infelicissime
869 3379 1051 3445 mortaliuml
1081 3383 1130 3464 qui
1154 3401 1230 3446 nove

76 3483 222 3570 quaedem
240 3483 369 3548 incedite
388 3481 506 3548 nomine
524 3484 604 3548 velut
621 3501 638 3546 e
655 3482 738 3546 coelo
755 3480 838 3545 uobis
855 3481 943 3545 ellntn
961 3482 1112 3561 venditus,
1143 3495 1228 3568 teque

76 3586 247 3652 insolenter
267 3588 418 3650 emotus?
461 3583 595 3669 Quorum
616 3583 822 3650 vocabulorum
848 3584 942 3668 gretie
966 3581 1101 3648 Hominis
1122 3607 1228 3650 nornen

77 3689 203 3754 domino
219 3689 346 3752 omnium
362 3706 397 3752 tc
413 3685 534 3752 Petenti
554 3687 681 3752 tribuere
700 3707 757 3750 uon
775 3686 905 3751 dubitesr
937 3685 1020 3770 quusi
1038 3687 1170 3753 dominus
1186 3689 1228 3754 id·

76 3792 164 3856 eirco
180 3787 276 3855 Filius
292 3789 417 3854 hominis
438 3790 478 3855 sit
494 3790 605 3868 dictus,
637 3790 712 3874 quod
732 3790 795 3854 eius
811 3787 902 3852 Peter
920 3787 1016 3852 Homo
1036 3803 1226 3877 nuncupetur.

76 3891 169 3960 Duce
185 3903 215 3957 et
231 3893 354 3956 alterum
372 3891 611 3978 uppelletionem,
644 3895 740 3954 Virum
756 3893 919 3973 prelatum,
952 3888 1033 3956 Petri
1052 3913 1226 3977 congruere.

77 3995 174 4082 Atqui
197 4015 344 4079 uunquam
364 3994 433 4058 illud
454 3993 604 4058 ostendes.
650 3992 783 4058 Tametsi
806 3995 882 4058 enirn
905 3995 950 4058 vir
972 3995 1065 4060 omnis
1086 3996 1171 4060 homo
1190 3996 1229 4060 sit

76 4098 305 4182 hominemque,
337 4109 370 4162 ut
384 4117 402 4162 n
418 4095 540 4161 muliere
557 4095 758 4175 discerentur,
789 4097 964 4182 eppellernue
983 4097 1093 4177 rirunr,
1121 4097 1227 4162 unllam

76 4203 149 4266 inde
173 4211 269 4264 nmen
287 4199 481 4264 calumniandi
504 4219 605 4264 oneum
624 4208 722 4284 potest
738 4200 880 4283 urripere.
925 4197 1041 4263 Etenim
1062 4201 1127 4264 sinc
1147 4209 1228 4264 certe

76 4303 182 4390 specie
199 4301 357 4386 habituque
373 4301 504 4390 corporis
521 4323 556 4367 ec
573 4302 676 4388 pertim
690 4301 824 4381 occultis,
840 4301 941 4387 purtim
958 4302 1122 4387 petentibus
1139 4321 1228 4366 ruent·

74 4405 142 4470 loris
160 4425 308 4489 nunqurnn
323 4405 417 4472 virum
434 4405 626 4470 nominemus.
670 4402 788 4470 Mulieri
805 4425 892 4490 porro
907 4423 965 4467 non
979 4403 1047 4483 viri,
1071 4403 1123 4470 sed
1136 4404 1228 4470 homi-

110 4543 139 4598 3.
158 4539 306 4609 ἐτόλμησας
321 4544 389 4593 codd.
405 4545 476 4594 Vetto.
494 4544 590 4606 nlrdtp.
628 4545 699 4605 tutuo
713 4539 861 4609 delinquen.

1006 4632 1043 4694 31
1063 4626 1076 4658 '
