3112 4984
352 349 410 410 194
771 355 892 408 Smer!
909 354 1077 407 nummu

352 483 456 562 γαμεῖν
473 477 625 551 θέλουσιν,
655 475 774 556 ίχουσαι
796 476 902 556 ιιρίμα,
932 469 979 537 ὅτι
998 469 1052 552 τὴν
1077 469 1198 556 πρότην
1219 475 1316 536 πίστιν
1334 467 1498 553 ἡθίτησαν·

353 575 425 642 όλλά
439 581 629 663 γαμείτωσαν,
650 578 921 652 τειινοποιείτωσαν,
943 575 1248 638 οίτοδεσποτείτωσαν.
1292 574 1335 636 El
1348 572 1381 638 δὲ
1393 569 1412 638 ό
1426 570 1499 638 άπό·

353 687 453 754 στολος
473 679 547 762 λέγει
568 685 765 762 τεκνογονεῖν,
793 679 1024 753 οἰκοδεσποτεῖν,
1053 667 1143 740 οὗτοι
1160 675 1192 740 δὲ
1213 680 1426 759 παραιτοῦνται
1448 672 1500 754 τὴν

349 784 554 865 τειινογσνίαν,
576 777 674 858 όφεοίς
689 781 748 843 ἐστι
764 780 815 842 παλ
826 785 920 858 κακῆς
935 781 1124 851 διδασκαλίας
1137 775 1169 842 τό
1188 778 1366 860 ἐπιχείρημα.
1394 773 1499 840 ‘End-

352 907 434 963 μενοι
450 881 505 966 γάρ
522 888 558 970 τῇ
573 877 668 968 ἡδονῇ
686 887 739 962 τῆς
753 881 894 964 πορνείας
908 881 1078 944 ἐπινοοῦσιν
1092 879 1207 953 ἕαυτοῖς
1222 875 1408 964 ιίιιαθιιρσίας
1428 903 1500 960 προ-

353 982 473 1065 φάσεις,
501 981 586 1057 ὅπως
609 980 715 1058 δόξωσι
737 984 936 1066 πληρόφορεῖν
957 978 1011 1062 τὴν
1031 983 1144 1046 ἑαυτῶν
1157 977 1313 1065 ύσίλγειαν.
1358 983 1419 1046 Καὶ
1441 984 1500 1046 ἔδει

353 1086 406 1168 μὲν
425 1082 548 1167 άληθῶς
566 1091 658 1148 ταῦτα
674 1082 747 1165 μὴτε
769 1085 917 1167 λέγεσθαι,
948 1080 1020 1165 μήτε
1038 1084 1070 1148 ἐν
1086 1080 1268 1167 συντάγμασι
1288 1085 1500 1159 παταξιοῦσθαι

352 1185 539 1273 γράφεσθαι,
560 1185 734 1251 θάπτεσθαι
754 1185 785 1249 δδ
809 1183 905 1266 όίςπερ
924 1182 1032 1267 νεκρόν
1053 1211 1120 1248 τινα
1137 1182 1274 1250 ὀδωδότα
1295 1187 1348 1250 ιιαί
1370 1183 1499 1266 λσιμιόδη

353 1287 514 1374 ύποφοράν
527 1289 669 1365 πνέοντα,
690 1290 741 1351 λ’να
756 1283 797 1368 μὴ
815 1288 866 1350 καί
883 1283 921 1350 δι’
936 1283 1029 1368 άιιοῆς
1049 1285 1212 1368 λυμήνηται
1227 1285 1297 1362 τούς
1310 1283 1500 1366 άνθράπους.

240 1417 291 1462 νεα.
304 1405 337 1448 ⁸¹·
356 1393 415 1456 Καί
437 1393 464 1455 εί
485 1391 536 1472 μὲν
554 1387 750 1474 παρεληλύθει
771 1385 927 1470 ἡτοιαύτη
944 1391 1068 1472 αἵρεσις,
1090 1390 1142 1452 ταὶ
1159 1385 1257 1454 οόιιέτι
1273 1382 1309 1470 ἡν
1324 1391 1356 1455 ἐν
1369 1397 1411 1476 τῷ
1432 1393 1501 1477 βίιμ,

352 1490 469 1578 άγαθδν
485 1485 523 1574 ἡν
538 1489 648 1574 ταύτην
664 1489 781 1570 θάψαι,
803 1491 855 1554 ιιαλ
871 1489 942 1572 μὴτε
961 1487 1036 1566 όλως
1048 1492 1116 1572 περὶ
1131 1488 1221 1572 αότῆς
1237 1494 1337 1556 εἰπεῖν.
1378 1488 1500 1571 Ἐπειδὴ

353 1596 386 1660 δὲ
400 1597 453 1659 ιιαλ
469 1595 528 1658 ἔστι
543 1594 594 1658 τιαλ
612 1591 779 1678 πράττεται,
801 1591 1024 1676 προετράπημεν
1040 1592 1072 1656 δὲ
1088 1589 1147 1656 ύπό
1164 1599 1217 1675 τῆς
1233 1590 1319 1675 ύμιὸν
1332 1591 1502 1675 τιμιότητος

353 1699 422 1780 περὶ
439 1694 560 1760 πάντων
574 1695 681 1773 είπεῖν,
704 1695 778 1779 μίρη
790 1691 882 1774 αὐτῆς
898 1693 1081 1779 διηγησαίμην
1098 1692 1314 1778 άναγιιασθελς,
1334 1698 1384 1760 λνα
1399 1693 1434 1760 τό
1452 1721 1501 1775 φι·

353 1797 481 1880 λάληθες
496 1795 537 1880 μὴ
554 1794 789 1880 παρασιωπὴσω,
812 1792 882 1858 άλλά
896 1792 1104 1879 όφηγὴσομαι,
1127 1799 1169 1870 είς
1183 1793 1359 1879 άποτροπὴν
1373 1797 1428 1879 μίν
1441 1803 1501 1862 τῶν

354 1897 542 1978 όιιουόντοιν,
571 1901 613 1974 είς
637 1896 777 1980 αἰσχύνην
800 1897 832 1961 δὲ
854 1905 914 1962 τοῖν
935 1896 1131 1982 πραττόντων.
1176 1896 1281 1963 Πόθεν
1296 1897 1352 1984 γάρ
1370 1896 1426 1962 σύιι
1440 1901 1501 1979 ίχσ-

356 2026 408 2085 μεν
425 2005 517 2078 δεῖξαι
539 1998 610 2076 τούς
633 1997 703 2080 παρ’
727 1996 826 2073 αύτοῖς
849 1998 963 2078 φόνους
982 2001 1034 2063 ταί
1056 1997 1203 2083 τερατοόδη
1225 2000 1296 2084 ἔργα
1317 2001 1370 2065 παλ
1387 1998 1503 2074 τελετάς

354 2101 497 2186 διαβόλου
516 2105 548 2180 ἐξ
569 2103 701 2177 ἐπινοίας
721 2107 774 2166 τοῦ
796 2097 889 2165 αύτοῦ
911 2099 1052 2183 διαβόλου
1073 2110 1136 2177 τοῖς
1156 2103 1440 2188 λμβεβρονιημένοις
1452 2105 1499 2166 δο·

355 2209 475 2282 θείσαςς

227 2621 293 2690 Κεφ.
306 2622 345 2679 ιε’.
442 2613 504 2676 Καὶ
521 2609 615 2688 εύθύς
630 2613 683 2694 μὲν
696 2605 751 2678 οὖν
763 2613 925 2698 ίλίγχονται
942 2613 984 2688 είς
1004 2611 1023 2678 δ
1038 2617 1267 2692 φαντασιοῦνται
1288 2614 1340 2678 ιαλ
1354 2614 1503 2698 προφασί·

356 2719 453 2791 ζονται
470 2715 538 2796 περὶ
555 2721 609 2778 τοῦ
624 2713 712 2790 ξύλου
727 2721 782 2779 τοῦ
795 2717 826 2779 ίν
838 2721 880 2803 τῷ
895 2713 1004 2802 πραότιμ
1023 2720 1134 2800 Ψαλμῷ
1150 2716 1304 2798 είρημίνου
1320 2713 1382 2794 δτι,
1405 2712 1504 2778 Δάσει

356 2814 409 2881 τόν
425 2813 541 2898 ιιαρπδν
557 2812 650 2881 αύτοῦ
668 2817 700 2880 ἐν
717 2823 811 2903 παιρρῖ
833 2813 941 2896 αότοῦ,
970 2818 1021 2880 καί
1038 2814 1071 2882 τό
1087 2814 1198 2896 φύλλον
1219 2813 1312 2881 αότοῦ
1336 2814 1393 2882 οόιι
1410 2813 1505 2899 άπορ-

358 2915 506 3002 ρνὴσεται.
548 2913 695 3000 Ἀνωτίρω
718 2915 773 3002 γάρ
799 2925 893 2983 κεῖται
911 2917 973 2996 δ’τι,
1003 2915 1054 2982 Ἐν
1077 2925 1119 3005 τῷ
1141 2915 1222 3005 νόμμ
1245 2916 1337 2984 αύτοιῖ
1358 2917 1507 3000 μελετήσει

356 3015 468 3104 ἡμέρας
492 3019 544 3082 ιιαλ
568 3017 683 3092 νυττός.
728 3017 835 3101 Νόμαν
851 3021 884 3084 δλ
903 3012 987 3085 οὗτοι
1007 3021 1058 3084 παλ
1078 3017 1234 3102 προφήτας
1254 3017 1417 3105 άρνοῦνται.
1467 3021 1510 3082 Εί

357 3121 390 3186 δὲ
404 3119 498 3202 νόμον
516 3123 624 3204 τυρίον
643 3117 816 3204 άρνούνται,
844 3120 900 3186 σόν
920 3128 961 3209 τῷ
983 3120 1065 3210 νόμιμ
1084 3124 1136 3186 παλ
1158 3119 1211 3187 τόν
1226 3121 1388 3204 λαλὴσαντα
1409 3123 1444 3186 ίν
1467 3127 1509 3210 τῷ

355 3220 439 3312 νόμφ
455 3229 684 3302 συκοφαντοῦσι.
729 3229 905 3288 Πλανῶνται
925 3224 958 3287 δλ
974 3221 1045 3288 παθ’
1059 3221 1205 3288 ύπόνοιαν
1225 3225 1278 3288 καί
1299 3222 1510 3289 ίιιπεπτοάιιασι

354 3331 409 3408 τῆς
425 3321 579 3406 άληθείας,
601 3327 696 3408 κρίσιν
719 3349 750 3388 τε
766 3322 818 3407 οάχ
841 3322 997 3416 ἡγοῦνται,
1029 3323 1096 3390 τότε
1118 3323 1277 3390 άνάστασιν
1300 3322 1510 3410 ὁμολογοῦσιν.

346 3425 426 3491 Ὅσα
449 3427 481 3492 δδ
504 3424 683 3510 πράττουσιν
707 3428 738 3492 ἐν
759 3433 800 3513 τρῖ
821 3426 936 3508 σάματι
955 3424 1069 3510 ἡδονῆς
1090 3430 1206 3510 ἔμπλεοι
1228 3429 1392 3512 γινόμενοι,
1414 3435 1513 3492 ταῦτα

355 3525 600 3613 άποιιαρποιῖνται
616 3527 858 3610 ἒκβαιιχευόμενοι
873 3537 939 3605 ταῖς
955 3537 1009 3596 τοῦ
1024 3531 1166 3612 διαβόλου
1183 3527 1307 3612 ἡδοναῖς
1323 3554 1354 3595 τε
1369 3531 1424 3592 ιιαλ
1445 3532 1511 3595 ἐπι·

355 3636 499 3710 θυμίαις,
531 3627 572 3705 οἷς
592 3628 689 3711 πάντη
704 3631 755 3694 καί
773 3638 924 3713 πανταχοῦ
941 3633 1104 3717 ἐλέγχονται
1127 3629 1186 3696 άπό
1208 3639 1263 3697 τοῦ
1286 3637 1341 3714 τῆς
1361 3627 1514 3712 άληθείας

355 3727 452 3813 λόγου.
495 3728 639 3814 Ἰωάννης
662 3729 717 3816 γάρ
742 3732 831 3817 λέγει,
864 3735 909 3797 Εἴ
923 3757 968 3809 τις
985 3736 1110 3817 ἔρχεται,
1133 3734 1223 3816 φησί,
1245 3731 1322 3817 πρός
1336 3729 1436 3814 όμάς,
1460 3733 1514 3798 ταλ

356 3827 392 3894 ού
410 3831 493 3913 φίρει
510 3830 564 3914 τὴν
587 3831 709 3915 διδαχὴν
725 3831 836 3914 ταύτην
856 3873 899 3884 -
919 3836 970 3899 καλ
987 3839 1091 3912 ποίαν;
1115 3837 1221 3917 φησὶν·
1249 3833 1270 3916 ἡ
1294 3831 1347 3914 οόχ
1369 3831 1517 3920 όμολογεῖ
1537 3877 1538 3894 τ

357 3928 487 4015 Χριστόν
503 3934 535 3996 ἐν
548 3935 634 4018 σαρκί
650 3933 817 4015 ἐληλυθότα
837 3975 880 3986 -
899 3933 1092 4022 Ἀντίχριστός
1105 3941 1174 4002 ἐστι.
1219 3939 1281 4002 Καὶ
1299 3933 1515 4022 νῦνἎντίχρι-

354 4052 417 4097 στυι
431 4035 532 4097 πολλοὶ
548 4033 714 4119 γεγόνασιν·
737 4033 778 4111 σός
790 4035 830 4119 μὴ
845 4045 905 4102 ταῖν
920 4035 1142 4124 όμολογούντων
1157 4036 1209 4104 τόν
1221 4037 1350 4125 Χριστόν
1365 4039 1396 4103 όν
1419 4041 1515 4125 σαρτλ
1536 4061 1537 4128 χ

353 4132 517 4216 ίληλυθότα
536 4132 737 4222 Ἀντιχρίσταν
753 4135 954 4222 ύπαρχόντων.
990 4137 1075 4204 Ἀλλά
1094 4143 1146 4206 ιιαλ
1168 4138 1258 4216 αύτός
1274 4137 1292 4206 ό
1306 4139 1404 4225 σατὴρ
1422 4143 1516 4228 λέγει,

355 4240 396 4301 Οί
406 4239 637 4312 καταξιωθέντες
651 4245 704 4320 τῆς
719 4243 866 4320 βασιλείας
881 4247 941 4306 τοῖν
955 4239 1092 4328 ούρανοῖν
1105 4241 1174 4308 ούτε
1189 4249 1348 4329 γαμοῦσιν,
1371 4241 1446 4308 ούτε
1463 4271 1516 4329 γα.
1535 4287 1536 4365 ρ

348 4341 495 4420 μίζονται,
517 4335 577 4402 άλλ’
594 4339 738 4423 ίσάγγελοί
752 4344 831 4406 εἰσιν.
878 4341 924 4408 Ού
940 4341 1034 4426 μόνον
1051 4345 1098 4422 δὲ,
1128 4343 1200 4410 άλλό
1215 4345 1266 4408 καλ
1288 4348 1337 4408 ἳνα
1355 4347 1443 4434 δείξῃ
1464 4345 1518 4428 τὴν

351 4448 433 4524 σαφῆ
449 4437 567 4526 άγνείαν
583 4441 634 4506 ταὶ
651 4438 705 4523 τὴν
720 4440 770 4508 διό
786 4449 840 4509 τού
855 4441 982 4530 όγιάζειν
997 4441 1179 4534 άγιαστείαν,
1203 4445 1310 4530 φάσκει
1330 4451 1367 4534 τῇ
1387 4451 1517 4536 Μαρίᾳ,
