3096 4988
279 355 340 416 200
695 359 816 412 σκωστι
836 359 1005 412 mmm!

280 481 322 560 οἱς
334 479 393 564 ἤδη
405 487 558 562 προεῖπον,
575 475 739 560 άξιάματος
753 477 786 542 ἐν
798 482 836 566 τῇ
850 473 943 541 αιίτοῦ
954 477 1095 564 βασιλεία.
1133 475 1259 561 Κόμηκα
1270 475 1327 564 γάρ
1341 475 1433 544 αῦεδν

161 611 211 658 ιιι.
224 597 267 642 131·
280 585 452 664 κατίστησε,
473 580 573 663 φήσας
589 576 669 669 αῦτρῑ
684 581 776 644 αἰτεῖν
793 575 883 644 πάλιν
900 577 918 643 δ
936 575 1085 661 βούλεται·
1103 575 1121 643 δ
1138 579 1171 644 δέ
1188 577 1276 646 οῦδέν
1292 578 1432 669 ᾐτήσατο,

282 683 361 768 πλὴν
375 689 461 749 τοῦτο
477 685 614 769 μέγιστον
629 679 757 767 χάρισμα
770 689 867 764 κυχιῖν
882 677 965 765 παρά
979 685 1034 745 τοῦ
1048 682 1201 765 βασιλέως,
1222 679 1255 748 τά
1271 684 1433 767 ἐπιτραπῆ-

284 815 332 854 ναι
349 789 399 852 καλ
417 783 468 850 διά
483 783 706 869 προςτάγματος
720 786 875 866 βασιλικοῦ
887 785 1081 865 οἰκοδομῆσαι
1098 788 1217 872 Χριστῷ
1230 786 1384 868 ἐκκλησίας
1400 788 1433 850 ἐν

282 898 346 966 ταῖς
366 885 466 953 πόλεσι
486 889 537 952 καί
558 885 673 970 κάμαις
691 891 752 950 τοδν
767 882 932 950 Ἰουδαίων.
965 881 1067 950 Ἔνθα
1083 911 1129 962 τις
1144 883 1214 951 οῦδέ
1230 911 1302 952 ποτε
1318 890 1435 969 ἴσχυσεν

281 995 480 1073 οίκοδομῆσαι
497 992 664 1072 ἐκκλησίας,
687 986 737 1053 διά
751 984 785 1053 τά
803 985 876 1071 μήτε
883 987 1027 1069 Ἕλληνα,
1050 986 1122 1071 μήτε
1136 991 1338 1074 Σαμαρείκην,
1360 989 1434 1073 μήτε

285 1091 464 1180 Χριστιανὸν
477 1091 567 1174 μέσον
580 1086 679 1155 αῦτοῦν
693 1085 776 1154 είναι.
823 1095 918 1155 Τοῦτο
934 1089 967 1154 δὲ
981 1087 1102 1173 μάλιστα
1119 1092 1153 1156 ἐν
1171 1089 1323 1176 Τιβεριάδι
1335 1093 1388 1157 καλ
1402 1093 1434 1158 ἐν

282 1196 505 1281 Διοκαιοαρείμ,
526 1199 563 1282 τῇ
575 1193 628 1258 καλ
641 1193 829 1277 Σεπφουρλν,
849 1193 901 1256 καλ
915 1191 947 1256 ἐν
961 1192 1095 1277 Ναζαρέτ
1109 1193 1160 1258 καί
1175 1195 1208 1258 ἐν
1222 1193 1434 1281 Καφαρναούμ

282 1297 460 1381 φυλάσσεται
480 1291 550 1379 παρ’
571 1291 672 1369 αάεοῖς
694 1298 772 1358 'tofi
793 1291 835 1376 μή
857 1289 933 1358 είναί
955 1298 1044 1359 *τινα
1065 1291 1154 1360 ἄλλον
1175 1296 1294 1372 ἐδνους.

147 1399 214 1464 xeo.
231 1392 272 1467 ιβ’·
367 1395 482 1480 Λαβοίν
503 1396 535 1461 δί
556 1391 575 1461 α’
593 1393 742 1478 Ἰοάσηπος
762 1391 798 1459 τά
819 1392 974 1480 γράμματα
994 1396 1046 1460 καλ
1065 1393 1120 1478 τὴν
1138 1397 1273 1474 ἐξουσίαν
1290 1396 1362 1480 μετά
1379 1405 1434 1464 τοῦ

282 1499 449 1582 άξιοίμακος
462 1499 512 1564 ἐπί
526 1495 581 1580 την
601 1495 759 1583 Τιβεριάδα
774 1488 860 1580 ἧκεν,
882 1497 956 1579 ἔχων
969 1499 1020 1562 καί
1034 1493 1187 1575 ἐπιστολάς
1200 1493 1260 1564 άπδ
1276 1506 1336 1565 τοῖν
1351 1503 1434 1583 βασι-

282 1609 374 1669 λικῶν
387 1598 568 1680 άναλίσκειν,
590 1597 660 1664 άλλά
674 1599 725 1664 καὶ
740 1595 830 1675 αάτδς
844 1596 991 1681 ὀψωνίοις
1005 1598 1087 1684 παρά
1098 1605 1153 1665 τοῦ
1165 1602 1306 1683 βασιλέως
1320 1627 1433 1684 τετιμη-

283 1706 378 1788 μένος.
412 1699 549 1786 ’Ἀρχεται
568 1706 642 1786 γοῦν
660 1703 692 1766 ἐν
713 1699 863 1788 Τιβεριάδι
883 1705 995 1778 σιτίζειν.
1040 1697 1126 1777 Ναδς
1146 1701 1178 1766 δέ
1198 1703 1331 1788 μέγιστος
1348 1706 1434 1793 ἐντῇ

282 1804 366 1870 πόλει
385 1807 575 1888 προϋπῆρχε,
604 1799 677 1885 τάχα
693 1799 778 1886 οἶμαι
795 1799 996 1888 ΙἈδριάνειον
1010 1809 1098 1869 τοῦτο
1118 1803 1256 1868 ἐκάλουν·
1286 1801 1383 1881 άκελλς
1402 1808 1436 1870 δέ

282 1914 370 1972 τοῦτο
391 1903 425 1970 τά
445 1901 627 1988 Ἀδριάνειον
647 1907 785 1986 διαμένον
804 1902 877 1988 τάχα
896 1907 928 1970 οί
946 1912 1063 1970 πολῖται
1084 1906 1126 1981 είς
1146 1906 1292 1989 δημόσιον
1309 1905 1436 1993 λουτράν

284 2012 442 2094 ἐπειρῶντο
464 2003 661 2071 ἐπισκευάσαι.
695 2005 790 2090 Ὅπερ
807 2003 902 2092 εῦροίν
918 2003 937 2072 o‘
953 2003 1101 2089 Ἰιάσηπος
1119 2009 1151 2072 ίιι
1167 2007 1275 2074 τοῦτον
1292 2007 1346 2091 τήν
1360 2009 1436 2093 πρό-

284 2131 377 2192 φασιν
391 2111 469 2192 ἐσχε,
491 2109 542 2172 καλ
557 2103 599 2184 οἱς
615 2105 699 2190 ’ἤδη
712 2099 779 2194 εὗρε
792 2107 843 2173 διά
856 2107 1042 2196 τεκραπήχων
1059 2113 1154 2174 λίθων
1171 2111 1356 2195 τετραπέδων
1377 2111 1437 2187 ἐως

284 2211 387 2292 ῦψους
399 2208 479 2286 κινδς
494 2205 738 2296 άνεγηγερμένον,
760 2211 900 2275 ἐντεῦθεν
914 2209 1031 2296 άρχεται
1045 2219 1199 2276 ποιεῖσθαι
1211 2219 1267 2292 τῆς
1280 2213 1437 2294 ἐκκλησίας

285 2313 339 2398 νην
355 2314 529 2395 ἐπιμέλειαν.
570 2307 728 2394 Ἀσβέστου
746 2310 778 2375 δέ
793 2303 831 2395 ἦν
848 2315 944 2396 χρεία,
974 2315 1026 2378 καί
1042 2319 1096 2397 τῆς
1113 2311 1200 2394 άλλης
1213 2311 1294 2396 ῦλης.
1338 2319 1435 2396 Καμί-

285 2441 357 2492 νους
374 2419 476 2482 τοίνυν
492 2415 604 2491 λξωῦεν
621 2417 675 2495 τῆς
691 2408 804 2488 πόλεως
819 2411 928 2490 πολλάς
943 2415 1101 2499 προςίιαξι
1114 2416 1266 2500 γενίσδαι,
1295 2413 1367 2500 τάχα
1383 2415 1437 2480 τάν

287 2515 419 2600 άριδμδν
433 2513 520 2580 ἐπτά·
549 2511 721 2600 φοῦρνακας
737 2514 770 2579 δέ
786 2515 947 2599 ἐπιχωρίως
961 2514 1069 2592 εαάτας
1082 2524 1230 2582 καλοῦσιν.
1276 2521 1318 2582 Οί
1329 2517 1362 2582 δέ
1378 2521 1435 2582 διι-

286 2621 336 2684 νολ
349 2619 401 2682 καί
416 2613 493 2702 πρδς
507 2623 568 2680 πᾶν
581 2618 753 2700 ἐπιχείρημα
766 2613 902 2699 εῦτολμοι
912 2614 1057 2684 Ἰουδαῖοι
1071 2624 1125 2702 τῆς
1137 2617 1206 2704 παρ’
1219 2615 1320 2695 αῦιοῖς
1335 2615 1382 2684 άελ
1394 2645 1437 2706 γι-

287 2721 412 2802 νομίνης
433 2721 608 2804 μαγγανείας
628 2714 685 2782 οῦκ
709 2715 891 2800 ’άπείχοντω
934 2723 1080 2796 Ματείαις
1099 2719 1155 2806 γάρ
1175 2743 1234 2786 τισι
1254 2722 1307 2786 καλ
1323 2745 1437 2806 περιερ-

287 2826 366 2910 γίαις
381 2817 415 2884 τά
430 2825 491 2904 πῦρ
505 2821 668 2901 καταδῆσαι
679 2820 711 2883 οί
721 2821 859 2903 γεννάδαι
870 2816 1013 2886 Ἰουδαῖοι
1025 2823 1228 2907 ίπετρίβησαν,
1249 2819 1309 2887 ἄλλ’
1323 2819 1381 2888 οῦκ
1396 2825 1438 2897 είς

288 2924 370 2997 τέλος
384 2924 515 3003 ἴσχυσαν.
551 2917 654 3005 ’Ἡργει
665 2927 739 3004 γοῦν
751 2917 784 2985 ιδ
798 2924 870 3006 πῦρ,
890 2921 942 2986 καί
955 2918 1010 2987 οῦκ
1025 2924 1173 3008 ἔπραττεν,
1195 2921 1266 2990 άλλά
1280 2930 1334 3007 τῆς
1348 2926 1436 3003 ίδίας,

289 3021 331 3101 νίς
345 3025 448 3101 είπεῖν,
469 3020 589 3103 φάσεως
603 3018 688 3098 ίκτάς
701 3022 822 3107 ἐγίνετο.
863 3018 915 3096 Ὡς
928 3023 961 3087 δλ
975 3024 1006 3088 οί
1016 3021 1071 3105 τήν
1082 3023 1244 3110 καυστικὴν
1257 3024 1330 3109 ῦλην
1342 3051 1438 3110 παρα-

288 3124 404 3210 βάλλειν
417 3131 459 3214 τρῖ
473 3126 545 3209 πυρί
561 3122 793 3210 ἐπιτεταγμίνοι,
822 3125 900 3207 φημί
915 3123 947 3188 δέ
964 3121 1121 3208 βάπακας,
1149 3124 1200 3191 εἴτ’
1215 3119 1271 3192 οῦν
1285 3125 1436 3212 φράγανα,

289 3228 474 3313 παραθέντες
486 3223 542 3291 οῦκ
556 3223 710 3312 ἐνήργουν,
726 3231 768 3314 τῷ
780 3221 917 3314 Ἰωσήπῳ
931 3222 964 3290 τά
978 3227 1111 3311 πραχθὲν
1125 3226 1281 3310 ἐσήμαναν.
1292 3263 1295 3268 ·
1306 3229 1439 3312 Δηηθελς

289 3322 345 3396 οῦν
358 3328 413 3412 τὴν
426 3330 523 3412 φρίνα
539 3324 557 3394 ὅ
570 3324 664 3414 άνήρ,
684 3329 735 3393 καί
750 3324 825 3415 ζήλῳ
841 3323 947 3411 άρθελς
961 3333 1001 3415 τῷ
1015 3325 1091 3413 πρδς
1107 3327 1159 3393 τδν
1172 3327 1292 3414 κύριον,
1313 3333 1440 3416 Ιδραμιν

289 3433 345 3510 ἔξω
358 3439 411 3514 τῆς
426 3427 553 3508 πόλεως,
580 3431 633 3495 καλ
646 3425 727 3514 ῦδωρ
745 3425 882 3505 κελεῦσας
896 3430 1054 3512 ἐνεχθῆναι
1069 3430 1101 3494 ἐν
1118 3427 1216 3514 ι’ίγγει,
1244 3431 1277 3495 ἐν
1291 3431 1440 3520 καμψάκη

290 3535 367 3615 φημί
385 3531 559 3615 (κακοάβων
573 3531 606 3596 δλ
621 3536 707 3596 τοῦτο
724 3531 757 3596 σί
768 3527 920 3615 ἐπιχωριοι
934 3536 1084 3609 καλοῦσι),
1104 3529 1203 3614 λαβοδν
1215 3527 1249 3606 εδ
1261 3529 1334 3597 αάκδ
1351 3530 1442 3619 ἔγχος

289 3641 344 3698 τοῦ
365 3633 475 3710 ῦδαεος
498 3631 627 3700 ἐνάπιον
647 3631 1005 3717 πάντων’(συνηθροίσθη
1027 3633 1059 3697 δέ
1076 3639 1196 3716 πλῆθος
1209 3629 1368 3699 Ἰουδαίων
1390 3636 1442 3700 ἐπλ

290 3730 345 3819 τὴν
358 3737 442 3816 θίαν,
465 3733 522 3800 *εδ
538 3731 852 3817 άποβησάμενονίδεῖν
865 3731 1089 3860 σπουδάζομκες,
1111 3735 1162 3799 καλ
1175 3731 1222 3799 δτι
1235 3733 1444 3819 ἐπιχειρήσειεν
1538 3757 1539 3789 1

172 3863 221 3908 με.
235 3849 278 3892 131
290 3831 433 3917 Ἰοίσηπος
452 3833 613 3920 πράττειν),
641 3833 749 3924 μεγάλη
770 3839 807 3924 τῇ
827 3843 915 3924 φωνῇ
933 3831 952 3901 δ
969 3831 1043 3921 άνήρ
1060 3842 1191 3920 σταυροῦ
1208 3840 1358 3922 σφραγῖδα
1377 3838 1443 3902 ἐπι-

289 3935 358 4011 θελς
378 3961 417 4000 τω
440 3961 522 4021 αγγει
542 3935 592 4001 διά
612 3963 665 4002 του
651 3939 759 4002 ίδίου
777 3935 938 4015 δακεάλου,
966 3939 1017 4002 καλ
1035 3935 1327 4021 ἐπικαλεσάμενος
1293 3962 1327 4003 το
1345 3935 1444 4022 ὄνομα

287 4023 399 4121 Ἰησοῦ,
421 4033 552 4100 εέπεν”
515 4063 625 4119 ουτος,
645 4035 726 4103 ’δῦν’
709 4035 833 4160 ομόματι
844 4036 941 4120 Ἰησοῦ
956 4064 1010 4104 τον
996 4043 1220 4123 Ναζωραίου,
1243 4065 1280 4105 ου
1267 4031 1445 4126 ἐσταάρω-
1537 4017 1538 4049 ¹

290 4163 345 4207 σαν
359 4142 392 4205 οί
404 4138 529 4260 πατέρες
542 4165 600 4221 μου
615 4141 667 4205 καλ
681 4137 795 4206 τοῦτον
808 4137 927 4204 πάντων
943 4167 1003 4206 κων
1017 4138 1233 4225 περιεστώτων,
1254 4143 1371 4227 γίνηται
1387 4141 1445 4208 δά-

289 4267 377 4325 ναμις
393 4242 425 4306 ἐν
440 4236 535 4328 τούτῳ
550 4265 591 4328 τρι
577 4237 703 4320 ’ῦδατη
724 4243 767 4317 τίς
782 4238 924 4324 άθέιησιν
942 4240 1040 4324 πάσης
1055 4245 1240 4327 φαρμακείας
1253 4244 1304 4308 καλ
1317 4247 1445 4367 μαγείας
1536 4215 1537 4313 ί

290 4368 328 4426 ης
349 4333 433 4409 οῦτοι
457 4343 599 4426 ἐπραξαν,
629 4342 679 4406 καλ
698 4345 740 4418 είς
758 4343 903 4428 ἐνάργειαν
917 4341 1073 4426 δυνάμεως
1088 4368 1129 4433 κμ
1115 4344 1220 4429 πυρί
1237 4341 1327 4420 είς
1294 4369 1326 4410 εο
1346 4345 1444 4412 ἐπιεε
1535 4397 1536 4410 ,

322 4497 347 4551 7.
362 4495 796 4561 Ρωλσιιετδρνοτοῦτωίίίνιπσαπ
805 4503 846 4550 m.
914 4497 1447 4563 Gu.111.-1.cf.cmub.in8poe-

322 4563 346 4617 8.
363 4581 417 4618 τινα
432 4581 480 4618 ιιοκ
496 4567 563 4617 λολκλ
578 4567 629 4617 ωδ
649 4567 722 4617 rane.
879 4570 936 4618 ωὀπ
951 4565 1028 4632 ma
1045 4571 1067 4620 ιί
1078 4581 1104 4631 ρ.
1119 4565 1173 4621 170.
1188 4569 1225 4620 ιδ.
1240 4569 1318 4620 m
1331 4565 1406 4622 1620.
1424 4573 1445 4634 f.
