3100 4984
338 279 474 332 ennean
493 280 555 332 eta.
571 281 590 330 ι.
607 279 688 332 rear.
702 281 733 332 ιι.
752 279 850 332 naen.
865 277 967 330 xxxa.
1169 269 1231 334 ³59

70 419 148 486 gena
170 419 211 464 ex
233 417 301 464 sese
322 399 388 464 illas
409 399 552 464 eiusmodi
576 418 642 464 esse
661 408 753 486 putet.
798 397 996 482 Quamobrem
1014 399 1171 486 propbetas
1191 422 1230 464 ex

71 503 128 582 iia,
154 502 203 568 ael
219 502 406 580 sacerdotes,
429 502 477 566 vel
494 523 582 591 reges
600 502 742 580 instituit,
766 521 801 565 ae
816 502 951 586 pleraque
966 523 983 566 a
1000 503 1147 588 prophetis
1160 523 1229 588 prn-
1321 571 1334 598 κ

71 605 210 672 nnueiata
229 605 265 668 de
280 604 338 668 iste
352 605 465 668 sentino
480 605 723 691 interpretantur,
748 604 832 689 quasi
847 604 961 670 illnrnrn
975 604 1089 673 animae
1105 616 1228 672 naturae

71 708 225 774 eninsdem
241 705 420 770 sublimioris
437 707 602 772 extiterint.
635 704 803 792 Quinetiam
818 707 854 771 de
870 708 1047 772 cortentibus
1062 708 1152 772 melta
1168 710 1227 774 dis·

71 821 194 898 putasse
212 807 358 888 Matrem,
391 809 484 892 deque
500 810 606 875 animis
624 831 697 896 qenes
716 811 764 874 nel
785 809 835 874 ille
857 809 906 874 vel
926 811 975 894 qni
991 810 1027 874 ab
1043 809 1092 874 illo
1111 810 1226 876 oriundi

71 923 142 978 snut
166 913 379 998 preduxerunt.
432 909 517 977 Unde
540 923 570 976 et
593 913 796 998 prophetarum
821 912 960 978 vaticinia
982 912 1023 976 ita
1048 913 1223 999 partientur,

71 1016 216 1101 quaedam
234 1026 266 1078 nt
281 1015 368 1080 eliste
384 1011 493 1078 Matris
510 1035 577 1080 esse
596 1015 704 1095 velint,
728 1015 783 1078 alie
801 1016 837 1079 ab
853 1015 983 1095 semine,
1006 1016 1094 1080 aliae
1116 1011 1225 1079 Condi·

70 1130 137 1182 tere
154 1117 298 1202 prnleeta.
335 1114 434 1203 Ipsum
451 1117 539 1180 etiam
555 1114 650 1182 lerunt
666 1117 768 1204 partina
784 1141 801 1180 a
816 1115 973 1183 Salvatore
987 1117 1104 1198 tradite,
1123 1117 1226 1202 partim

70 1219 226 1298 abletre,
253 1219 356 1304 partlm
375 1219 501 1304 denique
519 1241 537 1284 a
555 1217 716 1285 Conditere
734 1220 862 1299 dixisse,
886 1220 913 1284 id
934 1222 1008 1305 quod
1028 1221 1059 1285 iu
1077 1221 1225 1306 sequenti·

70 1325 125 1390 bus
142 1323 343 1388 ostendemus.
390 1319 581 1388 Conditorem
598 1343 669 1387 aero
684 1343 786 1387 eornm
803 1342 877 1408 qnae
893 1343 981 1408 snpra
996 1343 1029 1388 se
1044 1334 1129 1388 erant
1143 1324 1226 1408 igna-

69 1448 154 1506 rum,
180 1424 217 1492 iis
234 1445 306 1490 aene
323 1445 398 1509 qnae
414 1424 705 1490 commemoravimus
724 1425 815 1489 lnism
831 1436 1023 1506 nummolum,
1056 1427 1225 1492 sedendam

69 1528 286 1614 eontempsisae
302 1518 507 1608 nibilominus,
541 1537 571 1592 et
589 1527 662 1592 alias
680 1527 765 1592 aliam
785 1547 851 1594 esse
871 1547 1002 1592 aenaeam
1023 1529 1222 1609 existi-asse,

69 1633 136 1698 sive
152 1629 323 1717 propbetieu
338 1629 436 1694 affiatu
450 1629 610 1715 praeditum
625 1630 769 1714 spiritum,
786 1629 861 1716 qnod
878 1630 995 1716 proprio
1009 1633 1130 1717 quedam
1144 1642 1225 1697 motu

70 1737 180 1812 eietur,
196 1734 260 1798 siae
275 1732 433 1812 beminen,
448 1732 513 1798 sive
527 1733 703 1798 deteriorum
720 1732 965 1819 complexionem·
995 1731 1028 1798 ln
1044 1756 1136 1820 eaque
1150 1746 1223 1800 tanr-

71 1839 121 1902 din
138 1836 325 1921 igneratione
340 1847 489 1900 versatum
506 1835 601 1919 quoad
616 1833 760 1900 Dominus
774 1835 937 1900 advenerit.
984 1833 1078 1902 Simul
1093 1837 1171 1902 eninr
1187 1857 1222 1901 ae

70 1938 213 2005 Salvator
228 1939 369 2018 aeeeeab,
394 1938 430 2001 ab
447 1959 484 2002 en
502 1949 607 2004 ennete
624 1937 759 2002 didicisse
777 1947 894 2024 putant,
917 1948 947 2002 et
963 1939 998 2002 ad
1015 1961 1081 2004 eum
1096 1940 1223 2004 libenter

70 2063 136 2106 enm
152 2040 289 2106 omnibns
307 2041 369 2106 suis
387 2040 479 2126 eopiie
496 2040 666 2117 transiisse,
691 2061 814 2126 eumque
830 2039 908 2104 illum
926 2061 994 2106 esse
1010 2039 1221 2108 centurionem

71 2145 121 2230 qui
137 2147 167 2210 in
186 2143 339 2228 evangelie
357 2141 398 2208 ita
413 2139 598 2208 Salvatorena
616 2143 788 2228 alloquitur:
818 2147 891 2206 Nem
907 2156 938 2206 et
952 2165 1005 2226 ege
1021 2149 1051 2208 r'o
1067 2165 1127 2208 meu
1141 2157 1221 2226 pote·
1233 2156 1372 2214 aurorane

70 2259 144 2310 utute
164 2248 255 2310 toene
276 2250 395 2320 mr'litea,
419 2258 449 2308 et
467 2267 578 2320 seruos,
608 2258 637 2308 et
656 2251 845 2329 quodeunque
865 2253 1036 2328 ammonere
1053 2250 1217 2330 perficiunt.
1232 2227 1288 2273 ¹¹³⁰*
1300 2225 1354 2280 ’ἰ

72 2349 195 2414 nedum
211 2350 307 2414 mnndi
324 2349 403 2414 illum
421 2347 619 2435 preeuratinni
636 2350 671 2412 ad
687 2350 822 2413 idonenna
839 2370 930 2434 nsque
948 2359 1059 2436 tempus
1074 2351 1222 2436 praelutu·

70 2475 154 2532 runt,
192 2451 362 2536 praesertim
390 2451 426 2514 eb
451 2449 605 2516 Ecclesiae
630 2452 926 2530 administrationem,
960 2451 1222 2538 eiusque'praemii

71 2555 283 2640 cognitionem,
307 2555 383 2640 quud
400 2554 492 2619 eidem
510 2564 556 2620 eat
571 2553 777 2632 constitutum,
802 2553 936 2623 nimirum
955 2565 987 2620 ut
1001 2557 1037 2620 ad
1054 2553 1161 2620 Matris
1175 2575 1223 2620 se·

71 2657 136 2724 dena
160 2657 314 2724 erebatur·

158 2863 317 2930 llominnnr
337 2885 425 2950 porro
443 2863 500 2928 tria
517 2883 628 2950 genera
644 2873 829 2942 statuuntur,
854 2859 1013 2949 spiritale,
1040 2862 1219 2942 Terrenum,
1257 2879 1316 2944 cap.

73 2967 230 3047 Aninale,
255 2986 329 3053 quae
346 2967 375 3030 in
391 2963 505 3048 Caino,
529 2967 624 3030 Abele
641 2989 676 3030 ne
691 2964 784 3032 Setbo
800 2976 971 3031 eernnntnr.
1016 2966 1163 3051 Aquibns
1178 2977 1222 3030 to-
1245 2945 1331 2996 xxv·

73 3072 162 3136 tidem
180 3080 302 3134 naturae
318 3091 376 3134 non
393 3070 452 3134 iam
471 3070 501 3134 in
519 3069 659 3154 singulis,
689 3069 740 3134 sad
760 3089 812 3154 per
827 3089 935 3153 genera
952 3078 1128 3154 propagatae
1142 3079 1221 3132 sunt.

72 3171 124 3238 Ex
140 3174 178 3238 iis
195 3171 362 3238 Terrenum
380 3172 568 3258 eorrnptione
585 3171 723 3250 dissolri,
747 3171 884 3234 Animale
900 3190 990 3250 vern,
1013 3171 1038 3234 si
1055 3190 1088 3232 se
1106 3170 1225 3254 potiori·

73 3275 128 3340 bns
143 3274 298 3354 dediderit,
323 3273 462 3338 mediocri
477 3275 506 3338 in
523 3275 644 3358 regione
658 3275 880 3359 conquiescere,
901 3272 946 3336 sin
962 3272 1107 3337 deteriore
1122 3271 1223 3355 eligat,

73 3380 106 3442 ad
133 3377 240 3442 similia
262 3377 430 3442 translerri.
476 3373 625 3462 Spiritalia
650 3377 794 3460 deniqne,
829 3395 904 3461 qnae
925 3375 1039 3460 quidem
1061 3373 1225 3438 bebanntb

74 3480 261 3560 senserant,
295 3499 334 3544 ex
357 3478 407 3543 illo
429 3491 560 3566 tempore
582 3480 611 3543 in
633 3479 803 3542 bodiernnm
826 3497 916 3563 usqne
936 3477 1047 3562 piarum
1066 3476 1226 3539 animarem

74 3581 244 3669 disoiplinae
266 3583 421 3646 nonrmieaa
448 3593 479 3648 et
501 3583 642 3658 educate,
677 3581 751 3665 qued
778 3581 872 3644 adbne
895 3579 1016 3644 infantia
1040 3579 1128 3642 missa
1154 3577 1225 3656 sint,

75 3696 176 3770 postea
194 3685 242 3750 nbi
259 3685 467 3770 palentianam
486 3685 588 3768 adepta
606 3683 732 3762 inerint,
757 3680 921 3748 Salvatoris
936 3681 1061 3768 Angelis
1077 3681 1226 3746 matrime-

76 3789 124 3853 nio
145 3787 300 3866 enllneari,
332 3809 397 3852 enm
417 3787 532 3852 interim
552 3788 668 3850 animae
689 3785 770 3873 ipsae
791 3807 855 3850 earn
877 3781 1036 3850 Conditnra
1057 3785 1225 3851 neeessario

75 4049 115 4110 nni
134 4046 216 4095 babel:
241 4043 290 4094 iem
315 4057 366 4094 uon
388 4041 522 4093 seeundum
545 4057 633 4093 nnum-
702 4043 726 4095 5.
742 4061 789 4109 τρα
811 4041 869 4096 datu
885 4042 935 4092 end.
951 4041 1006 4092 Ven.

76 4127 206 4182 quemque.
243 4115 316 4176 Valeo
333 4105 391 4164 καῖ
407 4107 435 4166 ‘ln
452 4117 522 4163 estol.
701 4109 727 4163 6.
743 4059 917 4178 danlpnenbnu
933 4111 984 4161 end.
1001 4111 1056 4162 Van.

108 4181 135 4233 3.
150 4179 179 4234 oi
195 4183 246 4232 oud
263 4183 317 4232 Vra
703 4178 727 4232 7.
745 4177 770 4232 la
788 4175 911 4245 penda-nrt
927 4173 982 4232 κατ’
1000 4173 1111 4244 ἀνάγκην
1127 4180 1183 4229 editt
1195 4180 1224 4227 n-

106 4247 131 4302 l.
149 4253 185 4302 no
195 4251 285 4300 mearat
293 4252 381 4312 omen
391 4264 421 4300 ee
431 4252 482 4302 eod.
493 4251 583 4312 Veneta,
596 4252 637 4313 qut
670 4250 705 4298 brt
716 4254 738 4298 et
752 4250 802 4298 rod.
812 4251 885 4299 Vnde.
906 4249 983 4300 Meet
991 4249 1052 4298 ttlnd
1065 4243 1091 4298 la
1104 4241 1225 4312 μεσότητι

75 4321 141 4370 boba
154 4313 312 4383 mennnrerd
326 4315 527 4384 ίγκατασιιιίριι,
541 4332 636 4370 renere-
669 4320 848 4367 menomenae
864 4317 915 4368 aed.
932 4318 1015 4366 Veneti.

74 4392 141 4438 tiene
159 4387 207 4436 t'et.
221 4389 361 4450 mererere,
376 4389 418 4450 put
433 4385 559 4453 spititualis
575 4403 635 4436 vero
702 4385 726 4434 a
744 4385 793 4435 ltee
808 4387 907 4438 edm
920 4381 947 4438 da
962 4381 1084 4450 μεσότητι
1096 4383 1155 4436 delet
1168 4385 1225 4434 llber

75 4453 205 4504 inueniunt
219 4453 359 4506 Aebamutb
373 4458 448 4506 onae
485 4455 557 4519 anpn
573 4459 636 4506 eant
672 4455 804 4506 turmam.

75 4515 92 4578 i
108 4517 137 4580 da
153 4521 323 4592 maeoseu.
