3080 5002
338 299 475 354 canaan
491 300 555 352 ure.
569 301 589 351 1.
606 301 687 352 ron.
700 301 745 352 nr.
761 301 860 351 nanu.
875 301 957 351 κιο.
1168 288 1229 352 643

72 426 165 496 callia,
190 422 354 494 ebrietates,
379 425 607 496 comessationes,
631 443 702 503 pace
719 425 853 502 praedico
876 423 967 494 aobc‘a,
992 425 1068 483 sicut
1083 427 1227 502 praedr'cr',

71 531 205 608 quondam
226 529 279 606 pai
298 525 367 586 talaia
390 535 482 604 agunt
501 545 620 604 regnum
641 528 691 585 dci
708 546 763 586 non
782 525 974 605 possidebunt.

160 627 262 692 Relut.
281 622 336 691 Vt.
373 621 401 690 0
416 626 585 690 admiranda
606 625 652 690 dei
670 627 830 712 mysteria,
854 649 888 690 ac
904 624 1068 690 Marcionis
1082 625 1232 690 erroribus

73 733 200 796 adversa
220 729 372 813 dogmata!
419 726 537 792 Etenim
555 729 1036 794 malaomniacarnitribuuntur.
1082 727 1126 793 Ea
1146 751 1233 815 porro

72 845 216 921 perpetuo
236 855 294 896 non
316 829 431 910 extitit,
463 832 514 895 sed
531 843 618 896 sexto
638 833 752 896 demum
773 831 837 911 die,
863 843 921 896 tum
941 855 1005 896 cum
1025 833 1156 897 Adamas
1174 835 1233 896 lor·

72 948 171 1002 matus
188 948 251 1015 est,
277 933 343 998 esse
360 933 466 1020 coepit.
513 931 562 997 Ex
580 957 636 1019 quo
656 934 696 998 illi
715 936 888 999 refelluntur
905 937 952 1020 qui
969 935 1075 998 rnalum
1093 935 1127 998 ab
1149 934 1233 998 initio

75 1063 112 1102 ac
130 1059 249 1124 semper
266 1037 402 1101 extitisse
418 1036 599 1121 praedicent.
645 1037 735 1121 Atqui
752 1057 846 1121 neque
864 1038 949 1101 simul
969 1061 1002 1102 ac
1022 1041 1147 1102 formata
1165 1059 1234 1100 caro

74 1154 135 1222 est,
163 1152 312 1228 peccatum
330 1138 459 1217 admisit,
484 1159 521 1202 ne
539 1139 650 1223 peccati
668 1151 771 1204 auctor
788 1142 835 1225 qui
853 1140 931 1205 illam
949 1141 1098 1204 linxerant
1110 1141 1234 1204 hahere-

74 1259 142 1323 tur,
175 1244 258 1329 quasi
283 1253 402 1328 peccata
424 1261 504 1305 ream
522 1263 640 1305 carnem
659 1242 776 1306 molitos
794 1255 891 1321 esset,
925 1263 1019 1328 neque
1038 1244 1142 1308 malum
1161 1263 1234 1328 opus

72 1351 171 1434 ipsum
189 1344 360 1410 antecessit.
409 1341 518 1408 Vcrum
536 1344 684 1428 aliquanto
701 1355 766 1430 post
781 1357 912 1432 tempore
927 1367 944 1410 a
962 1347 1007 1408 dei
1023 1345 1164 1430 obsequio
1183 1348 1233 1410 dc-

74 1450 209 1516 sciscens
225 1449 358 1514 Adamas
377 1467 411 1510 ac
426 1445 561 1510 libertate
580 1448 727 1531 praeditus
747 1469 798 1533 per
812 1469 880 1512 sese
895 1470 930 1512 ac
945 1463 1050 1534 sponte
1067 1471 1121 1512 sua
1137 1458 1234 1512 ccrto-

75 1575 135 1639 quc
154 1552 281 1616 consilio
296 1560 416 1637 peccato
434 1570 467 1614 se
484 1547 660 1628 obstrinxit,
693 1551 759 1614 dum
778 1571 831 1637 pcr
848 1551 936 1616 animi
954 1551 1165 1615 contumaciam
1184 1552 1236 1614 do-

74 1658 156 1720 mino
172 1655 218 1719 sui
234 1653 416 1718 maiestatem
432 1650 586 1716 imminuit.
635 1649 758 1716 Ubinam
772 1675 844 1738 ergo
858 1675 969 1734 rerum,
994 1665 1148 1738 antequam
1166 1675 1235 1718 caro

75 1759 246 1846 prodiisset,
271 1767 421 1843 peccatum
439 1755 511 1818 luit?
555 1754 618 1820 Aut
631 1777 755 1839 quanam
772 1757 888 1821 ratione
902 1779 960 1820 non
976 1758 1150 1841 simulatque
1166 1779 1235 1820 con-

75 1863 136 1926 dita
159 1873 224 1940 est,
253 1861 304 1924 sed
324 1859 472 1942 aliquanto
494 1867 598 1942 postea
615 1858 770 1922 intervallo
790 1861 1082 1924 malumcommisitl
1126 1856 1234 1943 Quam-

76 1965 180 2030 obrem
203 1961 298 2028 omnis
322 1963 370 2026 illa
397 1962 433 2026 de
457 1961 599 2047 principio
625 1961 691 2026 mali
715 1964 861 2026 sententia
888 1964 1010 2028 corruit.
1061 1960 1132 2026 Non
1158 1963 1236 2027 enirn

75 2068 227 2151 antiquum
252 2085 317 2132 esse
337 2073 436 2150 potest
452 2061 575 2145 malum,
609 2067 684 2150 qnod
708 2067 737 2128 in
756 2066 914 2130 recentiori
934 2088 1003 2130 caro
1023 2065 1109 2129 hahet
1130 2076 1163 2129 ut
1184 2066 1234 2144 sit,

76 2181 204 2234 autnon
225 2170 263 2234 sit
279 2168 410 2232 omnino.
454 2165 562 2252 Neque
579 2189 651 2232 vero
669 2191 687 2233 a
703 2169 824 2233 coelesti
842 2169 1032 2253 possessione
1049 2189 1119 2232 caro
1137 2167 1237 2232 deiici-

78 2283 138 2336 tur.
185 2270 250 2336 Nec
272 2272 410 2356 estquod
428 2270 552 2357 apostoli
569 2271 744 2335 auctoritate
760 2273 896 2336 abutatur
914 2271 1068 2358 quispiam,
1093 2272 1158 2334 dum
1176 2272 1234 2334 ait:

78 2380 155 2437 Caro
169 2387 199 2436 ct
211 2377 329 2454 sangari
340 2397 459 2456 regnam
473 2379 584 2437 der'non
594 2376 784 2455 possidebant.
817 2371 894 2438 Nam
912 2396 969 2436 non
985 2394 1104 2438 carnem
1119 2393 1234 2437 omnem
1256 2393 1275 2438 1.
1287 2395 1340 2438 cor.

76 2488 210 2541 accusat.
256 2473 319 2542 Car
335 2477 411 2540 euim
431 2487 587 2541 accusetur
605 2497 640 2539 ea
663 2497 737 2560 quae
755 2477 824 2539 nihil
844 2497 945 2541 eorum
962 2497 1036 2562 quac
1052 2486 1138 2540 antea
1158 2499 1237 2541 com·
1257 2446 1333 2501 Μ’

76 2590 241 2644 memorata
256 2589 325 2643 sunt
338 2581 508 2644 admiserit?
545 2576 604 2643 Sed
621 2589 652 2642 et
668 2579 733 2642 aliis
749 2599 863 2664 quoque
879 2579 1041 2643 rationibus
1057 2579 1132 2663 quod
1148 2601 1237 2663 quae·

78 2684 156 2746 ritur
173 2682 326 2746 evidenter
344 2683 518 2746 ostenditur.
564 2685 650 2760 Quas,
682 2681 791 2766 inquit,
822 2684 968 2744 accusabit
982 2686 1118 2744 adversus
1134 2686 1237 2744 clectos
1250 2704 1345 2760 name,
1358 2705 1390 2749 aa.

78 2791 148 2847 dett
178 2783 287 2849 Nonne
302 2784 487 2850 sanctissima
501 2785 587 2870 rirg'o
599 2781 699 2850 Maria
713 2805 777 2848 cum
790 2784 855 2870 ipsa
868 2805 957 2848 carne
972 2784 1102 2849 coeleste
1116 2805 1236 2870 regnum

79 2898 229 2974 capesset,
254 2888 301 2951 coi
316 2909 411 2973 neque
428 2888 529 2952 vitium
546 2899 592 2952 est
607 2909 731 2973 unquam
747 2886 888 2967 oblatum,
912 2909 966 2951 nec
983 2887 1102 2952 libidine
1118 2898 1164 2952 cst
1180 2889 1239 2952 ulla

78 3002 131 3056 aut
148 2989 292 3054 adulterio
310 2991 440 3071 loedata,
465 3012 561 3076 neque
580 2991 734 3077 quicquam
752 3012 792 3055 ex
809 2991 931 3055 nefariis
950 2991 1006 3056 illis
1025 2991 1123 3056 carnis
1143 2991 1249 3076 operi-¹

77 3095 134 3158 bus
149 3092 276 3172 admisit,
296 3093 347 3157 scd
363 3092 477 3179 integra
492 3093 689 3179 inviolataque
704 3095 852 3179 perstitit?
895 3093 964 3158 Non
981 3095 1070 3178 igitur
1083 3106 1239 3180 utcumque

79 3199 115 3262 de
135 3215 226 3260 mene
243 3196 387 3280 loquitur,
420 3219 486 3260 cnm
509 3219 573 3262 eam
592 3209 680 3282 negat
697 3198 826 3261 coeleste
842 3217 965 3281 regulum
985 3197 1153 3280 possidere,
1187 3198 1239 3262 sed

79 3301 116 3362 de
133 3297 214 3363 carni
231 3298 377 3362 immersis
392 3297 569 3378 honrinibus,
588 3300 635 3386 qui
651 3299 826 3362 adminiculo
841 3300 937 3362 carnis
954 3299 1079 3364 scelesta
1097 3301 1239 3385 quaedam

78 3411 269 3488 perpetrant,
299 3401 461 3466 cuiusmodi
483 3414 551 3466 sunt
575 3401 746 3480 fornicatio,
777 3401 944 3466 idololatria
964 3413 1022 3465 etc.
1067 3399 1152 3467 Unde
1176 3414 1237 3483 tua,

79 3501 214 3578 Marcio,
239 3505 321 3568 fraus
337 3515 423 3588 atque
440 3503 583 3568 calliditas
601 3505 719 3568 omnino
736 3504 897 3590 detegitur,
922 3526 986 3569 cunr
1007 3527 1108 3571 omues
1128 3507 1238 3571 erroris

79 3609 178 3671 aditus
200 3607 365 3672 iamdudum
389 3607 499 3670 veritas
516 3607 686 3692 occuparit,
719 3607 1001 3693 praedicationisque
1022 3609 1085 3674 cius
1103 3629 1178 3694 quae
1194 3611 1240 3674 vi-

79 3720 140 3774 tam
163 3709 258 3772 adlert
280 3709 444 3772 firmitatem
466 3708 710 3795 stabilitatemque
732 3710 882 3796 munierit.

169 3809 272 3876 Schol.
293 3809 364 3875 Vll.
400 3815 457 3890 Oai
475 3823 567 3875 cuam
586 3817 696 3876 Cdrrlstr'
710 3826 792 3890 mant,
825 3835 937 3876 carnem
954 3817 1162 3895 crucifiacraat
1176 3837 1239 3879 cam
1252 3837 1374 3893 natan.

80 3919 159 3976 ca'tr'c's
182 3926 212 3976 et
232 3919 473 3995 concupiscentits.

166 4014 269 4080 fletur.
287 4013 360 4080 Vll.
396 4013 430 4082 Si
445 4017 493 4102 qui
511 4023 707 4094 ctrso'suac
733 4041 844 4082 curnem
860 4023 1083 4101 oracq'fiacruat,
1109 4021 1236 4102 lllarcio,

78 4119 266 4206 perspicuum
290 4130 336 4184 est
354 4117 464 4184 Christi
482 4140 586 4185 servos
606 4121 786 4187 circumcisis
803 4123 1007 4208 cupiditatibus
1029 4135 1059 4187 et
1076 4125 1238 4189 affectioni·

78 4225 136 4288 bos
160 4222 395 4307 purgatissimam
418 4243 536 4288 carnem
554 4245 636 4290 suam
653 4225 831 4305 reddidisse,
863 4225 1051 4310 imitatosquc
1068 4245 1137 4290 esse
1153 4223 1239 4292 Chri-

78 4339 176 4404 stum,
210 4325 275 4389 dum
297 4325 392 4411 ipsum
414 4347 532 4392 carnem
554 4349 636 4393 suam
655 4329 734 4393 cruci
754 4329 884 4393 affixisse
900 4329 1061 4393 declarant.
1107 4328 1190 4395 Unde
1209 4343 1239 4394 et

79 4429 121 4494 illi
138 4429 242 4494 eodem
259 4450 316 4514 quo
335 4428 468 4494 dominus
484 4452 554 4496 suus
571 4431 694 4494 consilio
710 4453 828 4496 carnem
844 4431 874 4495 in
891 4453 978 4496 cruce
996 4433 1134 4517 deligunt.
1177 4430 1237 4497 lam

959 4533 1031 4601 41*
