3112 4984
379 251 517 304 rnunuu
534 253 598 304 ure.
610 253 628 304 ι.
648 251 780 305 romu.
797 249 896 302 nasu.
910 251 1013 305 xxix.
1202 237 1266 304 239

113 371 161 436 sel
189 382 220 438 et
246 370 341 436 veteri
367 379 543 436 testamento
562 368 737 436 ludaeorum
761 369 858 434 instar
880 379 1014 434 utuntur.
1057 367 1165 454 Neque
1188 372 1265 436 enim

12 481 13 492 ¹
113 475 183 559 apud
203 473 271 538 illos
290 472 364 558 legis
381 470 460 550 libri,
485 471 657 557 prophetae,
680 483 730 536 aut
749 471 947 556 hagiographa
964 471 1166 558 prohibentur,
1190 495 1265 557 quae

111 572 211 640 ludaei
229 572 324 638 llihlia
342 586 526 660 nuncupant,
551 585 628 640 utet
646 595 662 636 e
678 571 796 638 ludaeis
812 573 1027 659 approbantorq
1052 575 1186 658 aquibus
1201 572 1265 638 Na-

109 677 208 742 zaraei
234 677 312 740 nullu
328 675 358 740 iu
377 697 410 740 re
432 675 626 751 dissentiunt,
650 676 699 759 qui
717 676 752 739 nd
775 675 848 758 legis
866 674 1075 760 praescriptum
1093 697 1127 738 ac
1141 660 1266 740 ludaeo-

108 801 170 843 rum
199 799 282 842 more
305 779 402 842 omnia
426 797 480 842 sua
507 779 642 862 tognnetn
667 777 856 861 profitentur,
881 776 937 840 uisi
961 777 1037 860 quod
1063 777 1092 840 in
1115 774 1265 842 Christum

108 880 245 946 creduut.
290 878 370 943 Nam
388 891 419 943 et
440 890 572 948 mortuos
590 878 715 942 excitari
739 887 858 963 putant,
882 887 945 942 eta
963 878 1019 940 deo
1035 877 1176 942 uniuersa
1199 901 1266 964 pro-

106 983 204 1046 tlucta.
239 977 336 1046 Unum
352 1001 419 1045 esse
438 982 535 1059 deum,
559 982 681 1064 eiusque
697 979 784 1044 lilium
802 977 899 1044 lesum
916 977 1064 1044 Christum
1083 981 1262 1064 praedicant.

110 1083 279 1148 Hebraioae
295 1101 367 1146 vero
383 1081 501 1166 linguae
517 1081 705 1146 scientissimi
723 1093 809 1161 suot3
833 1102 869 1144 ao
886 1102 953 1146 oum
971 1080 1108 1145 universa
1124 1082 1174 1146 lex
1190 1084 1265 1167 apul

107 1185 192 1265 illos,
217 1195 279 1250 tum
299 1183 458 1269 prophetae
476 1194 508 1248 et
523 1183 736 1270 hagiographa,
762 1183 817 1248 hoo
838 1194 885 1248 est
906 1182 973 1246 libri
995 1183 1035 1245 illi
1059 1182 1108 1267 qui
1130 1184 1266 1249 versibus
1369 1187 1375 1200 ⁰

110 1287 240 1352 distincti
263 1297 349 1364 sunt,
373 1297 404 1350 ct
423 1287 600 1372 prophetae,
624 1284 865 1369 Paralipomeua,
890 1283 1016 1365 Esther,
1039 1295 1216 1370 caeteraque
1237 1287 1266 1348 itl

110 1409 204 1474 geom
221 1386 370 1453 Hebraico
390 1399 422 1452 ut
438 1397 469 1450 et
485 1409 501 1450 a
517 1385 634 1451 ludaeis
650 1387 797 1470 leguntur.
843 1385 909 1452 Hoc
924 1386 1015 1471 igitur
1029 1408 1089 1450 uno
1106 1397 1164 1450 tam
1186 1384 1266 1451 alu·

111 1491 190 1556 loeis
206 1511 295 1574 quam
311 1486 518 1554 uChristianis
535 1490 691 1568 differunt3
710 1489 746 1552 ab
761 1489 818 1553 illis
833 1489 961 1573 quidem,
980 1490 1056 1572 quotl
1072 1487 1102 1550 in
1115 1485 1265 1552 Christum

112 1592 245 1670 credaut,
270 1613 286 1654 a
303 1587 481 1656 Christianis
499 1611 584 1668 vero,
609 1593 684 1675 quorl
701 1588 826 1656 lutlaicis
841 1591 933 1654 adhuc
949 1588 1053 1654 ritihus
1067 1589 1264 1674 implicentur,

116 1693 195 1760 uelut
213 1692 451 1771 circumcisione,
474 1679 609 1772 sabbato,
632 1693 755 1776 aliisque
771 1691 959 1756 ceremoniis.
995 1689 1042 1756 De
1057 1688 1178 1756 Christo
1193 1711 1267 1756 nero

116 1806 195 1858 certo
219 1794 289 1858 illud
309 1795 452 1858 affirmare
472 1815 603 1878 nequeo,
627 1804 724 1858 utrum
742 1786 875 1858 Cerinthi
896 1794 946 1856 vel
959 1792 1101 1857 Merinthi
1121 1794 1266 1880 impietate

114 1896 160 1959 illa
178 1895 313 1981 decepti,
338 1894 499 1980 simplicem
519 1895 599 1959 illum
623 1895 770 1960 hominem
792 1904 982 1973 asseverent,
1005 1917 1041 1958 an
1065 1895 1106 1958 uti
1127 1915 1196 1960 sese
1218 1916 1268 1960 res

115 1998 217 2076 habet,
243 1995 445 2082 perspiritum
464 2008 597 2062 mactum
620 1997 656 2060 tle
673 1994 770 2060 Maria
787 1996 902 2080 virgine
921 1997 1051 2080 genitum
1069 2015 1137 2060 esse
1156 1997 1268 2062 latean-

116 2109 170 2164 tur.
211 2094 372 2164 Caeterum
389 2098 462 2168 haec
476 2097 700 2164 Nazaraeorum
717 2109 798 2162 secta
816 2097 847 2162 in
864 2095 1026 2162 Beroeensi
1044 2097 1164 2160 civitate
1178 2097 1269 2182 potis·

118 2200 222 2266 simona
238 2200 332 2284 riget,
356 2221 391 2264 ao
405 2197 518 2266 Coelen
534 2199 665 2287 Syriam,
689 2211 775 2284 atque
792 2200 879 2264 etiam
896 2198 926 2263 io
940 2196 1084 2283 Decapoli
1102 2199 1186 2262 iuxta
1200 2195 1270 2263 Pel·

118 2302 184 2382 tan,
208 2313 240 2368 et
252 2300 283 2366 in
295 2299 477 2382 llasanitirle,
501 2303 530 2366 iu
545 2323 580 2366 ea
594 2323 670 2388 quae
684 2303 772 2386 vulgo
785 2297 917 2378 Cooahe,
937 2299 1084 2363 Hebraico
1097 2295 1267 2378 Chochahe,

118 2405 231 2470 licitur.
265 2402 344 2468 Hinc
363 2404 439 2469 eninr
456 2403 615 2489 postillam
634 2404 670 2469 nb
686 2402 902 2487 Hierosolymis
917 2401 1129 2480 secessionem,
1153 2401 1268 2466 illorum

118 2506 198 2571 initia
210 2497 345 2592 prolecta
360 2516 442 2585 aurat,
460 2528 525 2570 cum
540 2504 642 2570 Pellae
657 2505 789 2590 discipuli
807 2524 909 2568 omnes
925 2503 1102 2580 habitarent,
1119 2499 1270 2568 aChristo

120 2608 154 2670 ie
170 2607 363 2691 relinquenda
380 2605 654 2692 Hierosolymorum
670 2607 742 2670 urhe
758 2605 967 2690 migrandoque
983 2604 1169 2690 praemoniti,
1193 2605 1269 2689 quorl

121 2709 180 2774 eius
198 2709 368 2774 immineret
390 2709 516 2774 obsidio.
562 2707 630 2792 Qua
651 2708 766 2793 quidem
788 2709 944 2772 occasione
969 2709 1076 2772 lactum
1099 2717 1162 2786 est,
1186 2718 1219 2770 ut
1239 2706 1270 2770 iu

118 2805 231 2875 Peraea
254 2809 293 2874 iis
315 2810 419 2896 quihus
445 2810 573 2876 diximus
599 2810 673 2874 locis
697 2811 849 2895 degerent.
894 2806 1025 2895 lutleque
1044 2807 1270 2876 Nazaraeorum

12 2939 13 2948 ι
120 2911 250 2978 haeresis
273 2923 343 2978 suut
363 2912 487 2978 deducta
509 2913 679 2998 primordia.

201 3217 317 3286 Verum
335 3230 367 3283 et
383 3219 432 3286 isti
452 3218 640 3284 nihilominus
657 3219 812 3295 aberrant,
837 3239 902 3282 com
918 3217 954 3280 de
972 3216 1196 3282 circumcisione
1207 3216 1271 3301 glo·
1290 3230 1422 3299 capvttt.

118 3321 250 3402 fiarstorp
273 3331 305 3384 et
320 3321 513 3386 mcernucne
531 3321 616 3386 etiam
636 3343 713 3384 nunc
729 3319 862 3386 obstricti
879 3329 960 3397 suut,
984 3319 1060 3402 quotl
1076 3318 1171 3402 legem
1191 3316 1272 3402 peni·

119 3432 164 3486 tus
185 3424 349 3488 obseruare
366 3434 524 3508 nequeant.
571 3419 725 3506 Quomodo
743 3422 820 3488 enim
837 3421 911 3506 legis
927 3421 1088 3486 ohservare
1105 3419 1271 3483 mnntntum

118 3523 195 3588 istud
218 3535 373 3608 potestante
408 3530 463 3588 Ter
486 3531 635 3606 quotannis
656 3527 804 3606 apparebat
828 3547 922 3588 eoram
944 3527 1054 3586 donec
1078 3526 1129 3584 deo
1150 3531 1199 3584 tao
1215 3533 1422 3604 perornatam.

117 3647 285 3706 azymorum
305 3632 380 3700 dees,
412 3639 441 3688 et
461 3633 670 3707 scenopegiam,
700 3639 729 3688 et
746 3637 942 3707 pentecosten,
971 3630 1001 3686 a'n
1018 3625 1271 3703 Ha’erorolyma'taao

122 3731 209 3790 loeo?
253 3723 328 3791 Cum
350 3727 427 3791 cuim
449 3728 499 3790 lex
523 3728 681 3792 interclusa
700 3729 755 3805 sit,
780 3738 809 3790 et
827 3747 901 3810 quae
923 3726 959 3789 ah
981 3745 1016 3788 ea
1035 3725 1272 3808 praescribuntur

120 3829 221 3914 perfici
242 3829 364 3914 amplius
383 3851 440 3893 uon
461 3831 591 3914 possint,
616 3829 735 3892 cuilibet
755 3828 889 3914 prudenti
907 3827 1092 3912 perspicuum
1116 3838 1163 3890 est
1184 3830 1272 3892 adve-

120 3931 203 3996 nisse
217 3927 381 4006 Christum,
406 3952 463 3994 nou
479 3942 509 3994 ut
525 3932 619 4015 legem
636 3939 797 4008 everteret,
820 3929 872 3992 sed
889 3939 919 3990 ot
935 3948 999 3992 eam
1015 3929 1108 4014 ipsam
1125 3930 1271 4016 impleret,

121 4044 151 4096 ct
176 4055 242 4098 eaur
266 4032 484 4097 execrationem
508 4033 656 4111 solveret,
686 4052 761 4114 quae
788 4041 889 4094 eontra
913 4029 1041 4096 uiolatae
1064 4029 1139 4114 legis
1162 4031 1272 4094 crimen

120 4136 217 4199 luerat
234 4135 404 4198 constituta.
450 4132 645 4218 Posteaquam
669 4134 745 4196 enim
763 4129 887 4216 Moyses
905 4131 1070 4197 universam
1093 4133 1189 4216 legem
1207 4151 1272 4214 pro-

119 4237 273 4322 mulgavit,
297 4237 334 4300 atl
347 4237 434 4300 finem
449 4235 606 4300 uoluminis
621 4233 767 4320 pervenit,
792 4253 826 4297 ao
841 4233 896 4298 suh
911 4235 1066 4300 maledicto
1080 4242 1183 4296 cuncta
1201 4253 1271 4295 con-

121 4338 224 4402 clusit:
249 4342 420 4400 Maledictus
437 4345 526 4402 omnr's
545 4343 597 4420 qai
616 4361 670 4399 aon
685 4342 917 4417 praesenseritis
934 4340 1060 4400 omnebus
1078 4355 1149 4416 qaae
1165 4338 1424 4416 carpetanorum
