3100 4984
291 308 353 368 410
714 313 836 366 θΔΝΟΤῐ
852 315 1021 366 EPIPHANII

290 463 340 502 ναι
355 433 487 523 όλαςτῷ
502 437 639 521 πονηρῷ,
667 429 739 496 ἀλλά
755 429 808 498 έάν
823 436 866 509 τίς
881 454 913 498 σε
929 435 1055 560 δαπίση,
1083 431 1268 520 στρέψον’
1228 461 1310 522 αυτηι
1295 432 1431 501 ”“καί
1396 461 1450 518 την

292 536 381 620 ἀλλην
403 535 534 623 σιαγόνα.
576 533 789 658 Ἀλληγορείται
812 536 844 600 δέ
865 531 927 602 καί
937 539 978 612 εἰς
998 563 1032 602 το
1023 503 1211 617 μετατεθὲν
1226 565 1279 604 και
1267 539 1450 623 ’ἐναλλαγέν

290 639 350 708 ἀπό
362 647 415 705 τοῦ
428 663 595 722 σωματικου
580 635 702 704 ’δάι’
670 663 702 704 το
717 637 917 719 πνευματικόν
929 665 963 704 το
955 637 1156 723 ’συμβολικόν
1169 647 1255 706 τοῦτο
1269 668 1324 706 κατ
1324 639 1448 708 ἐἰκόνα

289 751 349 810 τοῖν
369 740 573 828 διαφερόντων
593 742 868 824 νενομοθετημένον.
911 739 1010 806 At*
974 768 1030 827 γαρ
1052 741 1163 819 εἰκόνες
1183 745 1234 808 καί
1255 771 1291 809 τα
1282 741 1448 827 ’σύμβολα

289 843 490 932 παραστατικά
512 842 582 910 όντα
603 845 708 929 έτέρων
725 843 905 930 πραγμάτων
922 851 1018 920 καλῶς
1038 847 1166 930 ἐγίνοντο
1185 847 1266 930 μέχρι
1285 844 1328 929 μὴ
1345 853 1447 931 παρῆν

289 947 424 1032 ἀλήθεια.
471 945 634 1031 Παροόσης
651 947 683 1011 δὲ
697 953 750 1028 τῆς
766 943 908 1029 ἀληθείας
923 945 960 1012 τά
979 955 1031 1030 τῆς
1047 945 1190 1030 ἀληθείας
1204 951 1251 1014 δεῖ
1262 958 1378 1029 ποιεῖν,
1410 946 1446 1015 ου’

287 1050 324 1117 τά
346 1058 400 1134 τῆς
423 1048 548 1126 εἰκόνος.
597 1055 696 1114 Ταῦτα
718 1050 751 1114 δέ
771 1051 823 1114 καί
842 1052 874 1114 οἰ
894 1051 1028 1132 μαθηταὶ
1050 1047 1143 1115 αότοῦ
1166 1053 1216 1116 καί
1238 1049 1256 1116 ό
1278 1049 1447 1128 ἀπόστολος

290 1157 405 1232 6έδειξε
423 1159 555 1231 Παῦλος,
575 1177 609 1217 το
601 1149 752 1234 ’μέντοῦυ
767 1148 902 1231 εἰκόνων,
925 1149 966 1229 τίς
983 1151 1041 1236 ἤδη
1055 1156 1186 1235 είπομεν,
1208 1151 1259 1218 διά
1274 1161 1331 1220 τοῦ
1346 1153 1445 1238 πάσχα

288 1258 340 1323 καί
355 1283 415 1322 ταν
432 1252 551 1337 ἀζύμων
566 1257 663 1332 δείξας
678 1251 753 1320 δι’
732 1261 825 1336 ημᾶς,
855 1279 888 1319 το
881 1251 938 1320 ’δὲ
950 1281 1006 1320 του
992 1255 1330 1341 συμπεπλεγμένον’
1297 1283 1393 1340 νομου
1409 1265 1445 1347 τῇ
1536 1261 1537 1288 ⁸

290 1357 407 1448 ἀδικίη,
430 1355 570 1423 εἰκόν’
538 1383 590 1423 τον
606 1354 700 1439 νόμον
714 1361 772 1422 τοῦν
788 1341 914 1422 ἐνιόλαν
930 1359 961 1422 ἐν
975 1355 1101 1443 δόγμασι
1117 1365 1339 1444 κατηργῆσθαι,
1361 1387 1396 1426 το
1388 1358 1445 1426 ’δέ
1470 1441 1474 1449 Ι

288 1487 342 1528 τον
328 1458 603 1548 ἀσομιιλόκουτφ
589 1463 743 1544 χείρονι,
766 1456 898 1541 όμέν’
863 1485 971 1541 νομος,
994 1459 1145 1539 εἰποόν,”
1125 1487 1219 1546 αγιος,
1241 1458 1446 1544 καίηέντολή

289 1561 359 1650 άγία
379 1565 431 1630 καί
452 1565 552 1629 δικαία
572 1527 622 1628 ιίαέ
645 1559 753 1648 ἀγαθή.

157 1679 223 1747 Κεφ.
243 1676 273 1742 ξ.
372 1663 425 1742 Ὡς
437 1667 491 1749 μέν
506 1658 562 1731 οῦν
578 1663 729 1747 συντόμως
743 1667 821 1730 ἐστιν
835 1667 936 1746 εἰπεῖν,
960 1664 1116 1751 αὐτάρκως
1132 1663 1215 1749 οἰμαί
1229 1687 1277 1732 σοι
1293 1670 1447 1752 δεδεῖχθαι
1537 1677 1538 1710 ³

287 1771 338 1836 καὶ
355 1768 411 1852 τὴν
430 1771 460 1847 ἐξ
478 1764 649 1854 άνθράπων
672 1773 890 1852 ιπαρειςδῦσαν
907 1773 1103 1852 νομοθεσίαν,
1136 1772 1188 1834 καλ
1207 1767 1299 1836 αάτδν
1317 1768 1372 1836 τόν
1392 1777 1448 1836 τοῦ

287 1879 364 1938 θεοῦ
383 1870 476 1954 νόμον
492 1878 574 1958 τριχῆ
593 1870 808 1956 διαιρούμενον.
854 1877 1057 1956 Περιλείπεται
1075 1873 1106 1938 δέ
1120 1869 1192 1954 ἡμῖν
1210 1875 1263 1937 ²11
1277 1873 1350 1938 ποτέ
1366 1875 1447 1938 ἐστιν

288 1967 377 2051 οὗτος
396 1971 502 2050 όθιός
519 1971 537 2040 ό
555 1972 607 2041 τόν
623 1971 714 2056 νόμον
731 1975 865 2055 θέμενος.
907 1971 992 2040 ’Λλλά
1008 1976 1059 2040 καί
1078 1980 1164 2040 τοῦτο
1182 1969 1314 2059 ἡγοῦμαί
1329 1995 1382 2040 σοι
1400 1979 1446 2041 δε·
1538 2049 1539 2066 ρ

286 2082 403 2162 διῖχθαι
426 2079 475 2144 ἐπί
496 2083 556 2142 τοῦν
574 2078 810 2162 προειρημένων,
839 2080 866 2141 εί
883 2079 1026 2160 ἐπιμελῶς
1044 2074 1185 2159 ἀκήκοας.
1230 2079 1273 2140 Εἰ
1292 2075 1348 2161 γάρ
1373 2077 1450 2160 μήτε

287 2177 337 2246 όπ’
356 2177 449 2246 αὐτοῦ
463 2185 573 2246 τελείου
588 2186 665 2245 θεοῦ
681 2181 809 2245 τέθειται
826 2171 931 2258 οὗτος,
954 2177 995 2255 τίς
1010 2181 1198 2262 ἐδιδάξαμεν,
1220 2176 1292 2261 μήτε
1306 2176 1368 2261 μὴν
1383 2176 1447 2248 άπό

285 2290 340 2349 τοῦ
355 2281 513 2366 διαβόλου,
536 2282 553 2348 δ’
572 2284 646 2366 μηδὲ
664 2280 788 2365 θεμιτόν
804 2284 881 2348 ἐστιν
898 2285 1005 2362 εἰπεῖν,
1027 2280 1125 2366 ἕτερός
1140 2286 1184 2357 τίς
1199 2284 1257 2346 ἐστι
1274 2279 1358 2366 παρά
1376 2282 1448 2349 τοῦ·

287 2413 357 2462 τους
378 2378 467 2461 οὗτος
488 2382 507 2450 ό
524 2387 650 2469 θέμενος
667 2383 719 2451 τόν
737 2383 837 2468 νόμον.
885 2377 979 2460 Οὗτος
997 2385 1030 2450 δέ
1047 2382 1227 2470 δημιουργός
1246 2385 1296 2448 καί
1314 2384 1448 2468 ποιητὴς

287 2492 374 2555 τοῦδε
392 2496 445 2554 τοῦ
463 2487 574 2564 παντός
594 2491 655 2556 ἔστι
670 2485 785 2570 κόσμου
802 2489 853 2552 καί
870 2495 929 2554 τῶν
945 2490 977 2553 ἐν
993 2485 1088 2574 αότρῑ,
1118 2489 1216 2572 ’ἕτερος
1232 2484 1275 2552 οῦν
1291 2485 1376 2572 παρά
1392 2488 1449 2565 τάς
1539 2498 1540 2550 λ

288 2590 400 2656 τούτων
416 2589 534 2669 οόσέας,
557 2593 644 2674 μέσος
658 2590 773 2657 τούτων
788 2587 952 2668 καθεστάς,
978 2593 1123 2665 8ἐνδίιιως
1137 2591 1187 2655 καί
1203 2587 1236 2654 τό
1252 2595 1304 2671 τῆς
1319 2590 1449 2675 μεσότη-

287 2719 337 2769 τος
351 2691 446 2775 όνομα
460 2690 641 2777 ἀποφέροιτο
657 2691 702 2759 ἀν.
739 2694 800 2758 Καί
816 2697 842 2758 εἰ
854 2690 871 2758 ό
884 2693 992 2769 τέλειος
1006 2689 1079 2768 θεός
1093 2689 1210 2777 ἀγαθός
1222 2694 1282 2758 ἐστι
1296 2691 1375 2757 κατά
1392 2693 1450 2778 τὴν

287 2797 394 2861 ἑαυτοῦ
411 2795 519 2875 φῦσιν,
544 2795 640 2880 όέςπερ
657 2798 708 2861 καί
722 2798 800 2861 ἐστιν
815 2798 878 2874 (ένα
894 2795 949 2882 γάρ
966 2794 1060 2878 μόνον
1074 2791 1149 2860 εἰναι
1164 2791 1282 2879 ἀγαθόν
1297 2794 1377 2860 θεόν
1393 2797 1450 2864 τόν

287 2901 395 2964 ἑαυτοῦ
410 2899 521 2984 πατέρα
534 2895 553 2963 ό
567 2895 663 2982 σωτὴρ
679 2895 764 2982 ἡμῶν
780 2895 969 2982 ἀπεφήνατο,
993 2897 1029 2964 δν
1044 2895 1134 2972 αότός
1149 2898 1358 2982 ἐφανέρωσεν),
1382 2901 1448 2966 ἔστι

288 3001 320 3066 δέ
339 3002 391 3066 καί
407 2997 491 3082 ότῆς
506 3007 558 3066 τοῦ
579 2998 779 3084 ἀντικειμένου
797 2999 930 3081 φάσεως,
957 2999 1051 3075 κακός
1067 3025 1097 3064 τε
1112 3000 1162 3064 καί
1179 2997 1310 3082 πονηρός
1329 3001 1362 3066 ἐν
1379 3000 1448 3068 ἀδι-

288 3108 338 3194 κίᾳ
356 3101 669 3188 ἐχαρακτηριζόμενος.
718 3102 839 3169 Τούτων
855 3105 887 3168 δέ
904 3095 959 3170 οὖν
975 3103 1088 3186 6μέσος
1104 3098 1273 3178 καθεστάς,
1301 3103 1354 3166 καί
1371 3104 1451 3188 μήτε

288 3204 403 3292 ἀγαθός
422 3205 479 3285 ἀν,
510 3204 581 3289 μήτε
600 3204 659 3288 μήν
675 3205 783 3286 κακός,
813 3205 884 3290 μήτε
903 3204 1020 3282 άδικος,
1052 3207 1134 3279 ἰδίως
1155 3229 1186 3270 τε
1204 3208 1322 3287 λεχθείη
1345 3203 1385 3270 δν
1405 3212 1451 3272 δί-

288 3337 387 3390 καιος,
409 3317 462 3392 τῆς
476 3307 538 3374 κατ’
553 3305 643 3374 αιἰιδν
658 3307 851 3393 δικαιοσύνης
867 3307 910 3373 ἀν
923 3305 1104 3393 βραβευτής,
1126 3308 1272 3373 καλέεται
1287 3307 1342 3390 μέν
1355 3335 1452 3374 κατα-

288 3415 436 3498 δεέστερος
452 3419 505 3478 τοῦ
524 3415 632 3478 τελείου
648 3419 724 3478 θεοῦ
741 3415 790 3476 καί
809 3418 861 3494 τῆς
876 3413 989 3477 ἐκείνου
1007 3407 1196 3493 δικαιοσύνης
1212 3408 1339 3476 ἐλάττων
1352 3403 1451 3490 οὗτος

288 3512 408 3596 όθεός,
438 3515 489 3581 άτε
505 3513 543 3599 δὴ
557 3517 610 3581 καί
625 3513 763 3600 γεννητός
782 3511 839 3592 τόν,
869 3515 920 3578 καὶ
937 3510 992 3578 οάιι
1007 3509 1172 3597 ἀχέννητος.
1218 3510 1276 3588 Εἰς
1291 3511 1348 3598 γάρ
1365 3515 1450 3582 ἐστιν

166 3653 217 3698 ηις.
230 3641 276 3687 τεο.
290 3615 449 3702 ἀγέννητος
463 3614 482 3684 ό
494 3615 602 3702 πατὴρ,
624 3619 655 3695 ἐξ
671 3609 708 3682 οὗ
722 3615 759 3681 τά
772 3615 869 3682 πάντα
882 3618 975 3694 ἰδίως,
996 3621 1055 3680 τοῖν
1069 3613 1190 3680 πάντων
1204 3613 1378 3700 ἠρτημένων
1392 3615 1450 3684 ἀπ’

290 3716 392 3785 αότοῦ.
437 3726 558 3800 Μείζων
579 3722 611 3786 δέ
631 3722 682 3786 καί
704 3717 879 3804 κοριάτερος
899 3726 953 3786 τοῦ
975 3716 1176 3800 ἀντικειμένου
1198 3716 1362 3802 γενήσεται,
1397 3725 1455 3788 καί

292 3823 391 3906 έτέρας
407 3820 508 3898 οῦσίας
525 3847 555 3888 τε
572 3825 623 3890 καὶ
640 3821 758 3902 φόσετος
775 3821 918 3900 πεφνιιοίς
935 3820 1017 3906 παρά
1033 3820 1087 3903 τὴν
1102 3821 1250 3904 ἑκατέρων
1265 3818 1381 3886 τοῦτον
1397 3823 1453 3889 οῦ-

291 3928 365 3990 σίαν.
415 3930 475 3989 Τοῦ
493 3927 546 4006 μὲν
562 3925 618 4011 γάρ
635 3922 834 4007 ἀντικειμένου
851 3926 929 3990 ἐστίν
945 3921 966 4006 ἡ
982 3913 1074 3990 οόσίά
1085 3923 1191 4008 φθορά
1208 3948 1240 3988 τε
1256 3925 1308 3986 καί
1323 3923 1455 4004 σκότος·

290 4023 392 4102 όλικδς
404 4023 460 4111 γάρ
476 4018 565 4102 οὗτος
577 4028 628 4092 καί
643 4025 854 4110 οπολυσχεδήςὶ
888 4033 948 4092 Τοῦ
962 4027 995 4092 δέ
1009 4023 1122 4110 πατρός
1133 4033 1192 4092 τοῖν
1207 4025 1284 4092 όλων
1296 4031 1351 4091 τοῦ
1363 4023 1455 4114 '⁸7⁸⁹-

295 4129 383 4214 νητου
403 4126 423 4210 ἦ
446 4123 532 4193 οάσία
554 4131 630 4194 ἐστὶν
647 4127 803 4216 ἀφθαρσία
820 4154 850 4195 τε
870 4130 919 4194 καί
940 4137 1007 4209 φοῦς
1025 4125 1121 4194 7αῦτό
1139 4127 1190 4208 όν,
1222 4126 1335 4196 άπλοῦν
1351 4153 1384 4194 τε
1400 4137 1459 4200 καί

329 4357 353 4406 5
375 4357 431 4406 δαί.
447 4357 522 4406 venet.
540 4351 644 4414 Παῦλος
661 4351 747 4435 ἔδειξε.
922 4353 947 4406 3.
965 4355 1145 4406 ἐλειιτίδεοδοοι
1160 4359 1217 4418 φισο
1234 4349 1271 4414 τίς
1287 4351 1409 4418 ἐνδίκως.

332 4423 390 4473 διε.
404 4423 505 4472 v11.-
525 4421 547 4472 l
563 4417 729 4486 τιαροιςδόοαι
746 4427 798 4476 οοδ
810 4426 857 4476 Va·
923 4419 948 4473 ἐ.
965 4418 1226 4508 χαρακτηριαζίμιιος
1242 4425 1292 4473 οοδ.
1308 4423 1384 4474 Υαιιε.
1416 4429 1462 4480 διε

292 4493 330 4542 tic.
363 4487 564 4554 ααρειςδῦσαοαν
584 4493 641 4542 editt·
656 4493 717 4540 λίοτλ
886 4487 1091 4567 χαρακτηριαατιί
1115 4492 1182 4542 habu
1199 4492 1250 4542 εοιλ
1268 4493 1366 4540 Venetus
1387 4495 1461 4546 haer.

326 4557 351 4610 2.
368 4559 546 4612 λλτιαίλιιιιδνοι
559 4565 617 4624 φιλο
633 4557 672 4620 τίς
686 4573 730 4624 μισ
746 4557 777 4612 τί.
887 4563 929 4624 31,
942 4557 1006 4612 ἰείη
1019 4561 1095 4610 vorbi·
1106 4551 1393 4626 οένομάσθησσντέιιια,
1410 4563 1463 4617 καὶ
