3080 5002
358 288 494 340 ransart
512 289 574 340 nm.
587 289 608 339 t.
624 291 707 342 nom.
721 291 763 340 nr.
781 289 878 341 nano.
891 291 969 342 xnv.
1087 273 1103 291 ”
1180 280 1239 341 705

90 420 235 494 tamqnam
250 409 280 473 io
295 407 408 478 alrami
421 409 576 488 construit,
601 408 697 492 ibique
712 410 825 474 semine
840 409 970 473 immisso
988 409 1082 474 foetos
1097 410 1239 489 exolodit,

90 513 142 576 sed
165 513 190 576 si
209 511 273 595 quis
292 511 387 576 viator
406 510 509 574 baculo
527 511 574 574 rel
593 512 673 596 virga
693 513 792 590 tovos,
826 512 866 574 uti
883 511 1028 591 diximus,
1058 513 1240 591 demoliatur,

90 617 193 678 furens
206 614 285 678 illino
301 614 462 698 prorumpit
475 633 545 678 aner
554 613 607 678 ille
623 613 749 698 quidem,
773 615 825 678 sed
840 613 1002 678 imbecilius
1015 614 1131 679 orabro.
1165 613 1242 679 Tum

89 719 219 784 ricinum
239 717 354 801 aliquod
372 737 476 780 saxum
492 717 638 799 liguumve
657 727 761 782 noetus
783 716 827 781 ira
844 727 1022 781 exaestuans
1044 737 1080 782 eo
1103 739 1168 783 uum
1189 720 1244 784 im-

90 832 160 908 petu
178 822 288 899 fertur,
311 841 345 884 ao
361 820 472 882 silicem
490 819 583 882 tundit
596 829 645 884 ant
660 819 782 903 lignum.
829 817 1023 904 Quibuscum
1040 833 1146 886 oooeat
1160 822 1243 902 nibil,

89 942 125 988 ao
145 945 184 988 ne
203 922 310 988 bomini
327 923 461 1006 quidem,
485 922 671 1006 quantumvis
689 933 813 1006 pungat,
840 922 916 986 alind
934 935 1050 1008 praeter
1064 923 1244 990 levissimum

90 1027 222 1090 dolorem
247 1026 371 1102 inierat,
402 1045 506 1088 saxum
532 1045 604 1089 vero
628 1023 697 1088 nibil
719 1024 869 1106 oblaedat,
900 1025 1032 1090 aouleum
1051 1025 1107 1090 sibi
1128 1027 1244 1091 interim

90 1129 222 1204 excutit,
246 1127 343 1210 itaque
360 1125 493 1190 moritur.
540 1121 592 1190 sia
613 1127 662 1190 illa
682 1125 827 1192 simillima
850 1129 953 1215 zopyri
970 1129 1123 1194 crabronis
1144 1129 1246 1194 baere-

89 1234 153 1310 sis,
187 1228 533 1294 levidoloreinllintoin
552 1239 680 1314 petram,
713 1229 767 1294 boo
784 1241 830 1294 est
845 1232 1016 1312 veritatem,
1046 1231 1200 1297 incurrens
1218 1244 1248 1296 et

90 1334 227 1397 anulenm
247 1331 411 1415 intringens
430 1332 612 1396 enecabitor.
658 1330 742 1396 liano
760 1332 850 1418 igitur
864 1344 1102 1418 praetergressus
1122 1335 1159 1400 ad
1175 1336 1247 1399 alias

91 1434 258 1502 orationem
283 1436 448 1511 oonlaram,
482 1445 563 1498 certa
587 1434 632 1498 dei
653 1435 759 1498 fidncia
779 1437 888 1516 fretus,
918 1435 1082 1501 institutum
1104 1457 1151 1501 me
1175 1457 1247 1522 opus

89 1539 127 1602 ad
152 1538 264 1602 exitum
288 1557 355 1601 esse
375 1537 592 1623 perducturum.

257 1965 549 2044 GON'I'RA
601 1963 1088 2060 SEVERIANOS,

326 2111 408 2182 quae
435 2093 486 2160 est
511 2085 659 2160 haeresis
679 2085 808 2182 XXV„
834 2089 888 2163 rel
907 2087 1014 2163 XLV.

183 2240 241 2324 Qui
257 2239 456 2325 superioribus
474 2239 530 2302 illis
546 2236 680 2322 proxime
695 2259 712 2300 a
726 2261 772 2304 me
788 2239 985 2304 subiiciendns
1002 2249 1059 2318 est,
1082 2239 1131 2304 rel
1144 2239 1247 2304 iisdem
1266 2257 1324 2326 cap.
1342 2261 1361 2309 t.

93 2345 276 2429 temporibus
298 2343 390 2422 vixit,
423 2341 471 2406 vel
489 2342 613 2405 salutem
632 2353 678 2406 est
694 2352 791 2406 aetate
810 2363 934 2428 suppara
969 2343 1158 2427 nequeenim
1178 2353 1250 2407 tena-

96 2469 156 2535 pns
171 2449 264 2532 ipsum
284 2457 418 2510 aoonrate
436 2464 665 2508 commemorare
680 2466 811 2530 possum,
835 2445 891 2508 nisi
909 2446 984 2529 qnod
1000 2444 1090 2510 vieini
1105 2443 1161 2508 sibi
1174 2446 1250 2510 iori-

93 2571 163 2616 oem
190 2549 364 2614 extiterunt.
415 2544 500 2630 Quae
527 2569 600 2612 vero
627 2548 857 2613 admemoriam
883 2558 1011 2612 nostram
1038 2559 1248 2633 pervenerunt,

93 2674 183 2739 qnam
206 2651 374 2716 fidelissime
396 2650 584 2734 complentur.

185 2751 320 2819 Severus
341 2753 473 2837 qnidam,
506 2773 522 2816 a
545 2775 601 2837 quo
622 2749 793 2818 severianis
817 2772 922 2816 numen
944 2752 1066 2817 inditum
1089 2763 1152 2834 est,
1186 2766 1252 2840 post

93 2857 235 2944 Apellam
248 2857 329 2922 illnm
347 2856 465 2942 prodiit.
512 2851 604 2920 Cuius
622 2855 693 2920 boen
711 2865 780 2920 sunt
796 2853 900 2919 tabulis
917 2874 952 2921 ao
967 2855 1126 2921 mendaoiis
1142 2859 1252 2920 referto
1363 2879 1370 2902 ·

92 2966 245 3046 dogmata.
289 2957 393 3024 blondi
416 2957 557 3043 originem
579 2954 735 3042 Principiis
758 2958 858 3024 neseio
876 2957 979 3044 quibus
1001 2979 1035 3023 ao
1052 2956 1252 3024 Potestntibns

92 3065 211 3130 tribuit.
256 3061 334 3128 Esse
349 3082 422 3129 varo
440 3071 592 3146 praeterea
610 3081 746 3146 supremo
762 3061 792 3125 in
812 3061 895 3125 ooelo
911 3083 945 3126 ao
963 3061 1080 3142 seoulo,
1105 3060 1180 3145 qnod
1200 3082 1253 3124 no·

92 3167 205 3232 minari
224 3187 281 3230 ooo
301 3174 415 3250 potest,
447 3161 561 3230 Bonum
580 3166 721 3250 quendam
741 3165 838 3228 deuon.
883 3161 1038 3228 Diabolum
1057 3164 1155 3247 magni
1173 3163 1253 3248 prin-

92 3269 171 3356 oipis
187 3269 273 3332 filium
290 3289 368 3346 esse,
394 3265 440 3350 qni
459 3263 657 3332 Potestntibns
673 3267 830 3352 praesidet,
855 3264 937 3330 onitas
952 3285 1057 3330 nomen
1076 3265 1178 3350 partim
1194 3262 1254 3328 lal-

95 3371 243 3448 dabaotb,
277 3369 380 3454 partim
400 3366 530 3432 Sabaoth
549 3370 683 3455 appellat.
730 3368 834 3452 Aquo
851 3369 969 3452 genitos
985 3369 1034 3433 ille
1053 3385 1176 3454 serpens
1194 3367 1253 3452 pri-

94 3497 176 3540 munt
199 3475 266 3550 luit,
297 3472 365 3534 inde
388 3471 423 3532 ab
443 3470 563 3534 eoelesti
584 3469 698 3534 Virtute
717 3470 846 3534 deieotus
868 3469 1025 3536 interram
1050 3489 1084 3534 ao
1103 3469 1250 3554 delapsus,

94 3575 247 3662 serpentis
272 3575 382 3650 torma,
414 3572 540 3636 libidinis
563 3573 686 3636 stimulis
710 3573 838 3657 peroitus
861 3595 926 3636 oum
950 3583 1029 3636 terra
1051 3593 1106 3641 oen
1130 3572 1252 3636 muliere

94 3681 221 3767 quadam
240 3677 320 3741 eoiit.
369 3673 436 3758 Qun
456 3697 495 3738 ex
512 3687 578 3740 satu
594 3675 661 3738 ritis
679 3675 839 3759 pullularit.
884 3673 969 3739 Unda
989 3675 1025 3738 ad
1042 3673 1251 3739 nonniliandam

94 3783 186 3867 nugis
209 3781 272 3845 suis
294 3780 377 3843 fidem
400 3778 536 3842 sinuosos
559 3777 660 3841 vitium
683 3777 776 3841 llexus
799 3799 832 3842 ao
853 3779 1012 3854 rotundos,
1045 3789 1075 3841 et
1092 3775 1254 3843 uniusmodi

92 3884 280 3974 serpentium
302 3883 399 3968 spirae
422 3892 507 3960 snut,
542 3880 691 3965 obliquos,
722 3881 758 3944 ad
780 3880 849 3944 illud
869 3879 1088 3965 signifioandnm
1109 3883 1252 3944 referunt.

93 4075 189 4144 κιανῷ,
206 4077 243 4124 uel
259 4065 377 4124 ’Δπιλλεῐ
391 4067 435 4122 seul
452 4070 592 4136 Λουκιανῷ.
694 4066 794 4134 σπέρμα
808 4083 852 4130 pro
867 4067 911 4120 τοῦ
930 4067 1089 4136 σπέρματος,
1106 4069 1170 4132 quod
1183 4069 1209 4120 ia
1224 4069 1254 4117 tt·

131 4145 160 4196 3.
179 4143 268 4204 Scripsi
287 4135 317 4194 δὲ
332 4153 377 4203 pro
392 4153 435 4200 τε,
462 4139 525 4201 pund
549 4139 575 4188 iu
597 4139 662 4188 libris
695 4137 743 4187 bris
758 4137 864 4186 amabor
880 4141 1002 4199 reperitur.

92 4215 173 4276 ontpo
187 4213 309 4272 reperitur.
728 4201 753 4255 6.
770 4205 949 4258 buamundum
962 4200 1056 4258 uidetur
1067 4201 1097 4258 τὸ
1113 4203 1161 4264 τίς
1174 4197 1255 4271 α’μπέ-

131 4281 160 4334 d.
175 4273 662 4346 dpmlaattmedprionffluomodotoer.
696 4272 738 4325 loo
755 4277 805 4323 ortt.

94 4349 143 4414 51,
160 4345 202 4399 35.
219 4348 289 4396 utum
306 4339 505 4410 puxpoetxettoe.
729 4339 753 4393 7.
772 4336 901 4394 σκαλεινόν
916 4343 1000 4406 lepitor
1016 4345 1041 4394 in
1057 4341 1132 4394 odilla·

132 4417 160 4470 5.
173 4416 292 4466 summata
302 4411 436 4474 postulabat
448 4415 474 4460 ut
488 4410 623 4462 rartbmtur
632 4404 661 4462 rb

154 4493 243 4552 corpm
256 4491 390 4538 flumem
403 4490 431 4536 tt.
1009 4499 1048 4562 45
