3096 4988
380 317 515 369 ιιιιιιιιι
532 317 594 370 ιιι.
609 319 627 369 ι.
645 315 726 371 rou.
740 319 771 370 ιι.
788 317 888 370 usna.
899 319 1001 372 xxxr.
1203 305 1264 369 aaa

109 437 229 524 pellant.
275 433 353 503 Snnt
368 445 465 502 summ
479 433 594 524 Bytlsns
611 457 645 504 sc
661 435 744 524 Siga,
762 449 822 502 tum
837 437 904 502 Nus
920 459 954 502 sc
969 436 1101 505 Veritas.
1138 437 1261 518 Postea,

108 563 173 606 eum
189 540 294 625 quibus
312 540 348 604 de
364 540 477 604 carresis
493 540 649 627 productus
664 551 746 606 esset
759 538 1063 626 Unigena'sensisset,
1083 563 1155 608 mox
1169 543 1264 630 ipsum

107 644 239 708 vicissim
260 639 434 706 Sermonem
454 641 611 728 Vitamque
632 665 829 729 propagasse,
862 665 964 708 eornm
986 665 1059 728 quae
1082 655 1148 730 pest
1168 645 1263 730 ipsum

109 750 206 810 intnra
225 755 326 809 essent
345 745 471 810 omnium
489 757 655 832 parentem,
684 769 721 812 ac
738 745 917 833 Principium
936 759 965 812 et
982 745 1158 812 Pleromatis
1175 747 1263 811 totius

109 847 333 935 expolitionem.
378 845 440 912 lant
457 868 496 912 es
512 845 658 914 Sermone
672 847 800 936 Vitaqne
816 871 869 936 par
885 872 971 916 ustum
987 863 1136 928 exertum,
1161 849 1264 914 Hemi-

108 975 175 1016 nem
196 963 283 1036 etque
303 949 480 1016 Ecclesiam.
527 947 571 1014 lta
594 951 795 1038 primigeniam
817 973 884 1018 esse
901 953 1057 1018 conflatam
1076 950 1262 1038 Ogdoadem,

107 1054 238 1119 emninm
254 1074 352 1118 rernm
370 1054 585 1117 fundamentum
601 1075 637 1118 ao
651 1055 797 1134 redirem,
821 1075 896 1139 qnae
913 1055 1029 1142 quidem
1046 1059 1198 1141 quaternis
1212 1077 1264 1120 no·

112 1158 241 1222 minibus
260 1167 388 1236 ennstat,
412 1153 527 1242 nycte,
551 1155 618 1235 No,
644 1155 808 1237 Sermone,
832 1157 970 1222 Homine.
1016 1156 1175 1243 Quodlibet
1187 1161 1265 1222 eninr

107 1283 162 1347 par
178 1281 290 1326 marem
307 1281 342 1324 ac
358 1260 494 1324 leminem
510 1260 652 1324 eontinet.
697 1262 744 1324 Ae
762 1261 885 1346 primum
902 1281 974 1325 sane
991 1281 1192 1346 summumque
1207 1259 1265 1325 Pa-

107 1374 223 1428 rentem
238 1383 302 1427 cnm
319 1361 443 1430 Ennoea
456 1383 509 1426 ena
525 1362 627 1428 iniisse
645 1361 823 1448 coniugium,
848 1359 1013 1446 Unigenem
1028 1385 1101 1429 vern
1114 1364 1178 1428 sine
1192 1361 1264 1428 Nun

106 1488 173 1530 eum
190 1463 338 1544 Veritate,
363 1463 538 1530 Sermonem
557 1487 622 1530 com
639 1463 727 1546 Vita,
754 1463 908 1529 Hominem
926 1487 990 1530 cnm
1009 1465 1154 1532 Ecclesia.
1191 1463 1265 1528 Post

107 1571 233 1634 Aeones
257 1568 331 1632 istos
352 1566 489 1632 Parentis
511 1569 547 1632 ad
571 1569 660 1633 decns
683 1568 865 1654 gloriamque
888 1569 1021 1652 genitae,
1053 1591 1117 1634 cnm
1141 1569 1177 1632 ad
1200 1566 1264 1631 eins

108 1671 233 1756 gloriam
250 1671 405 1735 refundere
420 1671 525 1756 aliquid
542 1682 694 1758 cuperent,
713 1672 807 1737 ascito
821 1669 876 1736 sibi
889 1673 1026 1757 coningio
1042 1693 1148 1738 norant
1164 1689 1265 1734 snsce-

105 1776 187 1860 pisse
212 1773 355 1838 sobolem.
400 1771 492 1838 Velut
513 1772 689 1839 Sermonem
712 1773 868 1860 Vitamque
889 1786 956 1861 post
978 1773 1136 1840 Hominem
1157 1771 1264 1838 Eccle-

107 1879 242 1961 siamqne
261 1875 394 1960 genitas,
420 1876 519 1940 decem
540 1877 614 1942 alies
630 1878 751 1942 Aeones
768 1879 914 1958 edidisse,
938 1899 1060 1963 quornm
1080 1879 1152 1942 baec
1170 1876 1265 1940 norni-

108 2001 147 2044 ns
175 1979 332 2043 commenti
361 1990 449 2044 sunta
482 1977 641 2066 Bytbinm,
672 1979 864 2060 Mistinnem,
898 1981 1080 2065 Ageratnm,
1115 1979 1262 2052 Henosin,

9 2115 11 2138 ι
106 2081 304 2168 Antbepbye,
337 2079 541 2167 Voluptatem,
576 2079 773 2161 immobilem,
803 2081 985 2169 Syncrasin,
1015 2081 1200 2169 Unigenem,
1233 2091 1264 2144 et

108 2183 286 2250 biaoariam.
332 2183 371 2249 Hi
386 2197 455 2250 sunt
471 2184 593 2250 Aeones
609 2187 722 2266 decem,
746 2206 820 2271 qnos
837 2207 875 2249 ex
892 2183 1036 2250 Sermone
1052 2184 1181 2269 Vitaquo
1196 2205 1264 2270 prn-

108 2291 214 2353 dnctos
229 2298 360 2352 narram.
392 2287 547 2352 Hominem
560 2289 665 2352 deinde
677 2300 707 2352 et
720 2287 884 2353 Ecclesiam
899 2289 1021 2354 Aeones
1036 2285 1097 2351 Xll
1110 2285 1262 2372 genuisse,

109 2393 215 2478 quibus
239 2391 311 2454 baec
332 2391 467 2476 imposita
488 2401 556 2455 snnt
578 2391 712 2455 nomina:
745 2389 933 2470 Paracletus,
965 2387 1071 2469 Fides,
1104 2387 1263 2468 Paternus,

110 2495 208 2582 Spes,
242 2491 418 2572 Maternus,
453 2489 591 2572 Caritas,
624 2495 739 2572 Ainus,
772 2491 987 2579 lntelligentia,
1023 2490 1264 2576 Ecclesiasticus,

107 2595 270 2674 Felicitas,
303 2575 463 2675 Tbelelus,
496 2593 658 2682 Sapientia.
704 2595 742 2660 Hi
764 2607 834 2660 sunt
851 2597 966 2661 illorum
988 2595 1126 2681 opinione
1147 2593 1265 2660 conbcti

109 2701 235 2766 Aeones
250 2697 381 2782 triginta,
400 2699 448 2783 qui
465 2699 573 2764 tamdiu
588 2699 617 2762 in
632 2700 749 2763 silentio
766 2710 796 2764 et
808 2699 986 2764 obscuritate
1001 2699 1165 2762 iacuerunt.
1200 2697 1266 2762 Hoc

110 2805 181 2868 illud
201 2800 334 2887 spiritale
353 2821 447 2886 neque
466 2801 644 2887 aspectabile
665 2799 935 2887 Complemnntcm,
967 2801 1042 2886 qnod
1061 2801 1098 2866 ab
1114 2801 1180 2866 istis
1197 2821 1268 2866 con·

109 2905 243 2969 stituitnr
258 2901 399 2966 trifariam
414 2904 598 2968 distributum
611 2906 641 2968 in
655 2901 837 2989 Ogdoadem,
857 2903 1003 2970 llecadem
1020 2915 1053 2968 et
1066 2902 1265 2970 Dedecadem.

108 3007 212 3091 Atque
229 3007 304 3069 banc
321 3005 414 3092 ipsam
432 3026 500 3070 esse
514 3024 649 3072 caussam
666 3018 814 3087 statuunt,
839 3029 892 3072 cur
906 3005 1047 3074 Salvator
1063 3009 1174 3092 (neque
1190 3006 1267 3070 enirn

110 3107 272 3174 Dominum
292 3108 438 3194 appellare
455 3109 572 3192 volunt)
593 3111 722 3174 tricenos
742 3121 819 3174 totos
838 3131 931 3175 anuos
949 3112 1045 3196 palam
1067 3110 1163 3194 egerit
1184 3108 1267 3187 nibil,

109 3224 140 3276 nt
164 3213 223 3276 boe
244 3213 380 3276 Aeonum
407 3213 578 3298 mysterium
601 3212 755 3276 indiceret.
801 3209 970 3296 Quinetiam
994 3212 1024 3275 in
1049 3211 1263 3296 operariorum,
1279 3228 1405 3278 maestae

110 3316 158 3400 qui
183 3314 219 3378 ad
241 3313 330 3378 ritem
353 3315 503 3378 colendam
528 3315 698 3394 mittuntur,
731 3315 868 3400 parabola
882 3312 981 3378 XXX
1005 3314 1124 3378 eusdem
1146 3313 1267 3376 Aeones

111 3417 268 3504 perspicue
287 3417 468 3500 significatos
485 3429 634 3482 asserunt.
680 3416 798 3481 Etenim
821 3418 869 3481 alii
889 3417 1008 3481 circiter
1024 3417 1125 3480 boram
1146 3415 1266 3501 primane

110 3521 296 3596 missisunt,
319 3519 368 3582 alii
388 3519 521 3598 tertiam,
545 3531 660 3585 sexum
676 3507 753 3600 ιιΙίἰ,ο
766 3541 800 3585 ae
819 3541 936 3598 nonam,
961 3541 994 3584 nc
1014 3529 1161 3604 postremo
1177 3517 1268 3582 uude·

111 3623 229 3686 cimam.
275 3617 362 3704 Quae
377 3643 480 3687 ornnes
496 3621 527 3686 in
544 3644 611 3687 sese
625 3623 768 3687 cnrtflatae
785 3620 991 3688 Tricenarium
1005 3621 1143 3685 efficiunt.
1189 3617 1267 3684 Nam
1389 3685 1391 3692 .

110 3747 170 3790 nna
188 3735 220 3788 et
236 3735 298 3788 tres
317 3735 347 3788 et
363 3745 419 3788 sex
436 3746 471 3788 ac
491 3747 596 3790 norem
616 3746 681 3790 eum
698 3726 831 3789 undecim
848 3727 968 3810 triginta
990 3723 1147 3810 complent.
1193 3721 1268 3808 Qui-

111 3829 166 3892 bns
182 3827 264 3891 boris
278 3827 397 3891 totidem
414 3827 535 3892 Aeones
550 3829 672 3892 indicari
687 3838 824 3893 censent:
844 3848 936 3913 eaque
951 3829 1066 3892 demum
1080 3847 1147 3891 esse
1162 3847 1267 3911 magna

111 3931 158 3994 illa
182 3941 212 3993 et
235 3929 404 3994 admiranda
428 3951 591 4016 arcanaque
615 3932 775 4017 mysteria,
810 3951 895 4016 quem
919 3951 1004 3996 suurn
1026 3929 1116 3996 ueluti
1141 3931 1267 3994 lrnctnm

111 4035 281 4118 proferunt,
312 4054 346 4096 an
369 4032 395 4096 si
417 4033 484 4116 quid
508 4034 584 4096 aliud
607 4034 750 4119 estquod
772 4035 802 4098 in
821 4033 915 4098 saenis
933 4033 1026 4098 literis
1047 4045 1128 4098 certo
1145 4051 1268 4097 numero

112 4135 354 4223 comprehensum
384 4136 420 4198 ad
448 4136 557 4200 iutilem
587 4136 871 4221 commentitiamque
902 4137 1025 4202 fabulam
1055 4135 1267 4201 accommodari

112 4242 216 4326 possit.

148 4377 189 4429 11.
205 4374 251 4429 arel
264 4391 310 4427 non
324 4378 392 4427 belm
404 4377 455 4428 cod.
466 4377 520 4426 Ven.
542 4379 588 4428 Nec
601 4391 674 4441 apae·
744 4377 783 4432 ta.
800 4380 850 4445 τῆς
866 4381 902 4429 ed.
916 4381 991 4442 princ.
1009 4383 1030 4428 et
1044 4379 1096 4429 cod.
1111 4377 1166 4440 flrp.
1178 4377 1235 4427 Por.

113 4449 156 4498 scil
171 4451 217 4496 cet.
234 4447 323 4495 bennae·
340 4445 464 4508 interpres.
744 4443 783 4498 tt.
801 4441 815 4500 ὅ
834 4445 878 4514 μὲι
896 4450 947 4498 cod.
966 4449 1019 4496 Vra.

148 4513 189 4566 ta.
206 4512 251 4565 sal
265 4513 423 4563 inducendum
435 4517 537 4566 arbitror
551 4515 580 4566 de
594 4520 674 4566 eumo-
744 4515 783 4567 15.
801 4509 815 4568 ὁ
834 4513 864 4571 δὲ
880 4517 932 4567 eod.
950 4517 1004 4566 Vra.

113 4585 182 4634 ruste
202 4585 249 4632 Vel.
265 4583 355 4633 resset
368 4583 465 4644 rmrrpr
