3106 4990
325 303 460 356 rauaan
477 303 541 356 nra.
555 305 576 356 r.
592 302 674 356 rou.
688 303 731 354 nr.
748 302 849 359 naen.
861 300 998 356 xxxrrr.
1178 295 1235 360 501

79 428 199 491 intimus
214 437 261 491 εει
277 423 457 503 laidabaoth,
482 443 566 509 quem
582 445 621 488 ex
640 421 836 487 imbecillitate
852 424 1075 512 ignorantiaque
1091 447 1162 492 auce
1180 449 1241 492 ma·

81 531 137 593 tria
154 540 290 594 exortum
308 529 456 604 referunt3
477 527 531 590 hoc
546 537 592 590 est
605 527 682 590 iliius
698 547 852 611 supremae
867 549 951 611 quarn
967 526 1124 593 Prunicum
1142 531 1240 616 appel·

78 633 155 696 lant.
203 631 286 695 Hanc
306 630 383 694 enirn
403 630 568 694 narrantia
588 650 679 714 aquas
697 629 843 714 delapsam
859 629 952 714 iisque
970 631 1150 695 commistam
1168 653 1239 697 evo-

79 735 145 798 lare
167 733 285 798 minicae
308 734 457 818 potuisse,
490 732 565 816 quod
586 732 725 796 materiae
745 732 890 816 gravitate
909 744 988 796 essct
1008 734 1162 819 implicitc3
1193 737 1240 800 cui

78 838 197 921 quidem
217 837 336 921 perinde
355 847 387 899 ut
406 837 489 920 aquis
507 835 616 899 inserta
635 835 774 898 recedere
794 833 870 898 ultra
888 835 1064 919 nequiverit.
1109 837 1155 900 Αε
1174 857 1239 902 cuna

76 959 114 1002 ae
133 939 278 1002 violenter
296 939 414 1002 efferret
431 949 518 1022 atque
536 938 724 1001 extendendo
742 938 903 1014 niteretur,
934 940 1046 1002 coetum
1063 939 1131 1002 iliud
1153 961 1240 1025 supc-

77 1042 144 1106 rios
164 1041 298 1106 effectum
317 1054 374 1106 est.
420 1038 487 1126 ipsa
507 1061 579 1104 vero
597 1039 645 1103 nbi
662 1040 758 1104 defixa
775 1040 866 1104 semei
885 1051 946 1119 est,
980 1041 1073 1105 haesit
1087 1041 1117 1104 io
1136 1045 1239 1107 ecdem

76 1157 180 1224 stetu,
211 1165 305 1230 neque
322 1155 372 1206 aut
389 1144 482 1206 attolli
501 1163 616 1207 sursum
633 1153 684 1206 ant
700 1143 835 1206 deorsum
854 1144 1034 1207 descendere
1054 1143 1161 1229 potuit,
1187 1147 1239 1209 sed

76 1249 110 1310 in
133 1247 229 1310 medio
245 1246 402 1310 immobilis
420 1256 599 1330 extentaque
611 1246 788 1330 germensit.
833 1243 903 1308 Non
925 1246 1001 1310 enirn
1020 1247 1188 1311 inferiorem
1208 1249 1238 1312 in

76 1351 176 1414 iocum
197 1361 351 1434 vergeret,
376 1370 432 1434 quo
452 1368 517 1412 cum
535 1347 563 1410 ci
580 1349 665 1411 affirue
681 1347 751 1410 nihii
768 1359 863 1427 essc13
895 1369 1009 1412 sursum
1029 1359 1124 1413 autem
1144 1371 1239 1415 emer-

76 1474 153 1538 gere
176 1475 234 1516 aon
258 1462 390 1538 poteret,
423 1473 488 1514 curn
510 1471 574 1514 earn
598 1451 717 1513 materia
740 1450 787 1513 iiia
811 1450 857 1512 cui
878 1471 912 1513 sc
937 1451 1113 1517 adiunxerat
1134 1465 1238 1540 arrupte

77 1556 212 1642 pondere
234 1565 384 1640 gravaret.
432 1551 526 1638 igitur
548 1574 588 1616 ex
611 1552 695 1616 huius
712 1551 875 1636 ignorantia
897 1553 992 1617 editus
1011 1553 1179 1619 laidabaotir
1202 1557 1238 1621 cd

76 1658 180 1722 intima
196 1657 338 1737 subsidit,
363 1669 533 1743 septemque
550 1655 605 1720 sibi
621 1654 730 1720 liberos
747 1657 865 1738 genuit,
891 1657 938 1739 qui
956 1658 1075 1720 totidem
1093 1659 1239 1723 coelestes

77 1761 170 1824 orbes
188 1761 391 1826 condiderunt.
437 1760 479 1823 At
500 1759 548 1822 ilie
567 1777 642 1843 quae
662 1778 749 1844 supra
769 1779 801 1821 sc
822 1769 907 1822 erant
925 1759 1090 1823 interclusit
1105 1781 1238 1826 suorum·

77 1883 136 1948 que
155 1861 304 1927 subtranit
322 1864 433 1942 oculis,
468 1883 503 1926 ne
525 1872 636 1947 septem
655 1861 695 1925 ilii
715 1883 789 1946 quos
804 1871 975 1946 susceperat
993 1863 1143 1947 quicquam
1162 1865 1238 1952 quod

76 1987 112 2029 se
137 1965 201 2050 ipsc
225 1966 359 2052 superius
382 1976 462 2030 esset
484 1975 602 2051 praeter
625 1985 657 2028 εε
677 1985 764 2028 unum
785 1974 992 2048 agnoscerent.
1037 1965 1124 2030 Hunc
1142 1965 1238 2031 icida·

76 2069 168 2132 beotia
190 2066 363 2132 iudaeorum
388 2089 455 2132 esse
480 2070 564 2131 deum
588 2078 733 2130 asserunt.
780 2065 866 2149 Quod
893 2067 1022 2131 absitut
1045 2089 1237 2134 essenorum

77 2181 228 2256 putemus.
273 2169 336 2235 imo
356 2171 405 2235 ilie
423 2173 485 2258 ipse
503 2182 549 2234 est
566 2191 582 2234 a
600 2190 656 2254 quc
674 2170 816 2233 iudicandi
831 2180 915 2247 eunt,
949 2171 1132 2256 omnipotens
1151 2173 1235 2253 deus,

78 2271 269 2354 ludaeorum,
286 2273 416 2358 inquam,
435 2285 467 2338 ut
481 2284 512 2337 et
523 2269 772 2351 Christianorum,
789 2275 918 2357 adeoque
932 2274 1094 2336 communis
1107 2276 1236 2338 omnium

76 2378 171 2455 deus,
196 2397 254 2440 non
270 2377 318 2440 ilie
335 2376 515 2462 nescioquis
531 2397 570 2440 ex
587 2375 791 2441 commentitiis
809 2375 931 2440 istorum
949 2375 1033 2461 nugis
1049 2378 1235 2462 depromptus

78 2477 262 2544 laidabaoth.
308 2477 353 2542 De
376 2501 433 2564 quc
456 2479 496 2543 ita
520 2499 642 2542 narrare
665 2489 800 2564 pergunt.

167 2579 261 2662 Cum,
298 2593 329 2646 ut
351 2582 457 2645 dictum
483 2593 547 2660 εει,
581 2579 778 2644 iaidabaotiris
801 2580 957 2646 calliditate
980 2583 1075 2646 aditus
1098 2593 1177 2646 εεεει
1200 2583 1235 2648 ad
1255 2596 1314 2666 cnp.
1329 2598 1370 2649 tv.

76 2687 235 2771 superiora
253 2686 442 2770 praeclusus,
473 2695 584 2770 septem
604 2683 644 2746 ilii
664 2684 699 2747 ab
721 2703 757 2746 co
775 2685 864 2768 geniti
884 2684 986 2764 liberi,
1018 2685 1081 2749 sive
1100 2685 1234 2768 Aeones,

76 2790 145 2854 sire
160 2789 211 2866 dii,
236 2788 299 2853 sire
316 2789 430 2852 demum
446 2788 555 2872 angeli,
576 2787 692 2849 diversa
709 2787 785 2849 euim
802 2787 837 2849 ab
853 2787 910 2850 iliis
927 2789 1043 2852 concina
1057 2787 1234 2869 tribuuntur,

76 2893 113 2954 ad
131 2891 262 2976 parentis
276 2892 320 2954 sui
336 2889 533 2956 laidabaothis
547 2888 700 2973 imaginem
715 2889 859 2953 hominem
875 2891 1052 2976 producunt3
1078 2913 1115 2955 ne
1130 2893 1157 2956 id
1174 2893 1237 2978 qui·

77 2996 146 3057 dem
163 2995 249 3057 iaciic
264 2995 312 3059 νει
327 2994 475 3073 celeriter,
493 2993 544 3056 sed
561 2993 595 3055 ad
611 2992 733 3055 eundem
751 2993 865 3058 modum
881 3015 937 3079 quo
952 2995 1091 3057 haereses
1106 2995 1235 3079 reliquae

76 3096 269 3160 stolidissime
295 3097 454 3161 tinxerunt.
502 3092 553 3160 Sic
578 3094 654 3160 enim
679 3097 880 3181 pronuntiant:
915 3095 1070 3160 Hominem
1094 3095 1234 3181 principio

77 3199 191 3262 vermis
207 3199 301 3263 instar
317 3199 395 3262 humi
409 3207 571 3284 reptantem
589 3219 704 3262 sursum
722 3200 795 3282 erigi
813 3210 860 3262 ant
876 3200 967 3262 attotti
989 3199 1143 3284 nequisse,
1167 3217 1235 3260 coe-

76 3303 183 3364 testem
202 3299 462 3378 detentationem,
486 3321 559 3384 quae
577 3311 606 3363 ει
623 3299 768 3364 Prunieus
784 3301 956 3386 appellatur,
981 3302 1123 3365 adversus
1141 3297 1234 3363 dalda-

76 3403 167 3466 baoth
185 3403 244 3466 tale
260 3404 326 3488 quid
344 3423 410 3468 esse
425 3403 634 3480 machinatam,
659 3413 690 3464 ut
707 3403 734 3464 ci
751 3403 808 3465 vim
826 3403 903 3468 iilam
921 3423 1004 3488 qnam
1020 3403 1111 3466 eidem
1128 3403 1234 3487 imper-

78 3505 186 3584 tierat,
214 3507 361 3584 auferret,
393 3507 515 3590 ideoque
532 3505 561 3568 in
580 3505 742 3582 hominem,
774 3526 859 3588 quem
876 3505 954 3570 iiiios
972 3505 1055 3568 tiberi
1075 3505 1233 3582 finxerant,

76 3610 138 3672 vim
154 3608 246 3693 ipsius
262 3607 478 3685 transtuddere,
501 3627 535 3670 ac
550 3606 703 3672 scintillam
721 3609 877 3693 quandam,
900 3608 955 3672 hoc
969 3617 1016 3671 εει
1029 3608 1165 3688 unimam,
1190 3607 1236 3672 in·

77 3712 203 3774 tundere
223 3709 362 3774 voluisse.
408 3710 511 3789 Tunc,
535 3708 681 3794 inquiunt,
706 3711 825 3794 pedibus
843 3712 904 3776 suis
921 3711 1006 3775 homo
1025 3711 1166 3790 constitit,
1191 3723 1235 3775 at-

76 3835 134 3899 quc
150 3824 219 3877 octo
234 3813 378 3877 coelestes
394 3813 482 3878 orbes
497 3813 674 3897 cogitatione
689 3815 898 3878 transcendens
914 3811 1029 3878 Patrem
1043 3815 1123 3879 iilum
1139 3811 1234 3880 ladal·

75 3917 185 3980 haothe
201 3916 383 4000 superiorem
401 3915 522 4000 agnovit
538 3937 572 3979 ac
589 3915 721 3980 laudibus
738 3916 855 3980 extulit.
900 3917 943 3980 Αι
960 3915 1128 3982 iadaliracth
1145 3939 1234 4002 aegre

77 4022 181 4084 terens
204 4039 335 4102 eaquae
359 4040 447 4105 supra
472 4039 505 4082 se
530 4029 615 4082 crant
637 4019 806 4104 cuiusquam
832 4021 866 4083 ad
892 4020 1022 4085 notitiam
1048 4021 1231 4108 pervenisse,

76 4121 222 4187 stomachi
248 4121 350 4206 planus
377 4123 412 4185 ad
442 4120 581 4186 materiae
607 4122 717 4185 faecem
742 4123 858 4186 demisit
882 4124 1007 4202 ocuicc‚·
1033 4134 1062 4186 et
1086 4121 1233 4188 Virtutem

77 4225 224 4309 quandam
243 4225 389 4310 serpentis
407 4225 506 4311 specie
526 4225 644 4310 genuit,
677 4245 761 4309 quem
781 4226 843 4289 cius
862 4223 969 4290 Filium
989 4237 1112 4306 vocant,
1143 4227 1234 4292 idem-

112 4413 172 4465 Cae.
189 4413 231 4464 tv.
255 4441 290 4453 -·
318 4413 340 4464 ι.
358 4411 519 4480 διανοουμένη
543 4416 642 4465 rratttutt
707 4413 732 4464 2.
751 4417 825 4466 Verbo
839 4413 893 4468 Και
909 4414 967 4470 τότε
982 4411 996 4469 d
1009 4409 1173 4484 'Inscende
1189 4419 1234 4468 Pe·

75 4485 189 4532 Petuntur
209 4497 255 4544 pro
274 4495 301 4533 rc
321 4485 384 4546 quod
400 4487 471 4548 uutqo
486 4486 570 4546 teuitm
586 4485 639 4537 δια·
673 4487 751 4534 tuctur
764 4487 870 4548 nmmum
886 4487 1015 4536 adteritur
1028 4486 1079 4537 cod.
1097 4488 1216 4540 i'ctt'cunc.

75 4549 212 4618 munnae
