3080 5002
360 298 496 354 Pensm
513 299 576 352 lolli.
590 301 610 354 l.
625 299 707 354 Tott.
720 299 765 352 lll.
781 297 881 352 neta.
895 299 976 351 XLll.
1187 291 1248 354 665

92 420 145 484 illo
163 431 295 506 tempure
312 420 450 506 deiueeps
469 420 573 485 mulier
590 419 689 484 diuino
708 419 843 484 mandato
860 419 926 483 uiro
942 419 1074 484 subiecta
1094 441 1162 486 esse
1181 442 1250 484 coe-

94 523 189 608 perit,
223 535 252 587 et
273 521 933 610 idseentosupustolnseandemsubiecerit,
965 522 1077 586 necilli
1094 523 1167 603 deo,
1199 524 1248 608 qui

93 627 191 691 uirum
213 626 408 710 feminamque
437 625 565 690 condidit
589 625 766 689 eontrarium
790 625 905 709 quidam
927 625 1128 710 praeceperit,
1164 627 1249 712 plane

94 729 172 794 istud
190 731 315 808 iudicat,
340 728 469 793 eiusdem
487 727 584 792 sedai
603 727 766 812 apostolom
784 747 818 791 ao
835 727 1032 812 legislatorem
1048 746 1132 806 esse,
1157 749 1248 812 aquo

93 833 147 896 lex
161 831 224 918 ipsa
237 843 380 916 uetusque
396 843 440 896 est
455 842 659 895 testamentum
673 850 759 894 omne
773 830 947 910 derivatum,
965 831 1011 894 cui
1025 851 1132 894 novum
1148 831 1246 910 etiam,

93 935 227 1019 adeoque
248 945 399 1020 utromque
425 944 631 998 testamentum
655 932 741 996 tribui
767 943 916 1018 oporteat,
949 934 1024 1017 qued
1047 932 1199 996 mulierem
1217 943 1250 996 ut

94 1037 178 1117 olim,
202 1037 242 1100 ita
257 1048 288 1101 et
301 1059 390 1116 noue,
412 1037 449 1100 ob
464 1038 539 1122 pieur
554 1049 640 1121 atque
655 1034 836 1119 aequabilem
855 1035 1085 1100 moderationem
1101 1035 1165 1098 viru
1180 1034 1250 1099 uob-

94 1141 185 1204 ditam
208 1161 276 1204 esse
299 1139 466 1226 praecipiat.

182 1240 283 1308 Selrol.
301 1241 378 1308 XVl
401 1253 432 1306 et
447 1239 569 1306 XXIV.
604 1239 651 1305 lle
671 1239 890 1304 resurrectione
912 1251 1110 1304 mortuorum:
1143 1244 1249 1304 Notum
1263 1257 1400 1312 nouerat.

92 1359 186 1408 uatem
201 1348 382 1430 oodtbsncr'o,
404 1347 529 1426 frenes,
553 1346 743 1424 coangelum,
768 1348 843 1425 qnod
851 1347 1018 1424 pruedt'ouoi
1030 1345 1118 1406 colb.
1160 1341 1247 1423 ltem,

93 1455 133 1512 Si
147 1453 278 1512 Cln'etns
292 1470 347 1512 nou
362 1453 537 1522 reemrem‘t,
572 1451 664 1510 enuntio
681 1459 734 1509 ete.
782 1451 832 1510 Sic
844 1452 1056 1528 medicemur,
1088 1451 1173 1509 etst'c
1189 1469 1250 1508 ere·
1367 1475 1372 1490 ι

92 1557 224 1614 dudulim
259 1557 393 1632 Quonim
412 1555 542 1614 Clrubtm
559 1563 686 1612 mortuus
700 1562 787 1613 estet
800 1553 942 1630 sepultus,
973 1562 1003 1612 et
1016 1555 1179 1612 resumat?
1192 1561 1249 1612 ter-

93 1661 136 1717 tic
157 1660 212 1717 dte.
260 1659 328 1717 Cum
350 1667 442 1717 cutem
465 1655 583 1715 mortale
606 1656 658 1714 loe
680 1656 806 1714 studuerit
824 1656 1077 1728 immortalitatem,
1112 1665 1179 1715 tuuc
1191 1655 1252 1734 fiet

92 1781 204 1832 sermo,
228 1763 281 1839 qui
297 1763 422 1839 emr'ptm
443 1767 501 1818 est:
525 1758 671 1836 Adsurptc
692 1767 830 1816 mturare
851 1761 880 1817 in
902 1759 1030 1818 cremetis.

180 1859 283 1924 llelttl.
300 1857 376 1923 XVl
393 1870 422 1923 et
438 1855 560 1922 XXIV.
595 1862 700 1920 Nouem
715 1869 806 1920 uatem
820 1859 897 1920 nolis
905 1861 1001 1939 secto,
1023 1862 1142 1940 frutus,
1166 1881 1249 1921 wun-

89 1967 217 2046 gelicm,
240 1967 315 2045 quud
327 1967 495 2044 praedicavi
508 1964 594 2024 colb.
642 1957 676 2026 Si
693 1959 847 2044 aliquando
865 1961 1059 2044 praedicavit,
1083 1973 1113 2025 et
1127 1961 1249 2047 idipsum

92 2077 196 2130 uotum
214 2067 295 2144 lauit,
320 2065 428 2128 nullom
446 2065 561 2129 aliunde
577 2063 739 2127 derivatum
756 2063 939 2147 evangelium
955 2075 1013 2141 est,
1037 2063 1131 2128 aliaue
1149 2063 1250 2147 cogni-

94 2169 136 2232 tio
161 2178 278 2253 praeter
294 2187 380 2230 urnam
399 2167 496 2246 illum,
530 2186 674 2250 auumque
691 2165 778 2244 illud,
809 2166 885 2249 qnod
901 2165 931 2228 in
948 2176 1072 2250 quatuor
1088 2167 1250 2250 evangeliis

93 2281 131 2334 et
149 2269 289 2355 apostolis
312 2269 447 2333 omnibus
472 2269 588 2332 cuicum
612 2278 667 2332 ast.
718 2265 769 2334 Ex
791 2287 848 2352 quo
871 2265 987 2330 Marcio
1010 2268 1169 2347 refellitur,
1201 2269 1249 2353 qui

92 2383 178 2437 tuoto
200 2371 354 2436 interuallo
377 2371 536 2456 prodierit3
569 2370 703 2434 nimirum
729 2382 795 2455 post
818 2370 936 2434 Auioeti
957 2369 1084 2434 Romani
1107 2371 1251 2456 pontilicis

92 2487 230 2560 tempos,
263 2473 311 2558 qni
335 2473 371 2536 ab
389 2474 587 2559 apostolorum
608 2469 688 2536 Petri
711 2493 745 2536 ae
763 2469 847 2536 Pauli
871 2472 1008 2558 passione
1030 2494 1123 2538 uoous
1148 2473 1250 2537 ordine

93 2588 278 2642 numeratur.
326 2572 473 2659 Quocirca
496 2587 528 2640 ut
550 2595 604 2638 nos
625 2574 701 2639 idem
721 2575 919 2661 praemuniret
938 2577 1104 2661 apostolus,
1135 2576 1247 2640 aiebat:

91 2685 221 2744 Eubmai
235 2703 302 2754 uos,
333 2691 387 2742 out
400 2683 519 2760 augelus
535 2681 777 2759 evangelizaverit
790 2680 867 2740 nodab
880 2689 996 2759 praeter
1012 2699 1094 2759 quum
1111 2684 1187 2761 qaod
1202 2702 1249 2742 uc·
1264 2697 1316 2741 (tet.
1331 2697 1349 2752 t,
1362 2697 1382 2741 s.

92 2787 223 2864 repositi,
248 2785 395 2844 cnctlemc
412 2787 460 2843 eit.
507 2779 607 2846 Sancti
624 2781 729 2868 quippe
746 2779 867 2865 spiritus
884 2779 1022 2844 iustiuolo
1039 2792 1164 2846 noverat
1179 2803 1250 2846 veu-

92 2899 192 2949 tnrum
217 2885 371 2969 aliqnando
400 2905 465 2948 oum
490 2885 638 2968 discipulis
659 2881 860 2960 Marcionem,
892 2882 941 2966 qai
967 2884 1088 2969 egregie
1111 2883 1249 2948 monitam

90 2987 175 3051 uiam
201 2986 364 3052 niterentur
388 2996 569 3073 pervertere.
617 2982 718 3069 Quare
740 3007 798 3050 nou
822 2986 927 3049 iterum
952 2984 1043 3050 dixit:
1075 2991 1250 3066 lieougelizo

91 3093 189 3164 vote,
223 3091 292 3168 sed,
325 3093 430 3152 Notum
452 3091 529 3150 oole's
541 3091 626 3172 ficeto
647 3093 836 3169 euangelium,
871 3109 929 3152 nou
951 3088 1028 3152 aliud
1046 3088 1250 3171 abeuntique

91 3191 173 3278 quod
189 3193 244 3255 iam
261 3191 427 3278 praedicavi
444 3191 528 3256 vobis
543 3213 577 3254 ac
595 3193 690 3255 denuo
704 3190 788 3254 vobis
802 3192 833 3254 io
849 3190 1020 3254 mercurium
1036 3211 1155 3256 revoco.
1191 3193 1250 3252 No-

95 3309 155 3357 turn
180 3297 257 3356 nolui
271 3296 355 3378 saucio
377 3317 496 3376 quonum
519 3299 629 3356 mulene
652 3296 902 3372 evangetremmn
928 3295 1021 3367 nodab,
1054 3299 1084 3354 si
1103 3298 1248 3369 monetes,-

91 3399 366 3479 mbr'sortefrnetro
378 3401 547 3460 credidistis.
586 3393 654 3458 Nisi
671 3393 747 3456 enim
762 3393 895 3458 retinetis
911 3395 1149 3478 quemadmodum
1167 3417 1250 3480 prae-

92 3499 192 3562 dicavi
209 3498 310 3578 vobis,
335 3499 399 3562 sine
417 3500 465 3562 illo
481 3500 589 3562 frustra
606 3494 782 3560 credidistis.
828 3494 894 3560 lloc
911 3497 988 3560 enim
1006 3497 1136 3562 nuntiavi
1154 3499 1249 3578 vobis,

91 3599 247 3666 Christum
271 3623 322 3686 pro
344 3601 472 3688 peccatis
495 3601 604 3664 nostris
626 3597 785 3663 secundum
808 3598 969 3684 scripturas
987 3600 1095 3664 obiisse
1114 3613 1248 3682 mortem,

91 3725 130 3768 ae
144 3704 306 3769 seeundum
324 3705 441 3768 easdem
461 3703 546 3768 tertia
562 3704 609 3767 die
625 3701 845 3779 msurrexisse,
871 3721 929 3764 uon
949 3704 1108 3766 secundom
1124 3705 1249 3769 fabulam

92 3807 243 3892 aliquam,
266 3808 313 3871 rel
333 3827 432 3871 eorum
452 3805 613 3870 doctrinam
630 3805 733 3889 quiex
749 3823 817 3868 sese
833 3823 908 3887 quae
925 3805 1042 3869 minime
1058 3807 1166 3892 scripta
1183 3817 1251 3872 suot

92 3912 258 3997 proferent.
298 3908 416 3974 Etenim
433 3905 530 3972 ludaei
548 3929 588 3972 ex
603 3927 670 3972 sese
684 3903 835 3971 Christum
848 3908 1018 3972 surrexisse
1032 3921 1152 3992 negant,
1168 3907 1249 3972 Mar-

92 4015 141 4078 oio
159 4033 194 4076 ao
211 4013 301 4075 ceteri
320 4012 440 4098 perinde
457 4031 498 4074 ex
513 3999 695 4094 sese'spacie
712 4020 798 4074 tenus
815 4031 883 4075 esse
899 4033 1029 4096 passum,
1054 4033 1088 4074 ao
1105 4011 1248 4097 sepultum

91 4113 276 4202 praedicant.
313 4113 378 4200 Ego
394 4135 466 4178 vero
482 4135 522 4178 ex
535 4113 743 4199 seripturarum
759 4133 814 4176 vos
830 4113 1003 4177 auctoritato
1020 4114 1171 4178 coudrmo.
1203 4113 1250 4179 Ac

92 4217 220 4283 subinde
236 4217 355 4281 scribite
380 4221 416 4279 Si
427 4221 640 4297 proedt'cnmus,
664 4221 749 4278 etsie
768 4221 944 4279 credidistis:
970 4221 1105 4296 Quantum
1120 4221 1249 4282 Cdrt'eius

93 4333 225 4384 mortuns
243 4333 288 4382 est
302 4333 333 4383 et
347 4322 487 4402 sepultum,
522 4333 551 4381 et
565 4325 727 4383 recurrexit
740 4325 825 4382 teritis
841 4324 896 4382 die.
944 4317 984 4383 Et
999 4320 1085 4404 paulo
1102 4331 1184 4405 post:
1216 4327 1253 4384 Si

92 4491 169 4526 uuaru
193 4483 219 4523 et
242 4473 304 4523 illud
325 4474 350 4524 io
374 4491 423 4542 quo
445 4473 594 4542 colloquitur
610 4493 655 4544 por
721 4469 764 4527 64.
785 4472 908 4528 subticetur
931 4477 985 4525 edit.
1000 4478 1076 4537 prino.
1112 4477 1197 4527 l'illosn
1220 4491 1249 4528 tx

92 4553 203 4614 qmtuor
219 4541 347 4608 euangelia
363 4551 390 4592 et
405 4542 541 4610 apostolos.
688 4547 739 4596 eod.
756 4545 827 4596 Velle.
844 4545 937 4595 ontulit
951 4545 1069 4596 renum
