3078 5012
265 273 325 335 556
689 283 810 338 τοαατι
827 283 996 336 amman
1036 243 1040 249 ’

268 398 314 466 θύ
333 398 489 483 δυνάμεθα
510 399 581 470 άνευ
598 408 652 485 τῆς
666 403 828 488 ἐπιτροπῆς
844 409 898 469 τοῦ
914 406 1013 484 τιμίου
1028 399 1142 486 πατρός
1157 407 1311 470 σευτοθτο
1328 410 1428 486 ποτῆ-

264 523 328 582 σαι,
351 508 403 585 μία
418 503 474 590 γάρ
492 507 569 572 ἐστιν
583 503 604 587 ἦ
618 511 728 582 πίστις,
750 507 799 570 καλ
817 509 869 586 μία
882 502 1023 586 δμόνοια,
1045 507 1097 572 καὶ
1112 503 1149 572 ού
1164 504 1317 587 δυνάμεθα
1331 507 1426 572 ἐναν-

263 613 408 689 τιωθῆναι
424 615 466 695 τῷ
480 614 560 697 καλῷ
576 614 802 694 συλλειτονργῷ,
832 609 921 693 πατρί
935 608 967 672 δέ
982 615 1041 695 σῷ,
1071 605 1202 690 ζηλῶσας
1216 605 1332 686 λοιπόν,
1364 610 1425 674 καὶ

264 711 305 785 τίς
323 718 333 758 ¹
346 711 437 794 μέγαν
452 707 559 796 άρθείς
573 710 674 794 θυμόν
687 712 738 776 καί
754 707 974 797 ὑπερηφανίαν,
997 709 1030 776 τό
1047 716 1151 793 σχίσμα
1165 709 1311 796 ἐργάζεται
1325 707 1342 774 ό
1355 735 1423 776 ται-

265 819 367 891 ούτος,
390 814 485 901 ἑαυτῷ
500 811 554 895 τὴν
570 817 682 900 αίρεσιν
697 812 952 900 προστησάμενος,
981 815 1032 878 καλ
1046 813 1137 878 είποίν
1152 811 1213 891 ὅτι,
1240 809 1312 898 Ἐηῶ
1326 816 1423 896 σχίσοτ

265 912 319 997 τήν
334 918 489 998 ἐκκλησίαν
504 913 604 998 ἡμῶν,
633 919 684 981 καὶ
700 921 781 1000 βαλῶ
797 921 901 1000 σχίσμα
918 918 950 982 έν
965 913 1040 1005 αὐτῇ
1055 919 1097 991 είς
1110 914 1161 982 τδν
1176 919 1280 982 αἰῶνα·
1308 911 1349 992 τίς
1365 913 1424 980 τά·

262 1024 341 1100 ληθίγ
363 1018 415 1100 μλν
438 1022 543 1102 σχίσμα
564 1021 665 1101 ἐβαλεν
687 1018 725 1086 ού
748 1019 870 1104 μικρόν,
903 1017 940 1084 ον’
962 1017 1015 1101 τὴν
1036 1021 1190 1100 ἐκκλησίαν
1211 1023 1321 1101 σχίσας,
1353 1015 1421 1084 ἄλλ’

262 1118 367 1186 ἐαυτδν
387 1124 439 1186 καί
460 1119 531 1197 τούς
552 1119 631 1211 αύτῷ
654 1123 835 1199 πεισθέντας.
1537 1191 1538 1196 1

129 1228 195 1296 Κεφ·
214 1227 245 1296 γ’.
339 1222 448 1307 Ἔλαβε
464 1225 496 1290 δὲ
514 1224 564 1308 τήν
580 1223 733 1311 πρόφασιν
749 1227 782 1292 ἐκ
800 1232 853 1290 τοῦ
872 1226 1085 1310 προειρημένον
1106 1225 1276 1310 Κέρδωνος,
1304 1221 1420 1308 γόητος
1537 1223 1538 1268 1

139 1357 189 1402 τις.
203 1347 247 1392 σοι.
262 1328 312 1391 καί
328 1323 488 1409 άπατηλοῦ.
534 1329 595 1392 Καί
610 1325 700 1404 αύτδς
714 1329 766 1412 μέν
782 1326 837 1414 γάρ
853 1326 907 1392 δύο
924 1326 1059 1412 κηρύττει
1073 1323 1171 1411 άρχάς.
1217 1327 1364 1412 Προςθεές
1382 1328 1422 1392 δέ
1537 1403 1538 1408 ¹

262 1427 349 1493 πάλιν
371 1431 487 1517 ἐκείνῳ,
519 1432 597 1512 φημί
617 1438 658 1518 τῷ
680 1433 828 1513 Κέρδωνι,
860 1428 957 1511 ἕτερόν
978 1456 1006 1494 τι
1019 1427 1096 1513 παρ’
1123 1431 1255 1494 Ιἐκεῖνον
1274 1431 1419 1508 δείκνυσι,
1537 1465 1538 1470 ¹

261 1533 352 1617 λέγων
364 1541 441 1618 τρεῖς
455 1529 530 1599 είναι
543 1531 642 1616 α’ρχάς,
657 1539 726 1615 μίαν
741 1534 793 1616 μέν
807 1531 861 1617 τὴν
877 1530 938 1598 άνω
953 1530 1191 1613 ἀκατονόμαστον
1206 1535 1257 1596 καὶ
1272 1530 1418 1614 άόραταν,

262 1633 302 1716 ἣν
318 1636 367 1698 καί
385 1632 502 1718 α’γαθάν
517 1634 592 1700 θεόν
609 1634 744 1718 βούλεται
758 1638 864 1720 λέγειν,
894 1635 985 1717 μηδέν
1003 1635 1035 1700 δὲ
1052 1641 1112 1700 τῶν
1130 1635 1162 1700 ἐν
1180 1641 1221 1722 τῷ
1236 1632 1337 1722 κόσμῳ
1353 1641 1419 1702 κτί-
1537 1679 1538 1726 l

262 1757 364 1814 σασαν,
386 1733 474 1802 άλλον
487 1740 518 1802 δὲ
533 1734 608 1803 εέναι
620 1736 728 1822 όρατδν
743 1737 824 1816 θεάν,
848 1740 922 1803 λκαλ
940 1736 1058 1819 κτιστύν
1073 1739 1122 1803 καί
1136 1735 1325 1822 δημιουργόν,
1348 1737 1417 1802 διά-

262 1843 353 1922 βολον
369 1841 401 1906 δέ
416 1844 528 1923 τρίτον,
551 1837 593 1916 ῶς
609 1843 715 1918 εἰπεῖν,
738 1843 790 1905 καί
804 1843 893 1922 μέσον
906 1847 965 1904 τῶν
978 1839 1033 1906 δύο
1046 1836 1169 1916 τούτων,
1192 1845 1245 1904 τοῦ
1260 1863 1289 1904 τε
1302 1835 1420 1925 όρατοΐι
1537 1909 1538 1916 ,

262 1943 379 2007 καὶτοῦ
395 1941 538 2025 άοράτου·
562 1942 613 2010 τόν
628 1944 659 2008 δέ
672 1942 792 2025 κτιστην
805 1945 857 2008 καί
870 1942 1051 2028 δημιουργόν
1063 1944 1115 2006 καὶ
1130 1939 1239 2025 ὁρατόν
1251 1940 1323 2006 θεάν
1337 1939 1419 2009 εἶναι
1537 2017 1538 2020 ρ

261 2051 320 2110 τῶν
339 2041 505 2123 Ἰουδαίων,
536 2043 611 2111 εἶναι
632 2048 663 2110 δὲ
686 2044 777 2112 αύτδν
795 2046 907 2129 κριτήν.
953 2043 1030 2131 Παρ’
1049 2043 1128 2132 αύτῷ
1148 2046 1179 2110 δὲ
1198 2050 1237 2132 τῷ
1254 2049 1418 2130 Μαρκίανι
1537 2085 1538 2144 ρ

261 2149 310 2212 καί
329 2153 477 2231 παρθενία
493 2147 677 2231 κηρύσσεται.
723 2154 870 2232 Νηστείαν
892 2150 924 2214 δέ
949 2151 1021 2212 8καί
1043 2147 1076 2212 τό
1099 2145 1249 2230 σάββατον
1267 2145 1416 2231 κηρύττει.

261 2249 421 2336 Μυστήρια
444 2251 476 2316 δέ
494 2255 587 2334 δι’γθεν
604 2250 672 2335 παρ’
691 2250 770 2340 αύτῷ
788 2255 973 2324 ἐπιτελεῖται,
1004 2258 1064 2316 τῶν
1079 2251 1303 2332 κατηχονμένοιν
1320 2247 1415 2336 δρῶν-

261 2351 327 2419 τωνζ
361 2353 467 2418 Ὕδατι
484 2355 516 2418 δέ
530 2346 618 2430 οὗτος
634 2357 666 2420 ἐν
681 2362 742 2429 τοῖς
755 2359 926 2438 μυστηρίοις
940 2361 1049 2436 χρῆται.
1099 2351 1138 2416 Τό
1154 2353 1186 2416 δὲ
1201 2351 1351 2434 σάββατον
1364 2379 1414 2435 νη-

260 2455 354 2522 στεύει
375 2456 424 2521 διά
441 2457 579 2539 τοιαύτην
599 2460 708 2522 αἰτίαν·
737 2454 871 2541 Ἐπειδὴ,
902 2458 992 2539 φησί,
1024 2463 1076 2520 τοῦ
1094 2461 1170 2520 θεοῦ
1187 2461 1247 2520 τῶν
1261 2452 1416 2522 ’ίονδαίια

261 2561 339 2624 ἐστίν
363 2556 567 2640 ἡάνάπαυσις
590 2566 643 2623 τοῦ
665 2559 863 2643 πεποιηκότος
887 2558 938 2625 τόν
958 2562 1086 2640 κόσμον,
1116 2559 1166 2622 καὶ
1189 2559 1221 2622 ἐν
1240 2563 1277 2646 τῇ
1298 2556 1414 2647 ἑβδόμη

259 2658 354 2747 ἡμέρᾳ
374 2659 639 2744 άναπανσαμένου,
669 2659 753 2744 ἡμεῖς
768 2661 970 2745 νηστεύσωμεν
987 2657 1111 2742 ταύτην,
1139 2664 1189 2726 ’ίνα
1207 2657 1248 2742 μὴ
1265 2659 1298 2724 τά
1316 2668 1414 2742 ιαθΐγ-

259 2769 385 2828 κοντοῦ
402 2770 479 2828 θεοῦ
496 2771 556 2828 τῶν
572 2762 724 2832 Ἰουδαίων
741 2763 939 2851 ἐργαζόμεθα.
988 2760 1050 2844 Την
1064 2769 1117 2844 τῆς
1133 2761 1244 2846 σαρκός
1265 2763 1296 2827 δέ
1314 2760 1417 2828 άθετεῑ

259 2861 430 2943 άνάσταστν,
461 2865 599 2952 καθάπερ
619 2870 721 2933 πολλαί
740 2875 799 2933 τῶν
817 2869 970 2953 αίρέσεων,
999 2872 1099 2948 ψυχῆς
1116 2865 1148 2930 δέ
1164 2861 1324 2930 α’νάστασιν
1339 2862 1414 2932 εἶναι

258 2969 348 3052 λίγει,
370 2970 420 3032 καὶ
436 2967 514 3050 ζωὴν
530 2971 579 3033 καί
594 2975 740 3055 σωτηρίαν
754 2969 854 3052 μόνης.
902 2967 950 3033 Ού
962 2971 1054 3050 μόνον
1070 2969 1101 3032 δὲ
1116 2965 1187 3052 παρ’
1203 2964 1283 3056 αύτῷ
1296 2972 1333 3034 ἐν
1348 2976 1412 3034 λου·

259 3067 329 3155 τρδν
344 3073 472 3149 δίδοται,
504 3069 575 3136 α’λλά
590 3075 640 3137 καί
656 3075 712 3149 ἕως
728 3079 815 3155 τριῶν
832 3079 978 3157 λουτρῶν,
1008 3071 1058 3135 καί
1077 3072 1211 3134 ἐπέκεινα
1228 3072 1319 3147 έξεστι
1335 3069 1411 3137 διδό·

259 3199 308 3238 ναι
322 3171 390 3256 παρ’
405 3170 507 3248 αὐτοῖς
523 3181 563 3261 τῷ
579 3177 766 3263 βουλομένῳ,
790 3173 830 3250 τίς
846 3173 925 3258 παρά
939 3179 1055 3238 πολλῶν
1068 3170 1191 3253 άκήκοα.
1236 3175 1412 3256 Συμβέβηιε

259 3276 290 3340 δὲ
311 3282 399 3342 τοῦτο
421 3277 558 3361 γενέσθαι
580 3274 677 3366 αύτῷ,
707 3275 740 3342 τά
764 3279 902 3356 ἐφίεσθαι
922 3281 989 3360 τρία
1005 3273 1114 3358 λουτρά
1131 3278 1287 3354 δίδοσθαι,
1322 3273 1359 3341 δι’
1375 3275 1414 3360 ἣν
1537 3327 1538 3344 .

260 3375 360 3461 ύπεῐχε
379 3377 483 3462 χλεύην
499 3378 582 3462 παρά
597 3386 656 3446 τῶν
674 3377 765 3446 αύτάν
780 3377 952 3464 ἐγνωκότων
970 3383 1114 3462 μαθητῶν
1131 3375 1240 3451 αύτοῦ,
1269 3380 1302 3443 ἐκ
1320 3404 1414 3464 παρα·

260 3481 419 3563 πτάματός
437 3506 468 3546 τε
484 3483 536 3546 καί
553 3489 675 3566 φθορᾶς
691 3489 744 3564 τῆς
760 3484 801 3556 είς
816 3480 870 3564 την
886 3482 1038 3566 παρθένον
1052 3482 1252 3566 γεγενημένης.
1293 3478 1415 3564 Ἐπειδή

259 3588 387 3667 φθείρας
409 3586 440 3649 ἐν
460 3591 496 3673 τῇ
518 3585 625 3650 ἑαυτοῦ
648 3583 730 3649 πόλει
745 3583 800 3666 τὴν
815 3586 969 3668 παρθένον
990 3585 1056 3661 καί,
1089 3580 1261 3668 άποδράσας
1280 3583 1350 3664 μὲν,
1381 3585 1416 3650 έν

260 3684 473 3769 παραπτάματι
499 3684 613 3776 μεγάλην
637 3683 763 3770 εύρίθη,
796 3684 953 3768 ἐπενόησεν
975 3683 992 3751 ό
1014 3683 1142 3770 άγύρτης
1164 3687 1259 3774 ἐαυτῷ
1277 3684 1417 3768 δεύτερον

257 3785 396 3871 λουτρόν,
420 3787 519 3869 φήσας
536 3788 596 3867 ὅτι,
612 3788 745 3866 Ἔξεστιν
763 3791 818 3864 ἕως
833 3795 923 3872 τριῶν
939 3796 1085 3872 λουτρῶν,
1107 3788 1237 3853 τουτέστι
1252 3795 1344 3874 τριῶν
1359 3791 1416 3869 βα-

259 3897 406 3973 πτισμῶν,
439 3892 481 3964 τίς
497 3887 604 3970 άφεσιν
620 3888 770 3974 άμαρτιῶν
789 3895 944 3967 δίδοσθαι,
974 3889 1012 3956 ἵν’
1035 3894 1063 3956 εί
1078 3916 1122 3965 τις
1137 3891 1301 3974 παρέπεσον
1319 3893 1361 3966 είς
1378 3889 1415 3956 τό
1537 3977 1538 3982 ¹

260 4000 390 4079 πρῶτον,
405 3990 483 4078 λάβῃ
498 3990 635 4076 δεύτερον
649 3992 841 4076 μετανοήσας,
859 3995 911 4058 καλ
925 3999 1021 4079 τρίτον
1037 3990 1183 4070 άςαύτως,
1206 3991 1257 4058 ἐάν
1271 3995 1304 4058 ἐν
1318 4019 1414 4078 παρα-

259 4095 392 4178 πτάματι
411 4091 483 4175 μετά
498 4091 531 4158 τό
549 4092 686 4179 δεύτερον
701 4099 826 4183 γένηται.
874 4099 961 4181 Φέρει
983 4096 1015 4162 δέ
1034 4099 1129 4178 δῆθεν
1156 4099 1206 4160 ἵνα
1227 4094 1279 4178 τήν
1303 4098 1414 4165 ἑαυτοῦ

259 4196 362 4279 χλεύην
384 4193 521 4284 οίνασῶση
544 4197 585 4271 τίς
606 4197 789 4282 παράστασιν
810 4196 918 4277 αύτοῶ,
948 4197 993 4264 δτι
1015 4196 1047 4264 τό
1066 4197 1137 4280 μετά
1153 4195 1186 4263 τδ
1205 4196 1299 4264 αύτοῦ
1315 4199 1414 4282 παρά·

262 4325 366 4380 πτωμα
387 4297 475 4364 πάλιν
491 4301 680 4382 ἐκαθαρίσθη
702 4303 752 4367 καλ
771 4299 874 4368 λοιιτδν
897 4303 929 4366 ἐν
947 4299 1063 4376 α’θοίοις
1078 4297 1216 4386 ύιτάρχει,
1247 4308 1415 4387 μαρτυρίαν

261 4401 327 4485 περὶ
350 4398 457 4466 τούτου
476 4404 673 4486 ψευδηγορῶν
695 4399 735 4477 ῶς
760 4401 934 4485 έπιθανην,
962 4405 1128 4487 δυναμένην
1146 4404 1342 4485 ἐξαπατῆσαι,
1373 4404 1414 4469 ού

294 4539 353 4588 (λιν.
369 4540 397 4588 Η.
417 4567 448 4577 -
469 4541 488 4592 Ι.
506 4543 540 4590 θα
555 4543 648 4603 scripsit
660 4543 771 4592 Ρτίονλατ
784 4545 834 4594 cod.
851 4547 922 4594 ίσίίι.
936 4549 1035 4594 uentus.
1069 4545 1096 4593 1ο
1111 4543 1164 4594 τδίί.
1176 4545 1251 4604 prino.
1264 4550 1328 4594 ταλαί
1344 4543 1413 4611 μέγα
