3078 5012
355 290 490 344 PANAIIII
507 289 569 342 cte.
582 291 601 343 I.
618 291 699 344 ΤΟΜ.
711 291 754 342 III.
773 291 871 342 noea.
885 291 966 342 XLII.
1177 281 1238 342 5⁷5

89 413 241 474 Geram
281 407 348 476 Nec
367 409 492 475 habebat
507 410 594 475 iliud:
618 413 719 474 Nanos
732 415 854 493 quiaque
861 432 993 491 passeres
1006 422 1127 474 moeurs
1140 415 1238 493 apan-

88 516 153 588 dic,
179 525 208 574 et
227 535 300 575 uaros
321 536 359 576 es
379 517 448 594 a'pssr's
468 535 524 576 som
545 525 589 576 est
608 517 638 575 io
659 515 795 576 astrorum
816 535 910 574 coram
930 517 1005 574 deo?

175 611 284 678 XXX.
314 611 375 680 Pro
393 615 438 680 Iris
454 615 569 683 verbis:
601 617 786 697 Confitebitur
800 637 894 677 coram
910 619 1020 696 augelis
1036 620 1097 690 dei,
1128 617 1235 682 rescri-
1249 627 1303 674 huo
1313 632 1374 688 ms

87 716 148 796 bit,
173 719 273 780 Coram
293 721 354 780 deo.

174 816 299 884 XXXI.
329 817 400 884 Noa
423 819 510 884 haber
531 821 603 885 ister
627 826 703 884 Heus
723 825 809 883 restit
818 823 946 902 smum.
1249 833 1305 878 tara.
1318 837 1350 881 re.

174 917 314 986 XXXII.
345 927 430 985 Pater
447 935 539 986 uester
554 928 633 985 oooit
648 927 778 1005 quassam
795 925 839 984 iis
853 945 923 1004 opus
940 924 1064 1000 habeam
1095 922 1167 987 head
1185 924 1236 987 du·
1250 936 1306 980 thid.
1318 941 1349 982 so.

86 1021 136 1086 bie
159 1044 232 1108 quae
254 1025 290 1088 ad
313 1045 431 1090 ceracm
454 1025 590 1090 attiaent.

174 1122 327 1191 XXXIII.
363 1131 495 1206 Quaerite
512 1141 604 1190 autem
618 1149 737 1210 reguum
752 1132 812 1203 dei,
836 1139 867 1190 et
879 1131 947 1190 haec
961 1134 1052 1191 mosia
1067 1130 1237 1192 a'diicieotur
1250 1141 1306 1187 lata
1319 1145 1349 1188 21.

86 1230 176 1290 cairi.

170 1328 326 1396 XXXIV.
359 1330 417 1396 Pro
441 1353 477 1396 eo
498 1334 575 1416 qaod
597 1343 659 1412 est,
683 1337 769 1396 Pater
789 1346 894 1408 catu,
920 1333 1062 1413 habebat,
1085 1339 1179 1398 Pater.
1250 1346 1348 1394 rucco

171 1432 311 1500 XXXV.
342 1432 402 1500 Pro
418 1435 463 1500 Iris
481 1456 569 1514 vera,
600 1439 730 1499 Secundo
745 1448 797 1498 aut
811 1441 895 1498 terrra
910 1441 1054 1512 custodia,
1079 1436 1235 1502 substitue·
1250 1449 1305 1496 ibit.
1318 1455 1350 1497 ss-

84 1547 134 1600 rat
157 1541 346 1618 Vesperts'oam
368 1541 531 1600 custodiam.

171 1635 325 1704 XXXVI.
360 1645 458 1702 Veot'et
470 1644 597 1702 Hamrisus
610 1645 688 1703 serui
701 1646 782 1703 esaia
789 1688 799 1717 ,
822 1654 852 1703 et
865 1643 973 1704 secabit
986 1663 1064 1718 eum,
1088 1655 1117 1704 et
1124 1655 1234 1724 partem
1249 1653 1304 1701 lura
1316 1657 1348 1701 ss

84 1747 148 1804 eius
164 1754 253 1823 posset
272 1765 334 1805 cum
356 1745 526 1824 infidelibus.

172 1841 330 1910 XXXVII
335 1891 342 1908 .
375 1849 420 1908 Ne
425 1847 508 1928 sorte
524 1849 622 1908 catos
636 1857 663 1908 te
678 1851 717 1908 aa
730 1851 863 1922 sudarem,
888 1860 916 1909 es
930 1851 1016 1910 iesse
1033 1851 1131 1909 roms
1143 1859 1170 1909 se
1184 1870 1234 1909 ee-
1248 1859 1304 1906 oo.
1316 1864 1348 1907 ss.

84 1953 189 2010 actori.

170 2046 355 2114 XXXVIII.
389 2047 557 2115 sustulerat
574 2071 613 2114 ex
631 2050 680 2114 ilia
700 2050 781 2129 Iaca,
815 2056 957 2114 Venerunt
974 2055 1085 2133 quatiam
1103 2056 1234 2114 murram-
1248 2065 1303 2122 cap.
1317 2068 1349 2122 rs,
1368 2071 1387 2112 a.

85 2165 129 2214 ses
148 2157 205 2232 ipsi
220 2156 255 2214 de
273 2156 423 2228 Galr'laeslr,
455 2175 573 2236 quorum
591 2158 755 2234 saogur'rsem
773 2158 927 2216 miscuerat
941 2157 1050 2215 Pilatus
1067 2175 1129 2216 curm
1146 2159 1236 2216 sacri-

72 2256 161 2335 ficiis
182 2276 308 2330 aarum·
326 2276 416 2339 usqae
440 2257 477 2319 ad
499 2276 535 2319 ca
555 2255 659 2340 quibas
680 2255 715 2318 dc
736 2255 898 2322 octodecim
919 2253 978 2320 ilIis
1000 2265 1046 2319 est
1067 2275 1164 2319 sermo
1187 2257 1235 2340 qai
1353 2283 1356 2290 ·

83 2355 173 2420 raino
189 2357 280 2420 turris
296 2357 427 2442 oppressi
445 2367 524 2422 sant.
570 2355 662 2435 Item,
693 2361 969 2439 Nisr'poem'terrtram
987 2361 1119 2438 εςονιῖὺ,
1143 2377 1235 2441 usquc

82 2459 123 2522 ad
140 2457 306 2544 parabolam
322 2459 394 2524 ficas
410 2459 446 2524 de
459 2480 514 2544 aaa
529 2458 603 2523 dixit
616 2458 760 2544 agricola,
785 2464 910 2534 Famam,
934 2471 965 2520 et
975 2463 1082 2521 mr'ttam
1095 2471 1232 2534 scoram,

83 2573 117 2622 et
134 2565 165 2623 si
182 2583 237 2624 oco
250 2565 373 2645 fecerat,
397 2566 504 2624 occide.

171 2659 327 2728 XXXIX.
359 2669 440 2728 Hanc
460 2675 552 2726 auum
564 2667 660 2744 filiam
682 2666 817 2726 Abrahae
837 2667 971 2745 alligauit
988 2674 1114 2726 satauas.
1248 2678 1304 2723 lora·
1317 2683 1348 2727 m

169 2763 242 2830 XL.
274 2763 347 2831 Item
364 2767 433 2831 inat
449 2765 571 2831 ademit:
599 2770 675 2828 Tuae
688 2767 815 2828 uidebitis
830 2768 975 2841 Airaam,
999 2771 1082 2828 Isaac
1092 2778 1122 2829 et
1134 2767 1230 2841 Iacob,
1246 2779 1302 2827 lma.
1313 2783 1347 2828 as.

78 2880 115 2932 et
129 2889 222 2930 amnes
237 2873 389 2950 prophetas
406 2873 435 2932 io
451 2891 539 2950 regma
555 2873 609 2931 dei.
655 2865 715 2933 Pro
733 2890 789 2953 qua
805 2869 973 2954 rescripsit,
998 2873 1067 2930 Cum
1082 2891 1175 2932 amnes
1190 2874 1235 2931 iu·

79 2983 144 3034 stas
161 2975 288 3034 reiisrs'trs
303 2976 332 3034 irs
348 2991 437 3052 regno
451 2975 511 3046 Hei,
537 2993 585 3034 aas
599 2981 691 3034 autem
705 2975 845 3034 esclusas.
892 2969 1011 3036 AtIIecit
1027 2989 1116 3052 vera,
1139 2975 1234 3034 detea-

80 3087 128 3136 ias
143 3075 241 3157 sora‘s:
265 3081 312 3152 ei,
335 3077 398 3136 illic
419 3087 463 3136 est
474 3077 566 3158 steros
586 3085 617 3135 et
634 3078 742 3136 strs'dcr
762 3078 894 3136 detritum.

168 3274 256 3340 XLI.
288 3273 361 3340 Item
376 3276 444 3340 illud
461 3277 594 3341 sastuiit:
618 3282 735 3340 Vemr'eut
748 3280 784 3340 ob
798 3282 904 3340 aniate
916 3288 947 3338 et
962 3281 1118 3350 occidente,
1142 3289 1172 3338 et
1185 3297 1231 3338 re·
1244 3290 1300 3337 tera.
1313 3294 1345 3338 1.

79 3381 214 3442 curabam
226 3385 255 3442 ia
269 3401 368 3459 regma.
406 3377 484 3442 Tum
499 3378 585 3442 iilud:
609 3385 705 3442 Hruut
717 3383 862 3441 accusari
870 3383 967 3460 primi.
1014 3375 1103 3443 Item:
1126 3385 1232 3442 Acces-

77 3493 183 3546 seruui
198 3485 494 3555 caesenatenses,
519 3485 581 3543 Eri.
591 3493 620 3542 et
633 3485 718 3555 oeae,
743 3487 871 3563 piscosam
887 3485 1012 3545 Herodes
1028 3484 1089 3544 cuit
1102 3492 1130 3542 te
1144 3487 1232 3543 ὺιειν-

69 3589 179 3666 ficere.
215 3581 283 3648 Nec
299 3604 356 3648 aaa
375 3594 405 3646 et
422 3583 516 3646 islaris
545 3587 643 3659 Dicit,
674 3585 819 3647 Aieuotes
834 3588 918 3646 dicim
934 3586 1014 3663 culpi
1025 3586 1106 3657 turc,
1140 3603 1231 3667 usqae

78 3689 115 3752 ad
140 3707 193 3765 ea,
225 3689 290 3748 Noa
312 3690 387 3766 capit
403 3689 567 3767 proprietam
589 3689 682 3747 coceii
698 3697 782 3748 ecca
799 3689 984 3748 Hierusalem.
1033 3683 1105 3748 IIIarI
1125 3685 1229 3749 etiams

78 3791 275 3862 Hierusalem,
299 3792 490 3864 Hierusalem,
515 3811 586 3870 puae
601 3793 704 3850 occidis
717 3792 880 3870 prophetas,
905 3799 935 3849 et
947 3791 1055 3868 lapidas
1071 3810 1117 3850 eos
1132 3792 1185 3869 qui
1193 3792 1232 3850 ad

78 3903 106 3952 te
120 3894 206 3952 ma'ssi
215 3902 290 3952 suat.
329 3887 420 3954 Item:
444 3895 534 3972 Saepe
547 3893 625 3952 ualui
636 3912 820 3972 congregare,
840 3895 915 3952 sicut
924 3893 1036 3971 galliam
1043 3893 1140 3972 pullas
1151 3912 1227 3952 saeos.

76 3991 139 4057 Etr
164 3997 347 4075 Relinquetur
360 3995 436 4056 uobis
452 3997 548 4054 damas
560 4005 663 4055 cerua.
710 3990 765 4056 Et:
789 3996 854 4054 Noa
868 4013 911 4055 me
923 3993 1066 4068 auersas,
1090 3997 1176 4056 masc
1188 3995 1231 4054 rii-

76 4101 172 4170 cctis‚
196 4099 372 4158 Benedictus.

113 4281 157 4337 18
174 4275 230 4350 ὅτι,
246 4281 290 4336 καὶ
308 4279 412 4336 σκάπτω
429 4284 479 4334 scd.
498 4285 571 4334 Vcttc.
704 4282 746 4334 20.
765 4284 838 4333 Verba
855 4281 900 4335 καὶ
915 4279 963 4348 τὸ,
983 4278 1166 4350 Ἰερουσαλήμ,
1182 4273 1231 4335 Ἱε-

114 4350 157 4405 19.
169 4353 238 4404 flecte
249 4352 313 4415 tasso
322 4346 638 4419 Hpccitoxsprc’Errsirp-
672 4347 819 4418 ρουσαλήμ,
836 4365 896 4414 puae
915 4353 985 4415 catos
1002 4353 1178 4416 messmam,
1194 4365 1230 4402 rs·

79 4437 116 4474 os.
669 4421 739 4482 posui
755 4433 785 4470 es
802 4421 937 4472 amarus
954 4421 1005 4472 scat.
1022 4419 1136 4472 Vaticaor'.
1170 4487 1171 4492 ἵ
