<?xml version="1.0" encoding="UTF-8"?>
<!DOCTYPE html PUBLIC "-//W3C//DTD XHTML 1.0 Transitional//EN"
    "http://www.w3.org/TR/xhtml1/DTD/xhtml1-transitional.dtd">
<html xmlns="http://www.w3.org/1999/xhtml" xml:lang="en" lang="en">
 <head>
  <title>
</title>
<meta http-equiv="Content-Type" content="text/html;charset=utf-8" />
  <meta name='ocr-system' content='tesseract 3.04.00' />
  <meta name='ocr-capabilities' content='ocr_page ocr_carea ocr_par ocr_line ocrx_word'/>
</head>
<body>
  <div class='ocr_page' id='page_1' title='image "./corporishaerese01oehlgoog_0121.png"; bbox 0 0 3110 4984; ppageno 0'>
   <div class='ocr_carea' id='block_1_1' title="bbox 322 333 1049 398">
    <p class='ocr_par' dir='ltr' id='par_1_1' title="bbox 322 333 1049 398">
     <span class='ocr_line' id='line_1_1' title="bbox 322 333 1049 398; baseline 0.001 -3"><span class='ocrx_word' id='word_1_1' title='bbox 322 333 381 398; x_wconf 82' lang='lat'><strong><em>108</em></strong></span> <span class='ocrx_word' id='word_1_2' title='bbox 744 344 1049 398; x_wconf 76' lang='grc' dir='ltr'><strong><em>εισσυισεινεειιιι</em></strong></span> 
     </span>
    </p>
   </div>
   <div class='ocr_carea' id='block_1_2' title="bbox 187 457 1479 4514">
    <p class='ocr_par' dir='ltr' id='par_1_2' title="bbox 318 457 1466 1671">
     <span class='ocr_line' id='line_1_2' title="bbox 319 457 1463 552; baseline 0.002 -26"><span class='ocrx_word' id='word_1_3' title='bbox 319 457 491 546; x_wconf 85' lang='grc' dir='ltr'><strong><em>όνθρώπων</em></strong></span> <span class='ocrx_word' id='word_1_4' title='bbox 504 457 559 526; x_wconf 90' lang='grc' dir='ltr'><strong><em>τόν</em></strong></span> <span class='ocrx_word' id='word_1_5' title='bbox 574 462 652 526; x_wconf 79' lang='grc' dir='ltr'><strong><em>ἴδιον</em></strong></span> <span class='ocrx_word' id='word_1_6' title='bbox 669 459 735 526; x_wconf 79' lang='grc' dir='ltr'><strong><em>υἱόν</em></strong></span> <span class='ocrx_word' id='word_1_7' title='bbox 750 458 930 528; x_wconf 71' lang='grc' dir='ltr'><strong><em>κατελθόντα</em></strong></span> <span class='ocrx_word' id='word_1_8' title='bbox 947 463 979 528; x_wconf 83' lang='grc' dir='ltr'><strong><em>έν</em></strong></span> <span class='ocrx_word' id='word_1_9' title='bbox 995 461 1093 550; x_wconf 80' lang='grc' dir='ltr'><strong><em>μήτρςι</em></strong></span> <span class='ocrx_word' id='word_1_10' title='bbox 1109 467 1278 552; x_wconf 74' lang='grc' dir='ltr'><strong><em>παρθενικῇ</em></strong></span> <span class='ocrx_word' id='word_1_11' title='bbox 1296 469 1463 546; x_wconf 79' lang='grc' dir='ltr'><strong><em>συλληφθή-</em></strong></span> 
     </span>
     <span class='ocr_line' id='line_1_3' title="bbox 318 559 1461 652; baseline 0.003 -25"><span class='ocrx_word' id='word_1_12' title='bbox 318 588 377 640; x_wconf 89' lang='grc' dir='ltr'><strong><em>ναι,</em></strong></span> <span class='ocrx_word' id='word_1_13' title='bbox 398 559 488 648; x_wconf 90' lang='grc' dir='ltr'><strong><em>λόγον</em></strong></span> <span class='ocrx_word' id='word_1_14' title='bbox 501 559 573 628; x_wconf 87' lang='grc' dir='ltr'><strong><em>όντα</em></strong></span> <span class='ocrx_word' id='word_1_15' title='bbox 587 559 638 627; x_wconf 73' lang='grc' dir='ltr'><strong><em>ἄπ’</em></strong></span> <span class='ocrx_word' id='word_1_16' title='bbox 649 559 792 646; x_wconf 81' lang='grc' dir='ltr'><strong><em>ούρανοῦ,</em></strong></span> <span class='ocrx_word' id='word_1_17' title='bbox 814 565 847 628; x_wconf 85' lang='grc' dir='ltr'><strong><em>έκ</em></strong></span> <span class='ocrx_word' id='word_1_18' title='bbox 862 562 981 629; x_wconf 78' lang='grc' dir='ltr'><strong><em>κόλπων</em></strong></span> <span class='ocrx_word' id='word_1_19' title='bbox 994 563 1140 652; x_wconf 87' lang='grc' dir='ltr'><strong><em>πατρῷων</em></strong></span> <span class='ocrx_word' id='word_1_20' title='bbox 1153 567 1363 650; x_wconf 74' lang='grc' dir='ltr'><strong><em>γεγεννημένον</em></strong></span> <span class='ocrx_word' id='word_1_21' title='bbox 1380 562 1461 650; x_wconf 82' lang='grc' dir='ltr'><strong><em>άγρό-</em></strong></span> 
     </span>
     <span class='ocr_line' id='line_1_4' title="bbox 318 661 1463 752; baseline 0.002 -22"><span class='ocrx_word' id='word_1_22' title='bbox 318 691 377 742; x_wconf 88' lang='grc' dir='ltr'><strong><em>νως</em></strong></span> <span class='ocrx_word' id='word_1_23' title='bbox 396 666 449 730; x_wconf 85' lang='grc' dir='ltr'><strong><em>καί</em></strong></span> <span class='ocrx_word' id='word_1_24' title='bbox 471 661 619 748; x_wconf 87' lang='grc' dir='ltr'><strong><em>άνάρχως,</em></strong></span> <span class='ocrx_word' id='word_1_25' title='bbox 641 662 767 731; x_wconf 75' lang='grc' dir='ltr'><strong><em>ἐλθόντα</em></strong></span> <span class='ocrx_word' id='word_1_26' title='bbox 789 665 822 729; x_wconf 84' lang='grc' dir='ltr'><strong><em>δέ</em></strong></span> <span class='ocrx_word' id='word_1_27' title='bbox 838 663 884 730; x_wconf 77' lang='grc' dir='ltr'><strong><em>ἐπ’</em></strong></span> <span class='ocrx_word' id='word_1_28' title='bbox 902 664 1030 748; x_wconf 87' lang='grc' dir='ltr'><strong><em>έσχάτων</em></strong></span> <span class='ocrx_word' id='word_1_29' title='bbox 1051 673 1110 732; x_wconf 81' lang='grc' dir='ltr'><strong><em>τών</em></strong></span> <span class='ocrx_word' id='word_1_30' title='bbox 1132 663 1263 752; x_wconf 82' lang='grc' dir='ltr'><strong><em>ήμερών,</em></strong></span> <span class='ocrx_word' id='word_1_31' title='bbox 1285 665 1361 732; x_wconf 89' lang='grc' dir='ltr'><strong><em>θεόν</em></strong></span> <span class='ocrx_word' id='word_1_32' title='bbox 1380 665 1463 752; x_wconf 90' lang='grc' dir='ltr'><strong><em>λόγον</em></strong></span> 
     </span>
     <span class='ocr_line' id='line_1_5' title="bbox 319 763 1462 856; baseline -0.001 -22"><span class='ocrx_word' id='word_1_33' title='bbox 319 765 391 834; x_wconf 84' lang='grc' dir='ltr'><strong><em>όντα</em></strong></span> <span class='ocrx_word' id='word_1_34' title='bbox 404 768 437 832; x_wconf 86' lang='grc' dir='ltr'><strong><em>έκ</em></strong></span> <span class='ocrx_word' id='word_1_35' title='bbox 450 773 525 830; x_wconf 83' lang='grc' dir='ltr'><strong><em>θεοῦ</em></strong></span> <span class='ocrx_word' id='word_1_36' title='bbox 539 763 651 850; x_wconf 90' lang='grc' dir='ltr'><strong><em>πατρός</em></strong></span> <span class='ocrx_word' id='word_1_37' title='bbox 664 764 814 849; x_wconf 74' lang='grc' dir='ltr'><strong><em>ἀληθινῶς</em></strong></span> <span class='ocrx_word' id='word_1_38' title='bbox 825 769 1044 852; x_wconf 64' lang='grc' dir='ltr'><strong><em>γεγεννημένον,</em></strong></span> <span class='ocrx_word' id='word_1_39' title='bbox 1059 765 1219 849; x_wconf 89' lang='grc' dir='ltr'><strong><em>όμοούσιον</em></strong></span> <span class='ocrx_word' id='word_1_40' title='bbox 1233 767 1305 834; x_wconf 87' lang='grc' dir='ltr'><strong><em>όντα</em></strong></span> <span class='ocrx_word' id='word_1_41' title='bbox 1315 775 1355 856; x_wconf 93' lang='grc' dir='ltr'><strong><em>τῷ</em></strong></span> <span class='ocrx_word' id='word_1_42' title='bbox 1366 771 1462 852; x_wconf 84' lang='grc' dir='ltr'><strong><em>πατρὶ,</em></strong></span> 
     </span>
     <span class='ocr_line' id='line_1_6' title="bbox 319 864 1462 954; baseline 0 -21"><span class='ocrx_word' id='word_1_43' title='bbox 319 870 370 933; x_wconf 81' lang='grc' dir='ltr'><strong><em>καί</em></strong></span> <span class='ocrx_word' id='word_1_44' title='bbox 385 864 473 933; x_wconf 82' lang='grc' dir='ltr'><strong><em>οάδέν</em></strong></span> <span class='ocrx_word' id='word_1_45' title='bbox 487 865 566 954; x_wconf 87' lang='grc' dir='ltr'><strong><em>παρά</em></strong></span> <span class='ocrx_word' id='word_1_46' title='bbox 579 865 632 933; x_wconf 89' lang='grc' dir='ltr'><strong><em>τόν</em></strong></span> <span class='ocrx_word' id='word_1_47' title='bbox 647 871 760 952; x_wconf 90' lang='grc' dir='ltr'><strong><em>πατέρα</em></strong></span> <span class='ocrx_word' id='word_1_48' title='bbox 773 866 978 951; x_wconf 68' lang='grc' dir='ltr'><strong><em>ἠλλοιωμένον,</em></strong></span> <span class='ocrx_word' id='word_1_49' title='bbox 1001 865 1058 934; x_wconf 76' lang='grc' dir='ltr'><strong><em>ἄλλ’</em></strong></span> <span class='ocrx_word' id='word_1_50' title='bbox 1074 868 1215 952; x_wconf 85' lang='grc' dir='ltr'><strong><em>άτρεπτον</em></strong></span> <span class='ocrx_word' id='word_1_51' title='bbox 1229 869 1300 936; x_wconf 84' lang='grc' dir='ltr'><strong><em>ὄντα</em></strong></span> <span class='ocrx_word' id='word_1_52' title='bbox 1314 872 1365 934; x_wconf 85' lang='grc' dir='ltr'><strong><em>καί</em></strong></span> <span class='ocrx_word' id='word_1_53' title='bbox 1381 868 1462 934; x_wconf 85' lang='grc' dir='ltr'><strong><em>άναλ-</em></strong></span> 
     </span>
     <span class='ocr_line' id='line_1_7' title="bbox 318 966 1463 1060; baseline 0.002 -26"><span class='ocrx_word' id='word_1_54' title='bbox 318 974 454 1049; x_wconf 88' lang='grc' dir='ltr'><strong><em>λοίωτον,</em></strong></span> <span class='ocrx_word' id='word_1_55' title='bbox 476 966 584 1051; x_wconf 83' lang='grc' dir='ltr'><strong><em>άπαθή</em></strong></span> <span class='ocrx_word' id='word_1_56' title='bbox 597 994 627 1034; x_wconf 93' lang='grc' dir='ltr'><strong><em>τε</em></strong></span> <span class='ocrx_word' id='word_1_57' title='bbox 641 968 733 1050; x_wconf 84' lang='grc' dir='ltr'><strong><em>όλως,</em></strong></span> <span class='ocrx_word' id='word_1_58' title='bbox 755 967 796 1054; x_wconf 89' lang='grc' dir='ltr'><strong><em>μή</em></strong></span> <span class='ocrx_word' id='word_1_59' title='bbox 817 968 979 1054; x_wconf 88' lang='grc' dir='ltr'><strong><em>πάσχοντα,</em></strong></span> <span class='ocrx_word' id='word_1_60' title='bbox 1001 970 1210 1056; x_wconf 87' lang='grc' dir='ltr'><strong><em>συμπάσχοντα</em></strong></span> <span class='ocrx_word' id='word_1_61' title='bbox 1228 973 1258 1037; x_wconf 86' lang='grc' dir='ltr'><strong><em>δέ</em></strong></span> <span class='ocrx_word' id='word_1_62' title='bbox 1279 979 1320 1060; x_wconf 92' lang='grc' dir='ltr'><strong><em>τῷ</em></strong></span> <span class='ocrx_word' id='word_1_63' title='bbox 1335 968 1463 1059; x_wconf 85' lang='grc' dir='ltr'><strong><em>ήμετέρφ</em></strong></span> 
     </span>
     <span class='ocr_line' id='line_1_8' title="bbox 319 1067 1464 1158; baseline 0.001 -22"><span class='ocrx_word' id='word_1_64' title='bbox 319 1073 410 1157; x_wconf 88' lang='grc' dir='ltr'><strong><em>γένει,</em></strong></span> <span class='ocrx_word' id='word_1_65' title='bbox 431 1069 614 1137; x_wconf 77' lang='grc' dir='ltr'><strong><em>κατελθόντα</em></strong></span> <span class='ocrx_word' id='word_1_66' title='bbox 637 1067 687 1137; x_wconf 75' lang='grc' dir='ltr'><strong><em>ἄπ’</em></strong></span> <span class='ocrx_word' id='word_1_67' title='bbox 707 1069 854 1156; x_wconf 85' lang='grc' dir='ltr'><strong><em>ούρανοῦ,</em></strong></span> <span class='ocrx_word' id='word_1_68' title='bbox 877 1075 1119 1158; x_wconf 86' lang='grc' dir='ltr'><strong><em>έγιιυμονηθέντα</em></strong></span> <span class='ocrx_word' id='word_1_69' title='bbox 1142 1073 1198 1139; x_wconf 87' lang='grc' dir='ltr'><strong><em>ούιι</em></strong></span> <span class='ocrx_word' id='word_1_70' title='bbox 1220 1071 1280 1139; x_wconf 88' lang='grc' dir='ltr'><strong><em>άπό</em></strong></span> <span class='ocrx_word' id='word_1_71' title='bbox 1301 1075 1464 1156; x_wconf 87' lang='grc' dir='ltr'><strong><em>σπέρματος</em></strong></span> 
     </span>
     <span class='ocr_line' id='line_1_9' title="bbox 319 1170 1464 1259; baseline 0.003 -22"><span class='ocrx_word' id='word_1_72' title='bbox 319 1170 438 1259; x_wconf 88' lang='grc' dir='ltr'><strong><em>άνδρός,</em></strong></span> <span class='ocrx_word' id='word_1_73' title='bbox 460 1171 531 1238; x_wconf 87' lang='grc' dir='ltr'><strong><em>άλλά</em></strong></span> <span class='ocrx_word' id='word_1_74' title='bbox 545 1171 595 1238; x_wconf 84' lang='grc' dir='ltr'><strong><em>διά</em></strong></span> <span class='ocrx_word' id='word_1_75' title='bbox 608 1172 777 1256; x_wconf 88' lang='grc' dir='ltr'><strong><em>πνεύματος</em></strong></span> <span class='ocrx_word' id='word_1_76' title='bbox 791 1171 888 1259; x_wconf 86' lang='grc' dir='ltr'><strong><em>άγίου,</em></strong></span> <span class='ocrx_word' id='word_1_77' title='bbox 911 1172 1062 1256; x_wconf 82' lang='grc' dir='ltr'><strong><em>άληθινῷς</em></strong></span> <span class='ocrx_word' id='word_1_78' title='bbox 1075 1183 1161 1258; x_wconf 76' lang='grc' dir='ltr'><strong><em>σῶμα</em></strong></span> <span class='ocrx_word' id='word_1_79' title='bbox 1176 1174 1237 1241; x_wconf 84' lang='grc' dir='ltr'><strong><em>άπό</em></strong></span> <span class='ocrx_word' id='word_1_80' title='bbox 1248 1179 1372 1259; x_wconf 88' lang='grc' dir='ltr'><strong><em>Μαρίας</em></strong></span> <span class='ocrx_word' id='word_1_81' title='bbox 1386 1177 1464 1257; x_wconf 84' lang='grc' dir='ltr'><strong><em>έσχη·</em></strong></span> 
     </span>
     <span class='ocr_line' id='line_1_10' title="bbox 318 1271 1465 1364; baseline -0.001 -24"><span class='ocrx_word' id='word_1_82' title='bbox 318 1273 406 1354; x_wconf 85' lang='grc' dir='ltr'><strong><em>κότα,</em></strong></span> <span class='ocrx_word' id='word_1_83' title='bbox 428 1271 636 1340; x_wconf 86' lang='grc' dir='ltr'><strong><em>άναττλόσαντα</em></strong></span> <span class='ocrx_word' id='word_1_84' title='bbox 654 1278 746 1364; x_wconf 78' lang='grc' dir='ltr'><strong><em>ἑαυτῷ</em></strong></span> <span class='ocrx_word' id='word_1_85' title='bbox 762 1274 816 1359; x_wconf 82' lang='grc' dir='ltr'><strong><em>τήν</em></strong></span> <span class='ocrx_word' id='word_1_86' title='bbox 832 1275 928 1361; x_wconf 87' lang='grc' dir='ltr'><strong><em>σάρκα</em></strong></span> <span class='ocrx_word' id='word_1_87' title='bbox 945 1273 1005 1342; x_wconf 85' lang='grc' dir='ltr'><strong><em>άπό</em></strong></span> <span class='ocrx_word' id='word_1_88' title='bbox 1025 1283 1080 1358; x_wconf 82' lang='grc' dir='ltr'><strong><em>τῆς</em></strong></span> <span class='ocrx_word' id='word_1_89' title='bbox 1096 1277 1209 1362; x_wconf 81' lang='grc' dir='ltr'><strong><em>μήτρας</em></strong></span> <span class='ocrx_word' id='word_1_90' title='bbox 1226 1284 1280 1359; x_wconf 81' lang='grc' dir='ltr'><strong><em>τῆς</em></strong></span> <span class='ocrx_word' id='word_1_91' title='bbox 1295 1275 1395 1361; x_wconf 89' lang='grc' dir='ltr'><strong><em>άγίας,</em></strong></span> <span class='ocrx_word' id='word_1_92' title='bbox 1417 1276 1465 1341; x_wconf 81' lang='grc' dir='ltr'><strong><em>καί</em></strong></span> 
     </span>
     <span class='ocr_line' id='line_1_11' title="bbox 318 1373 1465 1462; baseline 0.002 -22"><span class='ocrx_word' id='word_1_93' title='bbox 318 1373 419 1458; x_wconf 80' lang='grc' dir='ltr'><strong><em>ψυχήν</em></strong></span> <span class='ocrx_word' id='word_1_94' title='bbox 433 1375 488 1459; x_wconf 88' lang='grc' dir='ltr'><strong><em>τήν</em></strong></span> <span class='ocrx_word' id='word_1_95' title='bbox 505 1374 697 1462; x_wconf 87' lang='grc' dir='ltr'><strong><em>άνθρωπείαν</em></strong></span> <span class='ocrx_word' id='word_1_96' title='bbox 713 1377 868 1460; x_wconf 89' lang='grc' dir='ltr'><strong><em>είληφότα,</em></strong></span> <span class='ocrx_word' id='word_1_97' title='bbox 890 1380 942 1442; x_wconf 84' lang='grc' dir='ltr'><strong><em>καί</em></strong></span> <span class='ocrx_word' id='word_1_98' title='bbox 957 1385 1045 1457; x_wconf 82' lang='grc' dir='ltr'><strong><em>νοῦν,</em></strong></span> <span class='ocrx_word' id='word_1_99' title='bbox 1067 1381 1119 1444; x_wconf 85' lang='grc' dir='ltr'><strong><em>καί</em></strong></span> <span class='ocrx_word' id='word_1_100' title='bbox 1137 1385 1197 1444; x_wconf 79' lang='grc' dir='ltr'><strong><em>πᾶν</em></strong></span> <span class='ocrx_word' id='word_1_101' title='bbox 1215 1383 1266 1444; x_wconf 75' lang='grc' dir='ltr'><strong><em>Ιεί</em></strong></span> <span class='ocrx_word' id='word_1_102' title='bbox 1280 1383 1308 1442; x_wconf 88' lang='grc' dir='ltr'><strong><em>τί</em></strong></span> <span class='ocrx_word' id='word_1_103' title='bbox 1324 1381 1401 1443; x_wconf 88' lang='grc' dir='ltr'><strong><em>έστιν</em></strong></span> <span class='ocrx_word' id='word_1_104' title='bbox 1417 1376 1465 1441; x_wconf 81' lang='grc' dir='ltr'><strong><em>άν-</em></strong></span> 
     </span>
     <span class='ocr_line' id='line_1_12' title="bbox 318 1477 1465 1569; baseline 0 -27"><span class='ocrx_word' id='word_1_105' title='bbox 318 1485 445 1562; x_wconf 85' lang='grc' dir='ltr'><strong><em>θρωπος</em></strong></span> <span class='ocrx_word' id='word_1_106' title='bbox 465 1481 554 1563; x_wconf 84' lang='grc' dir='ltr'><strong><em>χωρίς</em></strong></span> <span class='ocrx_word' id='word_1_107' title='bbox 570 1477 713 1564; x_wconf 85' lang='grc' dir='ltr'><strong><em>άμαρτίας</em></strong></span> <span class='ocrx_word' id='word_1_108' title='bbox 735 1484 777 1557; x_wconf 88' lang='grc' dir='ltr'><strong><em>είς</em></strong></span> <span class='ocrx_word' id='word_1_109' title='bbox 799 1478 904 1547; x_wconf 74' lang='grc' dir='ltr'><strong><em>ἑαυτόν</em></strong></span> <span class='ocrx_word' id='word_1_110' title='bbox 924 1487 960 1569; x_wconf 77' lang='grc' dir='ltr'><strong><em>τῷ</em></strong></span> <span class='ocrx_word' id='word_1_111' title='bbox 978 1481 1086 1546; x_wconf 73' lang='grc' dir='ltr'><strong><em>ἑαυτοῦ</em></strong></span> <span class='ocrx_word' id='word_1_112' title='bbox 1108 1480 1230 1563; x_wconf 86' lang='grc' dir='ltr'><strong><em>θεότητι</em></strong></span> <span class='ocrx_word' id='word_1_113' title='bbox 1253 1477 1465 1556; x_wconf 88' lang='grc' dir='ltr'><strong><em>συνενώσαντα,</em></strong></span> 
     </span>
     <span class='ocr_line' id='line_1_13' title="bbox 318 1581 1466 1671; baseline 0.002 -29"><span class='ocrx_word' id='word_1_114' title='bbox 318 1581 527 1664; x_wconf 65' lang='grc' dir='ltr'><strong><em>γεγεννημένον</em></strong></span> <span class='ocrx_word' id='word_1_115' title='bbox 542 1606 573 1645; x_wconf 90' lang='grc' dir='ltr'><strong><em>τε</em></strong></span> <span class='ocrx_word' id='word_1_116' title='bbox 590 1583 622 1646; x_wconf 83' lang='grc' dir='ltr'><strong><em>έν</em></strong></span> <span class='ocrx_word' id='word_1_117' title='bbox 638 1583 789 1665; x_wconf 78' lang='grc' dir='ltr'><strong><em>Βηθλεὲμ,</em></strong></span> <span class='ocrx_word' id='word_1_118' title='bbox 811 1584 1027 1666; x_wconf 86' lang='grc' dir='ltr'><strong><em>περιτμηθέντα</em></strong></span> <span class='ocrx_word' id='word_1_119' title='bbox 1048 1585 1080 1648; x_wconf 86' lang='grc' dir='ltr'><strong><em>έν</em></strong></span> <span class='ocrx_word' id='word_1_120' title='bbox 1099 1588 1140 1671; x_wconf 89' lang='grc' dir='ltr'><strong><em>τῷ</em></strong></span> <span class='ocrx_word' id='word_1_121' title='bbox 1162 1587 1310 1670; x_wconf 84' lang='grc' dir='ltr'><strong><em>σπηλαίμ,</em></strong></span> <span class='ocrx_word' id='word_1_122' title='bbox 1333 1601 1466 1666; x_wconf 84' lang='grc' dir='ltr'><strong><em>προςενε·</em></strong></span> 
     </span>
    </p>

    <p class='ocr_par' dir='ltr' id='par_1_3' title="bbox 210 1678 1469 2992">
     <span class='ocr_line' id='line_1_14' title="bbox 210 1678 1465 1769; baseline 0.002 -25"><span class='ocrx_word' id='word_1_123' title='bbox 210 1709 261 1752; x_wconf 72' lang='grc' dir='ltr'><strong><em>τις.</em></strong></span> <span class='ocrx_word' id='word_1_124' title='bbox 274 1699 306 1744; x_wconf 79' lang='grc' dir='ltr'><strong><em>ιτ.</em></strong></span> <span class='ocrx_word' id='word_1_125' title='bbox 319 1681 428 1763; x_wconf 88' lang='grc' dir='ltr'><strong><em>χθέντα</em></strong></span> <span class='ocrx_word' id='word_1_126' title='bbox 442 1683 473 1746; x_wconf 82' lang='grc' dir='ltr'><strong><em>έν</em></strong></span> <span class='ocrx_word' id='word_1_127' title='bbox 483 1678 701 1768; x_wconf 81' lang='grc' dir='ltr'><strong><em>Ἱεροσολύμοις,</em></strong></span> <span class='ocrx_word' id='word_1_128' title='bbox 719 1685 962 1769; x_wconf 85' lang='grc' dir='ltr'><strong><em>έναγκαλισθέντα</em></strong></span> <span class='ocrx_word' id='word_1_129' title='bbox 975 1681 1035 1750; x_wconf 88' lang='grc' dir='ltr'><strong><em>ύπδ</em></strong></span> <span class='ocrx_word' id='word_1_130' title='bbox 1051 1691 1106 1749; x_wconf 85' lang='grc' dir='ltr'><strong><em>τού</em></strong></span> <span class='ocrx_word' id='word_1_131' title='bbox 1115 1691 1285 1766; x_wconf 76' lang='grc' dir='ltr'><strong><em>Συμεῶνος,</em></strong></span> <span class='ocrx_word' id='word_1_132' title='bbox 1302 1681 1465 1764; x_wconf 88' lang='grc' dir='ltr'><strong><em>όνθομολο-</em></strong></span> 
     </span>
     <span class='ocr_line' id='line_1_15' title="bbox 319 1780 1467 1870; baseline 0.003 -24"><span class='ocrx_word' id='word_1_133' title='bbox 319 1783 449 1868; x_wconf 85' lang='grc' dir='ltr'><strong><em>γηθέντα</em></strong></span> <span class='ocrx_word' id='word_1_134' title='bbox 470 1780 531 1850; x_wconf 87' lang='grc' dir='ltr'><strong><em>ύπό</em></strong></span> <span class='ocrx_word' id='word_1_135' title='bbox 548 1783 658 1868; x_wconf 77' lang='grc' dir='ltr'><strong><em>’Ἀννης</em></strong></span> <span class='ocrx_word' id='word_1_136' title='bbox 676 1794 729 1866; x_wconf 82' lang='grc' dir='ltr'><strong><em>τῆς</em></strong></span> <span class='ocrx_word' id='word_1_137' title='bbox 747 1793 801 1851; x_wconf 84' lang='grc' dir='ltr'><strong><em>τοῦ</em></strong></span> <span class='ocrx_word' id='word_1_138' title='bbox 821 1785 962 1869; x_wconf 85' lang='grc' dir='ltr'><strong><em>Φανουήλ</em></strong></span> <span class='ocrx_word' id='word_1_139' title='bbox 982 1789 1184 1870; x_wconf 72' lang='grc' dir='ltr'><strong><em>προφήτιδας,</em></strong></span> <span class='ocrx_word' id='word_1_140' title='bbox 1207 1782 1407 1868; x_wconf 67' lang='grc' dir='ltr'><strong><em>ἐπενεχθέντα</em></strong></span> <span class='ocrx_word' id='word_1_141' title='bbox 1427 1786 1467 1859; x_wconf 75' lang='grc' dir='ltr'><strong><em>τίς</em></strong></span> 
     </span>
     <span class='ocr_line' id='line_1_16' title="bbox 321 1883 1464 1976; baseline 0.001 -27"><span class='ocrx_word' id='word_1_142' title='bbox 321 1885 469 1969; x_wconf 79' lang='grc' dir='ltr'><strong><em>Ναζαρέτ,</em></strong></span> <span class='ocrx_word' id='word_1_143' title='bbox 492 1886 619 1953; x_wconf 86' lang='grc' dir='ltr'><strong><em>έλθόντα</em></strong></span> <span class='ocrx_word' id='word_1_144' title='bbox 637 1895 679 1976; x_wconf 91' lang='grc' dir='ltr'><strong><em>τῷ</em></strong></span> <span class='ocrx_word' id='word_1_145' title='bbox 700 1890 766 1971; x_wconf 82' lang='grc' dir='ltr'><strong><em>έξῆς</em></strong></span> <span class='ocrx_word' id='word_1_146' title='bbox 789 1891 913 1976; x_wconf 88' lang='grc' dir='ltr'><strong><em>ένιαυτῷ</em></strong></span> <span class='ocrx_word' id='word_1_147' title='bbox 935 1886 1071 1971; x_wconf 81' lang='grc' dir='ltr'><strong><em>όφθῆναι</em></strong></span> <span class='ocrx_word' id='word_1_148' title='bbox 1089 1887 1219 1953; x_wconf 86' lang='grc' dir='ltr'><strong><em>ένώπιον</em></strong></span> <span class='ocrx_word' id='word_1_149' title='bbox 1240 1890 1347 1970; x_wconf 85' lang='grc' dir='ltr'><strong><em>κυρίου</em></strong></span> <span class='ocrx_word' id='word_1_150' title='bbox 1364 1889 1407 1962; x_wconf 78' lang='grc' dir='ltr'><strong><em>εἰς</em></strong></span> <span class='ocrx_word' id='word_1_151' title='bbox 1420 1883 1464 1950; x_wconf 84' lang='grc' dir='ltr'><strong><em>Ἱε-</em></strong></span> 
     </span>
     <span class='ocr_line' id='line_1_17' title="bbox 320 1985 1466 2075; baseline 0 -23"><span class='ocrx_word' id='word_1_152' title='bbox 320 1985 487 2072; x_wconf 89' lang='grc' dir='ltr'><strong><em>ρουσαλήμ,</em></strong></span> <span class='ocrx_word' id='word_1_153' title='bbox 508 1988 668 2074; x_wconf 86' lang='grc' dir='ltr'><strong><em>γενόμενόν</em></strong></span> <span class='ocrx_word' id='word_1_154' title='bbox 682 2015 713 2056; x_wconf 91' lang='grc' dir='ltr'><strong><em>τε</em></strong></span> <span class='ocrx_word' id='word_1_155' title='bbox 731 1994 763 2056; x_wconf 87' lang='grc' dir='ltr'><strong><em>έν</em></strong></span> <span class='ocrx_word' id='word_1_156' title='bbox 782 1991 916 2073; x_wconf 79' lang='grc' dir='ltr'><strong><em>Βηθλεὲμ</em></strong></span> <span class='ocrx_word' id='word_1_157' title='bbox 935 1987 985 2055; x_wconf 85' lang='grc' dir='ltr'><strong><em>διά</em></strong></span> <span class='ocrx_word' id='word_1_158' title='bbox 1001 1987 1056 2072; x_wconf 81' lang='grc' dir='ltr'><strong><em>τήν</em></strong></span> <span class='ocrx_word' id='word_1_159' title='bbox 1070 1993 1240 2075; x_wconf 89' lang='grc' dir='ltr'><strong><em>συγγένειαν</em></strong></span> <span class='ocrx_word' id='word_1_160' title='bbox 1257 1985 1318 2054; x_wconf 87' lang='grc' dir='ltr'><strong><em>ύττό</em></strong></span> <span class='ocrx_word' id='word_1_161' title='bbox 1339 1994 1394 2070; x_wconf 80' lang='grc' dir='ltr'><strong><em>τῆς</em></strong></span> <span class='ocrx_word' id='word_1_162' title='bbox 1414 2013 1466 2069; x_wconf 91' lang='grc' dir='ltr'><strong><em>μη·</em></strong></span> 
     </span>
     <span class='ocr_line' id='line_1_18' title="bbox 319 2085 1466 2175; baseline 0.001 -23"><span class='ocrx_word' id='word_1_163' title='bbox 319 2086 389 2173; x_wconf 89' lang='grc' dir='ltr'><strong><em>τρός</em></strong></span> <span class='ocrx_word' id='word_1_164' title='bbox 405 2087 633 2173; x_wconf 73' lang='grc' dir='ltr'><strong><em>βασταζόμενον,</em></strong></span> <span class='ocrx_word' id='word_1_165' title='bbox 656 2085 748 2169; x_wconf 79' lang='grc' dir='ltr'><strong><em>αὖθις</em></strong></span> <span class='ocrx_word' id='word_1_166' title='bbox 764 2092 851 2158; x_wconf 85' lang='grc' dir='ltr'><strong><em>πάλιν</em></strong></span> <span class='ocrx_word' id='word_1_167' title='bbox 871 2096 914 2168; x_wconf 83' lang='grc' dir='ltr'><strong><em>είς</em></strong></span> <span class='ocrx_word' id='word_1_168' title='bbox 931 2092 1064 2175; x_wconf 78' lang='grc' dir='ltr'><strong><em>Ναζαρὲτ</em></strong></span> <span class='ocrx_word' id='word_1_169' title='bbox 1087 2089 1299 2173; x_wconf 83' lang='grc' dir='ltr'><strong><em>άπτνεχθέντα,</em></strong></span> <span class='ocrx_word' id='word_1_170' title='bbox 1321 2090 1373 2154; x_wconf 80' lang='grc' dir='ltr'><strong><em>καί</em></strong></span> <span class='ocrx_word' id='word_1_171' title='bbox 1393 2085 1466 2154; x_wconf 86' lang='grc' dir='ltr'><strong><em>κατά</em></strong></span> 
     </span>
     <span class='ocr_line' id='line_1_19' title="bbox 319 2190 1467 2278; baseline 0 -25"><span class='ocrx_word' id='word_1_172' title='bbox 319 2192 459 2276; x_wconf 84' lang='grc' dir='ltr'><strong><em>δευτέραν</em></strong></span> <span class='ocrx_word' id='word_1_173' title='bbox 483 2197 620 2278; x_wconf 77' lang='grc' dir='ltr'><strong><em>περίοδον</em></strong></span> <span class='ocrx_word' id='word_1_174' title='bbox 644 2197 779 2260; x_wconf 84' lang='grc' dir='ltr'><strong><em>ένιαυταῢ</em></strong></span> <span class='ocrx_word' id='word_1_175' title='bbox 803 2197 846 2270; x_wconf 89' lang='grc' dir='ltr'><strong><em>είς</em></strong></span> <span class='ocrx_word' id='word_1_176' title='bbox 867 2192 904 2258; x_wconf 88' lang='grc' dir='ltr'><strong><em>τά</em></strong></span> <span class='ocrx_word' id='word_1_177' title='bbox 926 2190 1110 2278; x_wconf 80' lang='grc' dir='ltr'><strong><em>Ἱεροσόλυμα</em></strong></span> <span class='ocrx_word' id='word_1_178' title='bbox 1136 2195 1185 2258; x_wconf 82' lang='grc' dir='ltr'><strong><em>καί</em></strong></span> <span class='ocrx_word' id='word_1_179' title='bbox 1209 2191 1345 2274; x_wconf 78' lang='grc' dir='ltr'><strong><em>Βηθλεὲμ</em></strong></span> <span class='ocrx_word' id='word_1_180' title='bbox 1371 2193 1467 2272; x_wconf 89' lang='grc' dir='ltr'><strong><em>έληλυ-</em></strong></span> 
     </span>
     <span class='ocr_line' id='line_1_20' title="bbox 320 2290 1467 2378; baseline -0.003 -21"><span class='ocrx_word' id='word_1_181' title='bbox 320 2290 415 2372; x_wconf 86' lang='grc' dir='ltr'><strong><em>θότα,</em></strong></span> <span class='ocrx_word' id='word_1_182' title='bbox 436 2295 652 2378; x_wconf 79' lang='grc' dir='ltr'><strong><em>βασταζόμενον</em></strong></span> <span class='ocrx_word' id='word_1_183' title='bbox 672 2294 811 2372; x_wconf 87' lang='grc' dir='ltr'><strong><em>ώςαύτως</em></strong></span> <span class='ocrx_word' id='word_1_184' title='bbox 832 2293 891 2360; x_wconf 86' lang='grc' dir='ltr'><strong><em>ύπό</em></strong></span> <span class='ocrx_word' id='word_1_185' title='bbox 914 2303 968 2378; x_wconf 82' lang='grc' dir='ltr'><strong><em>τῆς</em></strong></span> <span class='ocrx_word' id='word_1_186' title='bbox 986 2299 1064 2370; x_wconf 85' lang='grc' dir='ltr'><strong><em>ίδίας</em></strong></span> <span class='ocrx_word' id='word_1_187' title='bbox 1084 2293 1208 2378; x_wconf 88' lang='grc' dir='ltr'><strong><em>μητρός,</em></strong></span> <span class='ocrx_word' id='word_1_188' title='bbox 1230 2296 1262 2359; x_wconf 84' lang='grc' dir='ltr'><strong><em>έν</em></strong></span> <span class='ocrx_word' id='word_1_189' title='bbox 1280 2292 1417 2374; x_wconf 75' lang='grc' dir='ltr'><strong><em>Βηθλεὲμ</em></strong></span> <span class='ocrx_word' id='word_1_190' title='bbox 1438 2291 1467 2354; x_wconf 79' lang='grc' dir='ltr'><strong><em>δὲ</em></strong></span> 
     </span>
     <span class='ocr_line' id='line_1_21' title="bbox 321 2390 1468 2488; baseline -0.003 -29"><span class='ocrx_word' id='word_1_191' title='bbox 321 2395 354 2459; x_wconf 82' lang='grc' dir='ltr'><strong><em>έν</em></strong></span> <span class='ocrx_word' id='word_1_192' title='bbox 375 2399 455 2484; x_wconf 82' lang='grc' dir='ltr'><strong><em>οίιιίμ</em></strong></span> <span class='ocrx_word' id='word_1_193' title='bbox 471 2397 654 2464; x_wconf 86' lang='grc' dir='ltr'><strong><em>κατελθόντα</em></strong></span> <span class='ocrx_word' id='word_1_194' title='bbox 671 2396 728 2464; x_wconf 87' lang='grc' dir='ltr'><strong><em>σύν</em></strong></span> <span class='ocrx_word' id='word_1_195' title='bbox 742 2405 779 2488; x_wconf 78' lang='grc' dir='ltr'><strong><em>τῷ</em></strong></span> <span class='ocrx_word' id='word_1_196' title='bbox 795 2401 855 2486; x_wconf 81' lang='grc' dir='ltr'><strong><em>ίδίρι</em></strong></span> <span class='ocrx_word' id='word_1_197' title='bbox 876 2399 965 2481; x_wconf 82' lang='grc' dir='ltr'><strong><em>μητρί</em></strong></span> <span class='ocrx_word' id='word_1_198' title='bbox 981 2399 1031 2462; x_wconf 85' lang='grc' dir='ltr'><strong><em>καί</em></strong></span> <span class='ocrx_word' id='word_1_199' title='bbox 1046 2395 1155 2479; x_wconf 85' lang='grc' dir='ltr'><strong><em>Ἰωσήφ</em></strong></span> <span class='ocrx_word' id='word_1_200' title='bbox 1176 2398 1291 2481; x_wconf 81' lang='grc' dir='ltr'><strong><em>γέροντι</em></strong></span> <span class='ocrx_word' id='word_1_201' title='bbox 1313 2391 1393 2474; x_wconf 86' lang='grc' dir='ltr'><strong><em>όντι,</em></strong></span> <span class='ocrx_word' id='word_1_202' title='bbox 1415 2390 1468 2457; x_wconf 85' lang='grc' dir='ltr'><strong><em>σύν</em></strong></span> 
     </span>
     <span class='ocr_line' id='line_1_22' title="bbox 320 2496 1467 2589; baseline -0.003 -29"><span class='ocrx_word' id='word_1_203' title='bbox 320 2504 358 2584; x_wconf 77' lang='grc' dir='ltr'><strong><em>τῷ</em></strong></span> <span class='ocrx_word' id='word_1_204' title='bbox 369 2502 475 2585; x_wconf 83' lang='grc' dir='ltr'><strong><em>Μαρίμ</em></strong></span> <span class='ocrx_word' id='word_1_205' title='bbox 490 2500 522 2564; x_wconf 86' lang='grc' dir='ltr'><strong><em>δὲ</em></strong></span> <span class='ocrx_word' id='word_1_206' title='bbox 538 2497 610 2578; x_wconf 86' lang='grc' dir='ltr'><strong><em>όντι,</em></strong></span> <span class='ocrx_word' id='word_1_207' title='bbox 629 2497 746 2566; x_wconf 84' lang='grc' dir='ltr'><strong><em>κόκεῖσε</em></strong></span> <span class='ocrx_word' id='word_1_208' title='bbox 758 2507 798 2589; x_wconf 89' lang='grc' dir='ltr'><strong><em>τῷ</em></strong></span> <span class='ocrx_word' id='word_1_209' title='bbox 815 2502 941 2588; x_wconf 76' lang='grc' dir='ltr'><strong><em>δευτέρῳ</em></strong></span> <span class='ocrx_word' id='word_1_210' title='bbox 956 2502 1011 2564; x_wconf 87' lang='grc' dir='ltr'><strong><em>έτει</em></strong></span> <span class='ocrx_word' id='word_1_211' title='bbox 1025 2496 1119 2563; x_wconf 85' lang='grc' dir='ltr'><strong><em>αύτού</em></strong></span> <span class='ocrx_word' id='word_1_212' title='bbox 1135 2497 1296 2582; x_wconf 82' lang='grc' dir='ltr'><strong><em>γεννήσεως</em></strong></span> <span class='ocrx_word' id='word_1_213' title='bbox 1309 2519 1467 2560; x_wconf 84' lang='grc' dir='ltr'><strong><em>κατοπτευ·</em></strong></span> 
     </span>
     <span class='ocr_line' id='line_1_23' title="bbox 320 2589 1469 2687; baseline -0.002 -25"><span class='ocrx_word' id='word_1_214' title='bbox 320 2600 414 2662; x_wconf 80' lang='grc' dir='ltr'><strong><em>θέντα</em></strong></span> <span class='ocrx_word' id='word_1_215' title='bbox 433 2597 494 2665; x_wconf 87' lang='grc' dir='ltr'><strong><em>ύπδ</em></strong></span> <span class='ocrx_word' id='word_1_216' title='bbox 517 2607 577 2665; x_wconf 85' lang='grc' dir='ltr'><strong><em>τών</em></strong></span> <span class='ocrx_word' id='word_1_217' title='bbox 592 2601 710 2687; x_wconf 91' lang='grc' dir='ltr'><strong><em>Μάγων</em></strong></span> <span class='ocrx_word' id='word_1_218' title='bbox 732 2589 976 2686; x_wconf 78' lang='grc' dir='ltr'><strong><em>προςκυνηθῐγάαι</em></strong></span> <span class='ocrx_word' id='word_1_219' title='bbox 997 2605 1080 2686; x_wconf 84' lang='grc' dir='ltr'><strong><em>δώρα</em></strong></span> <span class='ocrx_word' id='word_1_220' title='bbox 1101 2599 1245 2683; x_wconf 76' lang='grc' dir='ltr'><strong><em>λαβόντα,</em></strong></span> <span class='ocrx_word' id='word_1_221' title='bbox 1267 2599 1318 2663; x_wconf 83' lang='grc' dir='ltr'><strong><em>καί</em></strong></span> <span class='ocrx_word' id='word_1_222' title='bbox 1339 2599 1372 2663; x_wconf 87' lang='grc' dir='ltr'><strong><em>έν</em></strong></span> <span class='ocrx_word' id='word_1_223' title='bbox 1395 2593 1469 2683; x_wconf 77' lang='grc' dir='ltr'><strong><em>αύτῷ</em></strong></span> 
     </span>
     <span class='ocr_line' id='line_1_24' title="bbox 321 2698 1468 2792; baseline -0.002 -30"><span class='ocrx_word' id='word_1_224' title='bbox 321 2705 358 2787; x_wconf 79' lang='grc' dir='ltr'><strong><em>τῷ</em></strong></span> <span class='ocrx_word' id='word_1_225' title='bbox 375 2702 458 2766; x_wconf 82' lang='grc' dir='ltr'><strong><em>νυκτί</em></strong></span> <span class='ocrx_word' id='word_1_226' title='bbox 481 2698 531 2766; x_wconf 73' lang='grc' dir='ltr'><strong><em>ὕπ’</em></strong></span> <span class='ocrx_word' id='word_1_227' title='bbox 554 2700 676 2789; x_wconf 86' lang='grc' dir='ltr'><strong><em>άγγέλου</em></strong></span> <span class='ocrx_word' id='word_1_228' title='bbox 697 2712 738 2792; x_wconf 88' lang='grc' dir='ltr'><strong><em>τῷ</em></strong></span> <span class='ocrx_word' id='word_1_229' title='bbox 760 2702 868 2786; x_wconf 83' lang='grc' dir='ltr'><strong><em>Ἰωσήφ</em></strong></span> <span class='ocrx_word' id='word_1_230' title='bbox 892 2707 1122 2787; x_wconf 78' lang='grc' dir='ltr'><strong><em>χρηματίσαντος</em></strong></span> <span class='ocrx_word' id='word_1_231' title='bbox 1139 2704 1181 2776; x_wconf 89' lang='grc' dir='ltr'><strong><em>είς</em></strong></span> <span class='ocrx_word' id='word_1_232' title='bbox 1196 2704 1353 2784; x_wconf 86' lang='grc' dir='ltr'><strong><em>Αίγυπτον</em></strong></span> <span class='ocrx_word' id='word_1_233' title='bbox 1375 2723 1468 2782; x_wconf 89' lang='grc' dir='ltr'><strong><em>παρα-</em></strong></span> 
     </span>
     <span class='ocr_line' id='line_1_25' title="bbox 321 2800 1468 2884; baseline 0 -20"><span class='ocrx_word' id='word_1_234' title='bbox 321 2803 490 2884; x_wconf 82' lang='grc' dir='ltr'><strong><em>ληφθέντα,</em></strong></span> <span class='ocrx_word' id='word_1_235' title='bbox 512 2801 563 2868; x_wconf 88' lang='grc' dir='ltr'><strong><em>άπ’</em></strong></span> <span class='ocrx_word' id='word_1_236' title='bbox 578 2808 694 2870; x_wconf 81' lang='grc' dir='ltr'><strong><em>ἐκεῖθεν</em></strong></span> <span class='ocrx_word' id='word_1_237' title='bbox 709 2831 740 2870; x_wconf 91' lang='grc' dir='ltr'><strong><em>τε</em></strong></span> <span class='ocrx_word' id='word_1_238' title='bbox 760 2805 849 2871; x_wconf 85' lang='grc' dir='ltr'><strong><em>πάλιν</em></strong></span> <span class='ocrx_word' id='word_1_239' title='bbox 866 2805 916 2871; x_wconf 84' lang='grc' dir='ltr'><strong><em>διά</em></strong></span> <span class='ocrx_word' id='word_1_240' title='bbox 935 2803 990 2869; x_wconf 92' lang='grc' dir='ltr'><strong><em>δύο</em></strong></span> <span class='ocrx_word' id='word_1_241' title='bbox 1011 2807 1084 2868; x_wconf 81' lang='grc' dir='ltr'><strong><em>έτῷν</em></strong></span> <span class='ocrx_word' id='word_1_242' title='bbox 1101 2800 1354 2884; x_wconf 75' lang='grc' dir='ltr'><strong><em>ἐπανεληλυθότα,</em></strong></span> <span class='ocrx_word' id='word_1_243' title='bbox 1375 2807 1468 2864; x_wconf 89' lang='grc' dir='ltr'><strong><em>τελευ-</em></strong></span> 
     </span>
     <span class='ocr_line' id='line_1_26' title="bbox 321 2900 1173 2992; baseline 0.004 -26"><span class='ocrx_word' id='word_1_244' title='bbox 321 2900 462 2984; x_wconf 87' lang='grc' dir='ltr'><strong><em>τήσαντος</em></strong></span> <span class='ocrx_word' id='word_1_245' title='bbox 482 2913 537 2970; x_wconf 83' lang='grc' dir='ltr'><strong><em>τοῦ</em></strong></span> <span class='ocrx_word' id='word_1_246' title='bbox 557 2903 708 2992; x_wconf 87' lang='grc' dir='ltr'><strong><em>Ἡρώδου,</em></strong></span> <span class='ocrx_word' id='word_1_247' title='bbox 729 2905 883 2990; x_wconf 73' lang='grc' dir='ltr'><strong><em>Ἀρχελάου</em></strong></span> <span class='ocrx_word' id='word_1_248' title='bbox 905 2931 934 2972; x_wconf 90' lang='grc' dir='ltr'><strong><em>τε</em></strong></span> <span class='ocrx_word' id='word_1_249' title='bbox 956 2907 1173 2988; x_wconf 82' lang='grc' dir='ltr'><strong><em>διαδεξαμένου.</em></strong></span> 
     </span>
    </p>

    <p class='ocr_par' dir='ltr' id='par_1_4' title="bbox 187 3001 1470 3301">
     <span class='ocr_line' id='line_1_27' title="bbox 187 3001 1469 3097; baseline -0.006 -24"><span class='ocrx_word' id='word_1_250' title='bbox 187 3019 255 3088; x_wconf 84' lang='grc' dir='ltr'><strong><em>Κεφ.</em></strong></span> <span class='ocrx_word' id='word_1_251' title='bbox 273 3019 304 3093; x_wconf 84' lang='grc' dir='ltr'><strong><em>β’,</em></strong></span> <span class='ocrx_word' id='word_1_252' title='bbox 411 3012 459 3093; x_wconf 86' lang='grc' dir='ltr'><strong><em>Τῷ</em></strong></span> <span class='ocrx_word' id='word_1_253' title='bbox 483 3003 539 3091; x_wconf 87' lang='grc' dir='ltr'><strong><em>γάρ</em></strong></span> <span class='ocrx_word' id='word_1_254' title='bbox 561 3014 725 3096; x_wconf 78' lang='grc' dir='ltr'><strong><em>τριακοστῷ</em></strong></span> <span class='ocrx_word' id='word_1_255' title='bbox 747 3014 834 3097; x_wconf 80' lang='grc' dir='ltr'><strong><em>τρίτῳ</em></strong></span> <span class='ocrx_word' id='word_1_256' title='bbox 858 3012 913 3074; x_wconf 87' lang='grc' dir='ltr'><strong><em>έτει</em></strong></span> <span class='ocrx_word' id='word_1_257' title='bbox 935 3006 1087 3094; x_wconf 87' lang='grc' dir='ltr'><strong><em>Ἡρώδου,</em></strong></span> <span class='ocrx_word' id='word_1_258' title='bbox 1108 3009 1328 3091; x_wconf 79' lang='grc' dir='ltr'><strong><em>τεσσαρακοστῷ</em></strong></span> <span class='ocrx_word' id='word_1_259' title='bbox 1350 3001 1382 3067; x_wconf 84' lang='grc' dir='ltr'><strong><em>δέ</em></strong></span> <span class='ocrx_word' id='word_1_260' title='bbox 1404 3005 1469 3067; x_wconf 90' lang='grc' dir='ltr'><strong><em>δευ-</em></strong></span> 
     </span>
     <span class='ocr_line' id='line_1_28' title="bbox 319 3103 1469 3195; baseline -0.003 -27"><span class='ocrx_word' id='word_1_261' title='bbox 319 3105 394 3195; x_wconf 86' lang='grc' dir='ltr'><strong><em>τέριμ</em></strong></span> <span class='ocrx_word' id='word_1_262' title='bbox 410 3104 588 3194; x_wconf 83' lang='grc' dir='ltr'><strong><em>Λύγούστου</em></strong></span> <span class='ocrx_word' id='word_1_263' title='bbox 602 3112 743 3192; x_wconf 89' lang='grc' dir='ltr'><strong><em>βασιλέως</em></strong></span> <span class='ocrx_word' id='word_1_264' title='bbox 758 3117 894 3195; x_wconf 85' lang='grc' dir='ltr'><strong><em>γεννᾶται</em></strong></span> <span class='ocrx_word' id='word_1_265' title='bbox 908 3108 926 3177; x_wconf 92' lang='grc' dir='ltr'><strong><em>ό</em></strong></span> <span class='ocrx_word' id='word_1_266' title='bbox 939 3109 1037 3194; x_wconf 86' lang='grc' dir='ltr'><strong><em>σωτήρ</em></strong></span> <span class='ocrx_word' id='word_1_267' title='bbox 1053 3111 1085 3176; x_wconf 86' lang='grc' dir='ltr'><strong><em>έν</em></strong></span> <span class='ocrx_word' id='word_1_268' title='bbox 1099 3108 1235 3190; x_wconf 86' lang='grc' dir='ltr'><strong><em>Βηθλεέμ</em></strong></span> <span class='ocrx_word' id='word_1_269' title='bbox 1250 3114 1305 3188; x_wconf 82' lang='grc' dir='ltr'><strong><em>τῆς</em></strong></span> <span class='ocrx_word' id='word_1_270' title='bbox 1316 3103 1469 3178; x_wconf 87' lang='grc' dir='ltr'><strong><em>Ἰουδαίας.</em></strong></span> 
     </span>
     <span class='ocr_line' id='line_1_29' title="bbox 323 3203 1470 3301; baseline -0.003 -30"><span class='ocrx_word' id='word_1_271' title='bbox 323 3206 445 3296; x_wconf 83' lang='grc' dir='ltr'><strong><em>Κάτεισι</em></strong></span> <span class='ocrx_word' id='word_1_272' title='bbox 469 3211 500 3276; x_wconf 88' lang='grc' dir='ltr'><strong><em>δέ</em></strong></span> <span class='ocrx_word' id='word_1_273' title='bbox 525 3213 566 3287; x_wconf 90' lang='grc' dir='ltr'><strong><em>είς</em></strong></span> <span class='ocrx_word' id='word_1_274' title='bbox 588 3215 742 3298; x_wconf 75' lang='grc' dir='ltr'><strong><em>Αἴγυπτον</em></strong></span> <span class='ocrx_word' id='word_1_275' title='bbox 766 3220 808 3301; x_wconf 87' lang='grc' dir='ltr'><strong><em>τῷ</em></strong></span> <span class='ocrx_word' id='word_1_276' title='bbox 829 3217 993 3301; x_wconf 88' lang='grc' dir='ltr'><strong><em>τριακοστῷ</em></strong></span> <span class='ocrx_word' id='word_1_277' title='bbox 1018 3214 1075 3278; x_wconf 79' lang='grc' dir='ltr'><strong><em>δτει</em></strong></span> <span class='ocrx_word' id='word_1_278' title='bbox 1099 3211 1152 3276; x_wconf 84' lang='grc' dir='ltr'><strong><em>καί</em></strong></span> <span class='ocrx_word' id='word_1_279' title='bbox 1175 3212 1299 3294; x_wconf 80' lang='grc' dir='ltr'><strong><em>πέμπτην</em></strong></span> <span class='ocrx_word' id='word_1_280' title='bbox 1322 3203 1470 3290; x_wconf 86' lang='grc' dir='ltr'><strong><em>Ἡρώδου,</em></strong></span> 
     </span>
    </p>

    <p class='ocr_par' dir='ltr' id='par_1_5' title="bbox 231 3305 1479 4514">
     <span class='ocr_line' id='line_1_30' title="bbox 231 3305 1472 3398; baseline -0.002 -24"><span class='ocrx_word' id='word_1_281' title='bbox 231 3331 234 3338; x_wconf 90' lang='grc'><strong>’</strong></span> <span class='ocrx_word' id='word_1_282' title='bbox 322 3307 414 3377; x_wconf 84' lang='grc' dir='ltr'><strong><em>όνεισι</em></strong></span> <span class='ocrx_word' id='word_1_283' title='bbox 437 3313 470 3378; x_wconf 83' lang='grc' dir='ltr'><strong><em>δέ</em></strong></span> <span class='ocrx_word' id='word_1_284' title='bbox 492 3311 553 3378; x_wconf 89' lang='grc' dir='ltr'><strong><em>άπό</em></strong></span> <span class='ocrx_word' id='word_1_285' title='bbox 574 3321 629 3396; x_wconf 83' lang='grc' dir='ltr'><strong><em>τῆς</em></strong></span> <span class='ocrx_word' id='word_1_286' title='bbox 648 3312 804 3398; x_wconf 80' lang='grc' dir='ltr'><strong><em>Αἰγύπτου</em></strong></span> <span class='ocrx_word' id='word_1_287' title='bbox 827 3314 898 3398; x_wconf 88' lang='grc' dir='ltr'><strong><em>μετά</em></strong></span> <span class='ocrx_word' id='word_1_288' title='bbox 919 3322 973 3396; x_wconf 84' lang='grc' dir='ltr'><strong><em>τῆς</em></strong></span> <span class='ocrx_word' id='word_1_289' title='bbox 994 3310 1128 3396; x_wconf 85' lang='grc' dir='ltr'><strong><em>Ἡρώδου</em></strong></span> <span class='ocrx_word' id='word_1_290' title='bbox 1153 3308 1296 3392; x_wconf 87' lang='grc' dir='ltr'><strong><em>τελευτήν.</em></strong></span> <span class='ocrx_word' id='word_1_291' title='bbox 1339 3305 1399 3373; x_wconf 87' lang='grc' dir='ltr'><strong><em>Διό</em></strong></span> <span class='ocrx_word' id='word_1_292' title='bbox 1423 3306 1472 3372; x_wconf 79' lang='grc' dir='ltr'><strong><em>ἐπέ</em></strong></span> 
     </span>
     <span class='ocr_line' id='line_1_31' title="bbox 322 3402 1473 3499; baseline -0.004 -23"><span class='ocrx_word' id='word_1_293' title='bbox 322 3412 478 3498; x_wconf 90' lang='grc' dir='ltr'><strong><em>τριάκοντα</em></strong></span> <span class='ocrx_word' id='word_1_294' title='bbox 500 3418 551 3481; x_wconf 85' lang='grc' dir='ltr'><strong><em>καί</em></strong></span> <span class='ocrx_word' id='word_1_295' title='bbox 574 3413 648 3481; x_wconf 84' lang='grc' dir='ltr'><strong><em>έπτά</em></strong></span> <span class='ocrx_word' id='word_1_296' title='bbox 671 3418 746 3481; x_wconf 88' lang='grc' dir='ltr'><strong><em>έτεσι</em></strong></span> <span class='ocrx_word' id='word_1_297' title='bbox 767 3423 819 3499; x_wconf 83' lang='grc' dir='ltr'><strong><em>τῆς</em></strong></span> <span class='ocrx_word' id='word_1_298' title='bbox 842 3413 935 3499; x_wconf 74' lang='grc' dir='ltr'><strong><em>αὐτῆς</em></strong></span> <span class='ocrx_word' id='word_1_299' title='bbox 954 3423 1008 3481; x_wconf 84' lang='grc' dir='ltr'><strong><em>τοῦ</em></strong></span> <span class='ocrx_word' id='word_1_300' title='bbox 1026 3412 1160 3497; x_wconf 79' lang='grc' dir='ltr'><strong><em>Ἡρώδου</em></strong></span> <span class='ocrx_word' id='word_1_301' title='bbox 1181 3409 1271 3496; x_wconf 86' lang='grc' dir='ltr'><strong><em>άρχής</em></strong></span> <span class='ocrx_word' id='word_1_302' title='bbox 1295 3402 1334 3492; x_wconf 79' lang='grc' dir='ltr'><strong><em>ἦν</em></strong></span> <span class='ocrx_word' id='word_1_303' title='bbox 1357 3404 1377 3474; x_wconf 92' lang='grc' dir='ltr'><strong><em>ό</em></strong></span> <span class='ocrx_word' id='word_1_304' title='bbox 1402 3416 1473 3482; x_wconf 87' lang='grc' dir='ltr'><strong><em>παῖς</em></strong></span> 
     </span>
     <span class='ocr_line' id='line_1_32' title="bbox 321 3511 1472 3602; baseline -0.003 -27"><span class='ocrx_word' id='word_1_305' title='bbox 321 3515 469 3600; x_wconf 87' lang='grc' dir='ltr'><strong><em>τεσσάρων</em></strong></span> <span class='ocrx_word' id='word_1_306' title='bbox 486 3519 574 3598; x_wconf 83' lang='grc' dir='ltr'><strong><em>έτών,</em></strong></span> <span class='ocrx_word' id='word_1_307' title='bbox 595 3515 644 3583; x_wconf 86' lang='grc' dir='ltr'><strong><em>ότε</em></strong></span> <span class='ocrx_word' id='word_1_308' title='bbox 660 3514 793 3602; x_wconf 82' lang='grc' dir='ltr'><strong><em>Ἡρώδης</em></strong></span> <span class='ocrx_word' id='word_1_309' title='bbox 807 3515 1034 3601; x_wconf 88' lang='grc' dir='ltr'><strong><em>τριακονταεπτά</em></strong></span> <span class='ocrx_word' id='word_1_310' title='bbox 1051 3518 1101 3598; x_wconf 84' lang='grc' dir='ltr'><strong><em>έτη</em></strong></span> <span class='ocrx_word' id='word_1_311' title='bbox 1119 3513 1277 3599; x_wconf 72' lang='grc' dir='ltr'><strong><em>πληρώσας</em></strong></span> <span class='ocrx_word' id='word_1_312' title='bbox 1292 3511 1472 3594; x_wconf 82' lang='grc' dir='ltr'><strong><em>κατέστρεψε</em></strong></span> 
     </span>
     <span class='ocr_line' id='line_1_33' title="bbox 322 3610 1474 3704; baseline 0.008 -29"><span class='ocrx_word' id='word_1_313' title='bbox 322 3610 374 3677; x_wconf 91' lang='grc' dir='ltr'><strong><em>τόν</em></strong></span> <span class='ocrx_word' id='word_1_314' title='bbox 390 3621 464 3697; x_wconf 88' lang='grc' dir='ltr'><strong><em>βίον.</em></strong></span> <span class='ocrx_word' id='word_1_315' title='bbox 506 3617 657 3704; x_wconf 77' lang='grc' dir='ltr'><strong><em>Ἀρχέλαος</em></strong></span> <span class='ocrx_word' id='word_1_316' title='bbox 675 3619 707 3684; x_wconf 83' lang='grc' dir='ltr'><strong><em>δέ</em></strong></span> <span class='ocrx_word' id='word_1_317' title='bbox 723 3621 808 3686; x_wconf 89' lang='grc' dir='ltr'><strong><em>έννέα</em></strong></span> <span class='ocrx_word' id='word_1_318' title='bbox 823 3621 872 3702; x_wconf 82' lang='grc' dir='ltr'><strong><em>έτη</em></strong></span> <span class='ocrx_word' id='word_1_319' title='bbox 888 3616 1044 3701; x_wconf 79' lang='grc' dir='ltr'><strong><em>βασιλεύει,</em></strong></span> <span class='ocrx_word' id='word_1_320' title='bbox 1066 3611 1104 3683; x_wconf 85' lang='grc' dir='ltr'><strong><em>ού</em></strong></span> <span class='ocrx_word' id='word_1_321' title='bbox 1120 3619 1152 3682; x_wconf 87' lang='grc' dir='ltr'><strong><em>έν</em></strong></span> <span class='ocrx_word' id='word_1_322' title='bbox 1167 3613 1242 3702; x_wconf 78' lang='grc' dir='ltr'><strong><em>άρχῷ</em></strong></span> <span class='ocrx_word' id='word_1_323' title='bbox 1259 3621 1312 3696; x_wconf 82' lang='grc' dir='ltr'><strong><em>τῆς</em></strong></span> <span class='ocrx_word' id='word_1_324' title='bbox 1326 3616 1474 3695; x_wconf 75' lang='grc' dir='ltr'><strong><em>βασιλείας</em></strong></span> 
     </span>
     <span class='ocr_line' id='line_1_34' title="bbox 324 3709 1475 3809; baseline -0.012 -20"><span class='ocrx_word' id='word_1_325' title='bbox 324 3713 409 3789; x_wconf 66' lang='grc' dir='ltr'><strong><em>έέῑῡίν</em></strong></span> <span class='ocrx_word' id='word_1_326' title='bbox 423 3715 530 3802; x_wconf 76' lang='grc' dir='ltr'><strong><em>Ἰωσήφ</em></strong></span> <span class='ocrx_word' id='word_1_327' title='bbox 549 3718 599 3786; x_wconf 78' lang='grc' dir='ltr'><strong><em>ἅττ’</em></strong></span> <span class='ocrx_word' id='word_1_328' title='bbox 615 3721 771 3807; x_wconf 85' lang='grc' dir='ltr'><strong><em>Αίγύπτου</em></strong></span> <span class='ocrx_word' id='word_1_329' title='bbox 786 3721 847 3804; x_wconf 82' lang='grc' dir='ltr'><strong><em>άμα</em></strong></span> <span class='ocrx_word' id='word_1_330' title='bbox 863 3727 899 3809; x_wconf 75' lang='grc' dir='ltr'><strong><em>τῇ</em></strong></span> <span class='ocrx_word' id='word_1_331' title='bbox 914 3725 1023 3808; x_wconf 84' lang='grc' dir='ltr'><strong><em>Μαρίμ</em></strong></span> <span class='ocrx_word' id='word_1_332' title='bbox 1039 3721 1090 3784; x_wconf 83' lang='grc' dir='ltr'><strong><em>καί</em></strong></span> <span class='ocrx_word' id='word_1_333' title='bbox 1104 3725 1147 3808; x_wconf 80' lang='grc' dir='ltr'><strong><em>τῷ</em></strong></span> <span class='ocrx_word' id='word_1_334' title='bbox 1158 3718 1253 3794; x_wconf 81' lang='grc' dir='ltr'><strong><em>παιδί,</em></strong></span> <span class='ocrx_word' id='word_1_335' title='bbox 1275 3712 1410 3790; x_wconf 89' lang='grc' dir='ltr'><strong><em>άκούσας</em></strong></span> <span class='ocrx_word' id='word_1_336' title='bbox 1423 3709 1475 3778; x_wconf 86' lang='grc' dir='ltr'><strong><em>τόν</em></strong></span> 
     </span>
     <span class='ocr_line' id='line_1_35' title="bbox 323 3811 1475 3907; baseline 0 -28"><span class='ocrx_word' id='word_1_337' title='bbox 323 3811 476 3897; x_wconf 85' lang='grc' dir='ltr'><strong><em>’Λρχέλαον</em></strong></span> <span class='ocrx_word' id='word_1_338' title='bbox 491 3823 663 3903; x_wconf 88' lang='grc' dir='ltr'><strong><em>βασιλεύειν,</em></strong></span> <span class='ocrx_word' id='word_1_339' title='bbox 680 3820 861 3907; x_wconf 87' lang='grc' dir='ltr'><strong><em>άνεχώρησεν</em></strong></span> <span class='ocrx_word' id='word_1_340' title='bbox 875 3825 916 3898; x_wconf 82' lang='grc' dir='ltr'><strong><em>τίς</em></strong></span> <span class='ocrx_word' id='word_1_341' title='bbox 930 3821 966 3886; x_wconf 80' lang='grc' dir='ltr'><strong><em>τά</em></strong></span> <span class='ocrx_word' id='word_1_342' title='bbox 981 3823 1054 3907; x_wconf 90' lang='grc' dir='ltr'><strong><em>μέρη</em></strong></span> <span class='ocrx_word' id='word_1_343' title='bbox 1067 3827 1121 3906; x_wconf 83' lang='grc' dir='ltr'><strong><em>τῆς</em></strong></span> <span class='ocrx_word' id='word_1_344' title='bbox 1132 3821 1297 3896; x_wconf 85' lang='grc' dir='ltr'><strong><em>Γαλιλαίας,</em></strong></span> <span class='ocrx_word' id='word_1_345' title='bbox 1313 3817 1365 3881; x_wconf 81' lang='grc' dir='ltr'><strong><em>καὶ</em></strong></span> <span class='ocrx_word' id='word_1_346' title='bbox 1378 3812 1475 3902; x_wconf 84' lang='grc' dir='ltr'><strong><em>κακῷ-</em></strong></span> 
     </span>
     <span class='ocr_line' id='line_1_36' title="bbox 324 3915 1474 4011; baseline -0.003 -30"><span class='ocrx_word' id='word_1_347' title='bbox 324 3938 388 3982; x_wconf 89' lang='grc' dir='ltr'><strong><em>κισε</em></strong></span> <span class='ocrx_word' id='word_1_348' title='bbox 402 3917 467 3982; x_wconf 83' lang='grc' dir='ltr'><strong><em>τότε</em></strong></span> <span class='ocrx_word' id='word_1_349' title='bbox 482 3924 524 3996; x_wconf 79' lang='grc' dir='ltr'><strong><em>εἰς</em></strong></span> <span class='ocrx_word' id='word_1_350' title='bbox 539 3928 680 4009; x_wconf 79' lang='grc' dir='ltr'><strong><em>Ναζαρέτ.</em></strong></span> <span class='ocrx_word' id='word_1_351' title='bbox 722 3923 874 4010; x_wconf 76' lang='grc' dir='ltr'><strong><em>Ἀρχέλαος</em></strong></span> <span class='ocrx_word' id='word_1_352' title='bbox 890 3925 922 3990; x_wconf 84' lang='grc' dir='ltr'><strong><em>δέ</em></strong></span> <span class='ocrx_word' id='word_1_353' title='bbox 937 3930 1025 4011; x_wconf 84' lang='grc' dir='ltr'><strong><em>γεννῷ</em></strong></span> <span class='ocrx_word' id='word_1_354' title='bbox 1041 3921 1093 3987; x_wconf 87' lang='grc' dir='ltr'><strong><em>τόν</em></strong></span> <span class='ocrx_word' id='word_1_355' title='bbox 1104 3919 1238 4005; x_wconf 87' lang='grc' dir='ltr'><strong><em>Ἡρώδην</em></strong></span> <span class='ocrx_word' id='word_1_356' title='bbox 1253 3917 1305 3984; x_wconf 89' lang='grc' dir='ltr'><strong><em>τόν</em></strong></span> <span class='ocrx_word' id='word_1_357' title='bbox 1319 3915 1474 4002; x_wconf 86' lang='grc' dir='ltr'><strong><em>νεώτερον,</em></strong></span> 
     </span>
     <span class='ocr_line' id='line_1_37' title="bbox 325 4017 1476 4116; baseline -0.003 -32"><span class='ocrx_word' id='word_1_358' title='bbox 325 4019 376 4084; x_wconf 84' lang='grc' dir='ltr'><strong><em>καί</em></strong></span> <span class='ocrx_word' id='word_1_359' title='bbox 392 4021 539 4102; x_wconf 78' lang='grc' dir='ltr'><strong><em>βασιλεύει</em></strong></span> <span class='ocrx_word' id='word_1_360' title='bbox 555 4020 688 4109; x_wconf 81' lang='grc' dir='ltr'><strong><em>Ἡρώδης</em></strong></span> <span class='ocrx_word' id='word_1_361' title='bbox 706 4033 746 4116; x_wconf 89' lang='grc' dir='ltr'><strong><em>τῷ</em></strong></span> <span class='ocrx_word' id='word_1_362' title='bbox 763 4026 874 4114; x_wconf 83' lang='grc' dir='ltr'><strong><em>έννάτῷ</em></strong></span> <span class='ocrx_word' id='word_1_363' title='bbox 897 4027 954 4090; x_wconf 86' lang='grc' dir='ltr'><strong><em>έτει</em></strong></span> <span class='ocrx_word' id='word_1_364' title='bbox 970 4032 1023 4106; x_wconf 85' lang='grc' dir='ltr'><strong><em>τῆς</em></strong></span> <span class='ocrx_word' id='word_1_365' title='bbox 1042 4030 1096 4089; x_wconf 85' lang='grc' dir='ltr'><strong><em>τοῦ</em></strong></span> <span class='ocrx_word' id='word_1_366' title='bbox 1119 4021 1232 4106; x_wconf 87' lang='grc' dir='ltr'><strong><em>πατρός</em></strong></span> <span class='ocrx_word' id='word_1_367' title='bbox 1247 4017 1404 4104; x_wconf 77' lang='grc' dir='ltr'><strong><em>Ἀρχελάου</em></strong></span> <span class='ocrx_word' id='word_1_368' title='bbox 1422 4021 1476 4098; x_wconf 90' lang='grc' dir='ltr'><strong><em>βα·</em></strong></span> 
     </span>
     <span class='ocr_line' id='line_1_38' title="bbox 325 4117 1478 4214; baseline -0.016 -15"><span class='ocrx_word' id='word_1_369' title='bbox 325 4126 433 4197; x_wconf 55' lang='lat' dir='ltr'><em>cumae</em></span> <span class='ocrx_word' id='word_1_370' title='bbox 453 4121 528 4188; x_wconf 85' lang='grc' dir='ltr'><strong><em>κατά</em></strong></span> <span class='ocrx_word' id='word_1_371' title='bbox 550 4125 704 4210; x_wconf 86' lang='grc' dir='ltr'><strong><em>διαδοχήν,</em></strong></span> <span class='ocrx_word' id='word_1_372' title='bbox 726 4130 778 4194; x_wconf 81' lang='grc' dir='ltr'><strong><em>καί</em></strong></span> <span class='ocrx_word' id='word_1_373' title='bbox 798 4129 898 4214; x_wconf 90' lang='grc' dir='ltr'><strong><em>γέγονε</em></strong></span> <span class='ocrx_word' id='word_1_374' title='bbox 918 4133 958 4214; x_wconf 91' lang='grc' dir='ltr'><strong><em>τῷ</em></strong></span> <span class='ocrx_word' id='word_1_375' title='bbox 978 4124 1058 4214; x_wconf 87' lang='grc' dir='ltr'><strong><em>αύτῷ</em></strong></span> <span class='ocrx_word' id='word_1_376' title='bbox 1077 4129 1214 4207; x_wconf 86' lang='grc' dir='ltr'><strong><em>δεκατρία</em></strong></span> <span class='ocrx_word' id='word_1_377' title='bbox 1231 4125 1281 4204; x_wconf 87' lang='grc' dir='ltr'><strong><em>έτη</em></strong></span> <span class='ocrx_word' id='word_1_378' title='bbox 1304 4117 1478 4205; x_wconf 77' lang='grc' dir='ltr'><strong><em>λογιζόμενα</em></strong></span> 
     </span>
     <span class='ocr_line' id='line_1_39' title="bbox 324 4221 1477 4317; baseline -0.003 -31"><span class='ocrx_word' id='word_1_379' title='bbox 324 4230 362 4312; x_wconf 76' lang='grc' dir='ltr'><strong><em>τῷ</em></strong></span> <span class='ocrx_word' id='word_1_380' title='bbox 381 4223 513 4313; x_wconf 83' lang='grc' dir='ltr'><strong><em>ένσάρκῷ</em></strong></span> <span class='ocrx_word' id='word_1_381' title='bbox 531 4233 660 4309; x_wconf 84' lang='grc' dir='ltr'><strong><em>Χριστοῦ</em></strong></span> <span class='ocrx_word' id='word_1_382' title='bbox 678 4235 835 4317; x_wconf 75' lang='grc' dir='ltr'><strong><em>παρουσίᾳ.</em></strong></span> <span class='ocrx_word' id='word_1_383' title='bbox 877 4225 1135 4316; x_wconf 80' lang='grc' dir='ltr'><strong><em>Ὀκτωκαιδεκάτηο</em></strong></span> <span class='ocrx_word' id='word_1_384' title='bbox 1151 4227 1183 4290; x_wconf 80' lang='grc' dir='ltr'><strong><em>δέ</em></strong></span> <span class='ocrx_word' id='word_1_385' title='bbox 1199 4227 1255 4289; x_wconf 86' lang='grc' dir='ltr'><strong><em>έτει</em></strong></span> <span class='ocrx_word' id='word_1_386' title='bbox 1268 4221 1405 4308; x_wconf 85' lang='grc' dir='ltr'><strong><em>Ἡρώδου</em></strong></span> <span class='ocrx_word' id='word_1_387' title='bbox 1422 4225 1477 4284; x_wconf 86' lang='grc' dir='ltr'><strong><em>τού</em></strong></span> 
     </span>
     <span class='ocr_line' id='line_1_40' title="bbox 327 4321 1479 4414; baseline -0.004 -24"><span class='ocrx_word' id='word_1_388' title='bbox 327 4327 536 4408; x_wconf 89' lang='grc' dir='ltr'><strong><em>έπικληθέντος</em></strong></span> <span class='ocrx_word' id='word_1_389' title='bbox 551 4325 731 4413; x_wconf 78' lang='grc' dir='ltr'><strong><em>Ἀγρίππου,</em></strong></span> <span class='ocrx_word' id='word_1_390' title='bbox 753 4330 818 4396; x_wconf 85' lang='grc' dir='ltr'><strong><em>τότε</em></strong></span> <span class='ocrx_word' id='word_1_391' title='bbox 835 4329 942 4414; x_wconf 84' lang='grc' dir='ltr'><strong><em>ήρξατο</em></strong></span> <span class='ocrx_word' id='word_1_392' title='bbox 963 4326 981 4394; x_wconf 88' lang='grc' dir='ltr'><strong><em>ό</em></strong></span> <span class='ocrx_word' id='word_1_393' title='bbox 996 4327 1110 4412; x_wconf 83' lang='grc' dir='ltr'><strong><em>Ἰησοῦς</em></strong></span> <span class='ocrx_word' id='word_1_394' title='bbox 1126 4334 1180 4394; x_wconf 83' lang='grc' dir='ltr'><strong><em>τοῦ</em></strong></span> <span class='ocrx_word' id='word_1_395' title='bbox 1199 4324 1403 4410; x_wconf 85' lang='grc' dir='ltr'><strong><em>κηρύγματος,</em></strong></span> <span class='ocrx_word' id='word_1_396' title='bbox 1426 4321 1479 4385; x_wconf 86' lang='grc' dir='ltr'><strong><em>καί</em></strong></span> 
     </span>
     <span class='ocr_line' id='line_1_41' title="bbox 325 4420 1479 4514; baseline -0.004 -24"><span class='ocrx_word' id='word_1_397' title='bbox 325 4424 360 4491; x_wconf 87' lang='grc' dir='ltr'><strong><em>τό</em></strong></span> <span class='ocrx_word' id='word_1_398' title='bbox 380 4427 532 4514; x_wconf 88' lang='grc' dir='ltr'><strong><em>βάπτισμα</em></strong></span> <span class='ocrx_word' id='word_1_399' title='bbox 552 4428 586 4496; x_wconf 87' lang='grc' dir='ltr'><strong><em>τά</em></strong></span> <span class='ocrx_word' id='word_1_400' title='bbox 608 4427 667 4496; x_wconf 89' lang='grc' dir='ltr'><strong><em>άπό</em></strong></span> <span class='ocrx_word' id='word_1_401' title='bbox 682 4427 820 4498; x_wconf 88' lang='grc' dir='ltr'><strong><em>Ἰωάννου</em></strong></span> <span class='ocrx_word' id='word_1_402' title='bbox 842 4431 906 4498; x_wconf 88' lang='grc' dir='ltr'><strong><em>τότε</em></strong></span> <span class='ocrx_word' id='word_1_403' title='bbox 927 4431 1085 4514; x_wconf 81' lang='grc' dir='ltr'><strong><em>λαμβάνει,</em></strong></span> <span class='ocrx_word' id='word_1_404' title='bbox 1106 4432 1157 4496; x_wconf 83' lang='grc' dir='ltr'><strong><em>καὶ</em></strong></span> <span class='ocrx_word' id='word_1_405' title='bbox 1179 4425 1318 4512; x_wconf 81' lang='grc' dir='ltr'><strong><em>κηρύσσει</em></strong></span> <span class='ocrx_word' id='word_1_406' title='bbox 1338 4420 1479 4491; x_wconf 75' lang='grc' dir='ltr'><strong><em>ἐνιαυτόν</em></strong></span> 
     </span>
    </p>
   </div>
   <div class='ocr_carea' id='block_1_3' title="bbox 361 4563 1000 4635">
    <p class='ocr_par' dir='ltr' id='par_1_6' title="bbox 361 4563 1000 4635">
     <span class='ocr_line' id='line_1_42' title="bbox 361 4563 1000 4635; baseline 0.006 -17"><span class='ocrx_word' id='word_1_407' title='bbox 361 4563 420 4620; x_wconf 74' lang='lat' dir='ltr'><strong><em>Cn.</em></strong></span> <span class='ocrx_word' id='word_1_408' title='bbox 437 4568 457 4618; x_wconf 88' lang='lat'><strong><em>1.</em></strong></span> <span class='ocrx_word' id='word_1_409' title='bbox 474 4595 508 4607; x_wconf 96' lang='lat'>-</span> <span class='ocrx_word' id='word_1_410' title='bbox 544 4572 565 4622; x_wconf 81' lang='grc' dir='ltr'><strong><em>Ι.</em></strong></span> <span class='ocrx_word' id='word_1_411' title='bbox 583 4563 598 4623; x_wconf 76' lang='grc' dir='ltr'><strong><em>’ό</em></strong></span> <span class='ocrx_word' id='word_1_412' title='bbox 615 4587 639 4623; x_wconf 90' lang='grc' dir='ltr'><strong><em>τι</em></strong></span> <span class='ocrx_word' id='word_1_413' title='bbox 657 4569 764 4622; x_wconf 74' lang='lat' dir='ltr'>correxit</span> <span class='ocrx_word' id='word_1_414' title='bbox 781 4573 869 4635; x_wconf 81' lang='grc' dir='ltr'><strong><em>ίοτιμίι</em></strong></span> <span class='ocrx_word' id='word_1_415' title='bbox 887 4573 1000 4634; x_wconf 71' lang='grc' dir='ltr'><strong><em>διαλέγει,</em></strong></span> 
     </span>
    </p>
   </div>
   <div class='ocr_carea' id='block_1_4' title="bbox 0 0 1567 4984">
    <p class='ocr_par' dir='ltr' id='par_1_7' title="bbox 0 0 1567 4984">
     <span class='ocr_line' id='line_1_43' title="bbox 0 0 1567 4984; baseline 0 0"><span class='ocrx_word' id='word_1_416' title='bbox 0 0 1567 4984; x_wconf 95' lang='lat' dir='ltr'><strong><em> </em></strong></span> 
     </span>
    </p>
   </div>
  </div>
 </body>
</html>
