3112 4984
367 307 503 360 rnunnn
521 307 615 359 erar.
634 307 759 360 runnu.
779 307 877 363 nara.
892 309 1012 362 xxvtn.
1201 301 1263 365 ιιι
1333 275 1336 283 ’

110 445 179 510 gere
202 426 279 492 istud
304 425 409 506 debet,
440 426 512 490 nibil
536 445 602 491 essa
624 437 683 490 tota
707 427 761 491 bac
778 427 981 492 circulatorum
1000 429 1114 494 officina
1130 431 1260 497 stultius.
1360 506 1366 517 1

110 525 193 609 Quos
211 529 326 613 quidem
349 530 411 592 suis
430 529 559 614 ipsorum
579 529 677 592 verbis
694 529 889 612 ignominiose
908 530 1085 596 convincere
1103 532 1157 596 boc
1175 535 1263 598 modo

109 651 276 714 possumus.
322 629 439 696 Etenim
463 632 488 694 si
510 628 594 694 lesus
613 628 750 696 Christus
773 651 831 694 non
853 631 889 694 de
910 633 1026 716 virgine
1043 619 1139 696 Maria
1161 645 1259 716 natur,

107 733 157 795 sed
173 733 211 796 de
229 729 347 817 losepbi
364 733 493 811 semine,
526 734 685 818 eademque
700 727 796 796 Maria
812 745 1071 818 propagatuseet,
1096 746 1126 798 et
1140 736 1166 800 ie
1183 737 1260 801 sabu-

107 845 163 896 tem
184 833 372 920 adipiscitur,
396 837 483 898 etiarn
499 836 565 900 iffos
582 836 629 919 qui
648 835 740 920 ipsum
757 835 914 919 genuerint
930 855 997 899 osse
1014 837 1113 900 safres
1131 849 1258 923 oportet.

107 932 165 1018 Qui
178 936 206 1000 ei
221 957 239 1000 a
252 955 366 1000 summo
382 937 431 1000 iffo
449 936 550 1022 opifice
565 937 634 1000 facti
648 949 728 1014 sunt,
748 957 821 1000 sene
835 937 911 1000 bunc
925 957 992 1000 esee
1005 948 1169 1002 creatorem
1183 940 1261 1005 iuter

105 1037 169 1100 iffos
185 1039 343 1117 convenit,
367 1058 461 1122 neque
478 1039 526 1123 qui
543 1036 699 1124 losepbum
714 1035 898 1125 Mariamque
914 1039 1042 1102 condidit
1056 1040 1181 1105 defectui
1198 1063 1260 1106 am·

106 1140 177 1222 ptius
193 1141 375 1221 ascribetur,
400 1163 416 1204 ι
434 1141 539 1226 quibus
552 1138 638 1206 lesus
653 1152 735 1206 ortus
751 1153 813 1218 est,
837 1141 886 1226 qui
904 1141 940 1204 ub
956 1141 1057 1226 ignoto
1071 1141 1122 1206 iffo
1138 1153 1261 1227 parente

105 1242 256 1324 profectus
274 1254 331 1307 est.
378 1241 431 1308 Sin
451 1241 536 1308 lesus
555 1244 641 1308 etiam
658 1243 693 1308 ab
710 1243 822 1326 angefis
839 1252 955 1306 creatas
972 1253 1036 1322 est,
1060 1253 1091 1306 et
1107 1255 1154 1308 cst
1169 1265 1260 1328 euge-

106 1343 197 1407 fnrurn
218 1365 295 1408 unus
312 1346 411 1432 opifex
426 1347 506 1431 ipse,
529 1347 559 1410 in
577 1367 664 1409 nuum
684 1359 714 1408 et
730 1346 805 1408 idem
823 1344 978 1409 absurdum
997 1345 1086 1410 refnbi
1103 1347 1259 1411 universos

15 1491 16 1500 .
105 1465 229 1523 necesse
255 1457 317 1525 cst,
347 1446 377 1509 in
400 1448 476 1531 quod
499 1459 529 1511 ct
551 1448 645 1530 angcfi
665 1447 781 1531 ipsimet
797 1447 999 1526 incurrerunt,
1032 1465 1126 1531 oeque
1142 1448 1258 1512 iffornm

107 1547 200 1612 fabula
220 1548 384 1629 constabit,
414 1550 508 1614 fatalis
527 1549 675 1613 cuiusdam
691 1549 799 1612 veneni
817 1570 851 1612 ac
868 1549 1026 1633 pestiferae
1043 1550 1193 1614 doctrinae
1210 1571 1259 1613 re·

106 1651 190 1712 ferta.
237 1646 299 1713 Sed
315 1669 387 1728 uus,
417 1652 568 1735 profligata
587 1651 642 1714 bac
658 1650 774 1714 haeresi
790 1661 821 1714 οι
836 1649 866 1712 iu
885 1652 981 1734 fugam
998 1671 1160 1732 converse,
1191 1673 1257 1738 per-

104 1751 167 1816 inde
184 1773 221 1814 ιο
237 1752 385 1836 serpentia
404 1753 498 1837 cupite
514 1753 579 1818 bdci
596 1773 630 1816 ιο
645 1751 778 1816 veritatis
795 1749 898 1816 baculo
915 1753 993 1816 bunri
1009 1753 1102 1832 iffiso,
1133 1756 1169 1818 ad
1184 1753 1257 1820 adius

105 1863 303 1918 nonmrnrum
319 1853 480 1919 horrendas
499 1855 609 1940 effigies
624 1864 757 1940 promoto
774 1855 866 1938 gradu
883 1855 1011 1920 funditus
1031 1875 1082 1920 ees
1098 1856 1197 1922 delere
1214 1868 1258 1921 ιι-

106 1976 157 2036 que
181 1965 323 2018 evertere
344 1957 525 2021 conabimur.
1162 1965 1165 1972 '

294 2195 591 2274 ADVERSUS
627 2197 1064 2291 GERIN'I'HIANOS,

126 2316 196 2391 sire
218 2315 479 2409 bieriutbiauos,
506 2341 587 2412 quac
614 2325 665 2394 est
689 2317 969 2410 hecteriam,
994 2317 1049 2392 rel
1066 2315 1229 2392 XXVIII.

187 2464 332 2550 Sequitur
354 2464 530 2546 Cerintbua,
564 2489 581 2532 ι
604 2489 662 2552 quo
685 2464 866 2532 Cerintbiani
890 2467 1030 2532 baeretici
1054 2467 1252 2547 nominentur,
1272 2471 1331 2544 cop.
1348 2472 1367 2527 ῐ.

105 2569 147 2652 qui
169 2570 275 2632 codem
299 2589 338 2632 ex
358 2569 451 2633 ferino
471 2581 537 2634 satu
556 2580 727 2653 procreatus
744 2570 825 2633 virus
842 2590 926 2634 snum
943 2571 972 2634 iu
992 2569 1090 2633 orbem
1110 2581 1254 2634 terrarum

103 2671 239 2754 profudit.
286 2671 383 2754 Atque
399 2672 425 2735 is
440 2671 509 2735 nibil
525 2673 731 2757 propemodum
749 2672 826 2736 aliud
842 2693 924 2756 quam
942 2693 959 2735 u
976 2670 1059 2735 nobis
1073 2691 1161 2756 snpra
1175 2693 1255 2736 com·

104 2783 281 2836 memoratus
294 2772 343 2836 itta
361 2769 527 2858 Carpocras
540 2773 685 2852 asseruit,
709 2774 868 2857 eademque
883 2793 999 2838 cumen
1014 2773 1111 2838 fetalia
1125 2773 1156 2837 in
1171 2795 1255 2838 mun·
1351 2779 1354 2786 ’

104 2875 165 2937 dum
184 2895 303 2938 venena
323 2875 503 2959 propagavit.
550 2871 700 2959 Siquidem
721 2875 783 2960 puri
805 2875 835 2938 iu
856 2871 1003 2940 Christum
1023 2874 1167 2939 calumnia
1184 2897 1254 2940 ocn-

103 2988 160 3054 ect,
193 2977 273 3040 buno
290 2997 307 3040 e
322 2973 419 3040 Maria
437 2974 612 3062 losepbique
627 2975 739 3042 semine
757 2997 823 3040 esso
839 2987 1031 3062 prognatum,
1058 2977 1254 3061 mundumque

15 3135 16 3140 ,
102 3076 236 3142 similiter
250 3077 286 3140 ab
304 3078 416 3160 angelis
434 3076 614 3154 fabricatum.
658 3077 766 3163 Neque
785 3079 842 3143 uffa
857 3079 912 3142 alia
935 3101 968 3142 re
985 3079 1197 3163 discrepantem
1215 3077 1252 3140 ab

100 3178 145 3242 itfo
163 3178 328 3244 doctrinam
348 3179 481 3257 invexit,
514 3179 570 3243 uisi
589 3181 664 3264 quod
684 3178 817 3246 ludaiucs
835 3181 921 3244 etiam
940 3183 1014 3246 ritus
1032 3179 1166 3245 adscivit.
1210 3177 1253 3241 tta

101 3279 170 3345 idem
193 3283 292 3364 legem
316 3303 350 3346 ae
374 3282 531 3368 propbetas
552 3281 588 3344 ab
608 3281 720 3364 angelis
740 3284 888 3366 profectos
908 3282 1032 3362 asserit,
1063 3300 1186 3364 eumque
1203 3279 1252 3362 qni

100 3381 187 3465 tegern
208 3383 311 3446 tulerit
328 3403 367 3447 ex
387 3405 487 3447 eorum
506 3383 676 3467 angelornm
696 3403 762 3448 esse
780 3405 919 3462 numero,
950 3405 968 3447 a
987 3382 1091 3467 quibua
1109 3379 1189 3444 orbis
1206 3391 1252 3444 est

100 3485 244 3549 conditus.
288 3481 383 3548 Porro
410 3482 568 3550 Cerintbus
591 3485 648 3548 iste
672 3484 702 3548 in
726 3485 800 3549 Asia
823 3496 958 3550 versatus
983 3484 1143 3548 doctrinam
1167 3502 1249 3546 suem

100 3589 231 3666 proferre
253 3585 320 3650 istic
340 3586 447 3671 coepit.
495 3583 570 3668 Qui,
601 3595 720 3650 utente
740 3586 885 3666 diximus,
916 3586 1034 3650 minime
1055 3605 1072 3648 ι
1091 3583 1183 3669 prima
1202 3583 1251 3648 iffa

98 3707 291 3772 supremaque
307 3687 424 3752 Virtute
442 3688 614 3751 fabricatum
633 3709 700 3753 esse
718 3690 853 3754 mundum
873 3685 998 3750 censuit.
1044 3685 1123 3749 Tum
1141 3685 1181 3749 ita
1197 3686 1250 3750 do-

99 3789 169 3853 cuita
192 3787 354 3873 Postquam
370 3789 418 3854 ilde
433 3786 516 3853 lesus
533 3791 678 3868 adederit,
703 3791 750 3875 qui
765 3811 805 3854 ex
820 3788 935 3874 fosepbi
949 3784 1122 3872 Mariaeque
1136 3788 1249 3853 semina

98 3901 177 3954 natus
199 3903 264 3969 est,
295 3892 325 3955 in
345 3891 420 3954 bunc
438 3890 586 3975 delapsum
606 3913 623 3954 a
640 3913 753 3956 summo
768 3892 820 3956 iffo
837 3892 892 3955 deo
910 3911 977 3954 esse
994 3877 1161 3969 Christum,
1192 3891 1249 3954 boc

97 4003 138 4054 est
153 3994 290 4077 spiritum
305 4003 438 4056 sanctum
455 3993 606 4057 columbae
624 3993 722 4078 specie
738 3994 773 4056 ad
791 3992 962 4073 fordanem,
993 4013 1027 4056 ιο
1046 4003 1106 4056 tum
1123 3993 1150 4056 ei
1166 3993 1247 4056 inco·

98 4093 203 4173 gnitum
222 4092 401 4173 Percntare,
424 4106 456 4157 et
474 4115 527 4180 per
540 4094 620 4158 iffunr
639 4095 764 4179 posteris
780 4094 968 4179 patefecisse.
1014 4091 1060 4160 Ob
1077 4096 1162 4179 idque
1178 4115 1249 4157 mox

98 4204 125 4256 nt
148 4197 177 4259 in
200 4197 296 4281 ipsum
320 4197 458 4260 coelestis
479 4197 526 4260 itta
546 4215 614 4260 sese
636 4197 730 4258 virtus
749 4196 871 4276 infudit,
901 4205 1035 4282 portenta
1055 4217 1090 4260 ιο
1110 4193 1249 4259 miracula

98 4307 245 4378 patrasse,
277 4319 311 4362 ιο
331 4298 447 4362 denrurn
464 4309 652 4384 posteaquam
668 4317 772 4382 possus
791 4309 852 4377 cst,
885 4300 961 4382 quod
978 4319 995 4362 a
1011 4299 1094 4363 cuclc
1112 4305 1245 4374 venerat,

126 4515 185 4566 Gar.
203 4521 222 4568 ι.
240 4547 273 4560 -
294 4521 315 4572 f.
332 4514 377 4572 ἶσα
396 4523 451 4570 Vrtt.
467 4521 596 4584 spretore
610 4523 663 4572 ttbrt'
679 4521 761 4572 babent
777 4523 925 4584 plerumque,
941 4535 988 4572 non
1003 4517 1056 4570 foc.
