3080 5002
316 322 452 374 rannau
468 323 532 374 cru.
544 323 564 374 r.
580 321 719 374 domur.
738 291 837 375 naeu.
848 325 943 376 xurn.
1146 311 1204 376 691

54 445 127 507 hacc
146 443 244 507 omnia
261 454 379 528 praeter
399 443 531 527 magistri
550 443 595 508 sui
613 444 748 529 dogmata
766 443 881 530 nuptias
896 443 945 507 ille
966 443 1156 525 condemnat,
1180 456 1211 508 et

55 547 260 612 castimoniam
276 547 439 631 profitetur,
460 568 518 610 nou
536 547 620 610 huius
636 569 735 611 amore
751 547 880 626 virtutis,
901 547 952 612 sed
969 557 999 608 ut
1016 567 1106 632 opera
1119 543 1212 612 Crea-

56 653 131 713 tor-is
147 659 273 714 evertat.
321 647 421 732 Quare
441 649 584 734 coniugiis
603 650 761 714 interdicit.
807 647 857 713 Ex
876 649 991 734 quibus,
1014 648 1119 733 inquit,
1144 673 1211 736 pro·

55 765 163 838 pagata
180 751 283 816 sobole
302 751 395 816 maior
414 751 444 815 in
467 754 574 816 mundo
595 749 749 818 Conditori
774 752 892 816 ubertas
913 773 946 816 ac
964 751 1048 836 eopia
1070 754 1208 837 suppetit.

56 853 124 920 lloc
140 855 228 940 igitur
244 856 273 918 in
291 851 411 940 Opilicis
429 875 464 918 an
480 853 650 920 Corrditoris
667 855 762 918 odium
782 854 920 940 suscipit,
945 876 981 918 ne
999 876 1037 920 ex
1054 855 1213 920 liberorum

57 957 264 1044 procreatione
280 957 358 1021 illins
374 977 445 1043 opes
461 969 635 1043 augeantur.
666 955 778 1022 Verum
796 957 880 1021 huius
897 977 983 1022 error
999 959 1079 1022 nullo
1094 959 1212 1042 negotio

57 1063 215 1144 detegetur
231 1081 265 1125 eo
284 1060 434 1124 refelletur
457 1081 496 1124 ex
517 1082 552 1125 ea
570 1061 771 1124 coulutatioue
790 1081 874 1145 quam
900 1071 1002 1124 contra
1018 1061 1109 1147 ipsius
1129 1081 1213 1146 prae-

57 1174 207 1248 ceptorem
232 1175 300 1228 aute
325 1164 538 1249 proposuimus.
587 1161 680 1228 Cuius
706 1163 860 1250 opiniones
885 1164 1014 1249 pluribus
1041 1165 1214 1248 disputando

58 1266 260 1346 convicimus,
283 1267 369 1349 idque
386 1267 480 1350 ipsum
503 1267 684 1331 ostendimus
706 1267 867 1330 ouitrsmodi
891 1288 925 1331 ac
942 1289 1025 1351 quam
1046 1267 1132 1330 multa
1156 1267 1215 1330 siut

59 1371 87 1432 in
121 1369 226 1454 quidus
257 1390 370 1432 summa
398 1381 444 1432 est
475 1369 619 1453 evangelii
648 1370 815 1453 ueterisque
847 1370 1014 1433 testamenti
1044 1369 1212 1433 consensio.

59 1471 313 1556 Quemadmodum
332 1473 419 1535 etiam
441 1472 574 1535 dominus
592 1469 656 1558 ipsc
674 1474 800 1535 fateatur
819 1493 902 1536 suam
920 1493 986 1537 esse
1007 1473 1105 1536 mnndi
1128 1472 1215 1535 labri-

59 1575 228 1654 catiooem,
253 1597 286 1639 ac
310 1574 443 1660 quicquid
469 1574 615 1638 conditum
641 1585 687 1637 est
709 1575 783 1660 patri
810 1593 863 1638 suo
887 1576 1082 1640 tribuendum.
1129 1564 1216 1658 Quod

59 1679 178 1763 quidem
199 1677 459 1763 praestantissimis
484 1678 564 1741 hisce
586 1676 686 1741 verbis
709 1679 873 1742 summatim
895 1675 1021 1743 loannes
1044 1679 1215 1764 complexus
1262 1757 1265 1763 s

61 1795 126 1845 cst:
151 1785 186 1842 In
206 1785 349 1862 preirer'pio
368 1792 434 1842 erut
452 1783 580 1856 verdum,
607 1793 635 1842 ct
658 1783 771 1842 verdum
796 1794 859 1844 erut
880 1787 957 1863 apud
977 1787 1074 1857 deum,
1099 1793 1128 1843 at
1148 1785 1216 1843 deus
1230 1793 1306 1840 teano.
1319 1799 1338 1852 1,
1349 1799 1367 1842 t.

60 1885 267 1946 morcardum.
314 1889 412 1947 Omnia
423 1906 478 1965 per
492 1888 581 1965 cirrum
590 1885 676 1967 ficto
690 1897 771 1960 aurat,
797 1897 826 1946 ct
838 1891 899 1948 ariae
912 1891 971 1966 ipso
985 1887 1098 1969 fictum
1114 1897 1158 1948 est
1173 1890 1217 1948 ni·

61 1991 122 2062 dr'l,
148 1991 223 2069 quod
240 1989 348 2070 sactum
370 1998 415 2048 cst
433 2000 487 2049 etc.

150 2089 240 2176 Atqui
259 2090 355 2154 statim
374 2090 424 2153 ille
443 2088 578 2154 facillime
596 2089 803 2154 confutabitur.
847 2088 923 2154 Nam
943 2090 967 2153 si
984 2092 1163 2177 respondere
1178 2092 1218 2156 ita
1239 2100 1298 2170 cap.
1319 2105 1350 2155 u.

63 2193 154 2271 velit,
179 2213 213 2256 sc
231 2205 261 2258 nt
281 2193 317 2257 iis
335 2214 411 2278 quac
427 2188 598 2258 Conditoris
622 2193 669 2256 hic
689 2213 756 2256 esse
777 2193 892 2278 propria
912 2194 1046 2256 dicuntur
1064 2193 1222 2257 obsisteret

64 2317 98 2360 ac
124 2295 292 2360 destrueret
313 2295 477 2382 nuptiarum
503 2297 640 2359 damnare
664 2295 800 2380 copulas,
833 2316 869 2359 ne
890 2291 1043 2359 Conditori
1066 2295 1220 2379 suffragari

63 2399 217 2478 uideatur,
250 2410 336 2483 atque
363 2410 395 2462 ot
422 2399 457 2462 ab
484 2397 547 2462 eius
574 2417 663 2481 opere
689 2419 755 2461 sese
784 2398 902 2461 omuino
927 2409 1055 2482 praestet
1079 2398 1219 2479 alienum,

64 2521 165 2566 nonne
186 2523 202 2565 a
221 2501 334 2565 ratione
354 2521 476 2586 prorsus
499 2499 570 2563 haec
595 2500 733 2564 alahorret
756 2500 872 2586 opinio,
902 2500 1023 2584 eiusque
1046 2500 1221 2585 deprehensi

65 2605 182 2668 falsitas
200 2625 234 2668 ac
252 2604 387 2688 redargui
406 2603 492 2667 facilc
510 2604 627 2686 potestl
670 2601 749 2667 Ecce
766 2603 816 2666 tibi
833 2601 957 2666 occiditis
977 2624 994 2665 a
1011 2599 1156 2667 Creatore
1175 2625 1222 2668 rc·

65 2709 140 2786 bus,
164 2707 254 2772 veluti
273 2707 344 2770 cibis
365 2727 399 2770 ac
415 2705 563 2785 vestibus,
588 2715 620 2769 ct
633 2706 808 2790 unguentis,
832 2727 866 2769 ac
889 2715 975 2790 potu,
1000 2717 1029 2769 et
1046 2705 1149 2770 eduliis
1167 2706 1222 2769 mi·

65 2811 212 2875 scrrimns
230 2811 285 2873 istc
303 2810 461 2872 circulator
477 2809 584 2887 utitur,
609 2829 663 2872 nec
682 2808 812 2893 effugere
832 2809 917 2872 aliter
932 2819 1034 2894 potest
1045 2809 1113 2894 quin
1131 2831 1164 2874 sc
1186 2809 1223 2874 iis

65 2915 106 2978 uti
131 2913 270 2977 fateatur.
317 2909 397 2977 Deus
418 2912 495 2976 enim
512 2921 558 2975 ost
573 2910 707 2976 dominus
728 2911 856 2975 omnium
875 2933 909 2977 ac
928 2914 1078 2993 conditor,
1103 2913 1151 2997 qui
1173 2934 1224 2976 ou-

65 3037 131 3080 ram
156 3017 285 3080 omnium
306 3015 383 3099 gerit
399 3035 450 3096 ac,
474 3017 567 3077 Solem
583 3037 664 3078 auum
687 3037 773 3098 cuper
792 3017 922 3078 donaret
943 3021 1030 3079 mulos
1046 3021 1123 3078 ora’ra'
1130 3017 1219 3097 sarcit.

66 3119 151 3184 Tune
169 3139 241 3182 vero
264 3119 365 3183 ineos
385 3118 495 3204 pariter
519 3120 566 3203 qni
591 3139 624 3184 sc
647 3118 832 3183 contumeliis
854 3117 982 3182 alliciunt
1004 3130 1034 3182 et
1058 3118 1106 3203 qui
1129 3120 1223 3203 ipsum
1286 3122 1292 3143 '
1321 3119 1338 3133 ''

64 3224 189 3288 landant
208 3243 243 3286 ao
261 3221 431 3308 praedicant
446 3219 572 3306 pluviam
590 3221 726 3300 demittit,
750 3233 836 3306 atquc
853 3220 906 3284 alit
924 3222 1090 3284 universos.
1138 3217 1225 3303 Quod

66 3349 126 3391 noo
146 3323 303 3388 temeraria
321 3324 417 3408 aliqua
435 3323 567 3408 citraque
582 3323 728 3388 rationem
747 3344 782 3386 ac
798 3344 916 3387 sensum
934 3323 1051 3386 delinita
1071 3323 1137 3408 lege
1155 3343 1225 3388 con·

65 3430 203 3494 stitutum
221 3439 285 3508 est,
310 3428 361 3491 sad
383 3427 450 3490 ideo
473 3427 624 3508 uiruirum,
650 3427 725 3511 quod
748 3447 907 3511 poenarum
929 3426 963 3489 ab
985 3427 1036 3490 illo
1058 3438 1171 3512 tempus
1194 3428 1225 3491 in

68 3534 199 3595 futurum
216 3530 354 3594 iudicium
373 3541 556 3594 reservatum
576 3540 633 3609 est,
658 3529 803 3616 patienter
819 3539 968 3613 expectat,
992 3550 1026 3592 ac
1045 3529 1166 3614 privatis
1183 3531 1225 3595 le-

65 3637 157 3722 gibus
171 3643 200 3698 et
216 3633 360 3719 sapientia
375 3643 480 3696 onucta
497 3634 682 3712 moderatur,
706 3631 945 3717 quemadmodum
964 3631 1123 3695 beneficam
1145 3632 1226 3698 illam

65 3759 141 3823 erga
160 3751 262 3800 omnes
280 3735 492 3822 providentiam
511 3735 612 3815 decet,
637 3746 669 3799 ut
687 3735 776 3819 siqui
797 3735 1004 3819 poenitentiam
1028 3738 1224 3822 susceperint,

65 3841 216 3906 scelerum
234 3837 362 3902 omnium
379 3839 555 3902 oblivionem
575 3838 611 3902 ab
628 3837 678 3902 illo
695 3838 772 3902 nacti
788 3838 911 3901 salutem
928 3837 1137 3923 adipiscantur.
1171 3838 1227 3903 Sin

66 3942 293 4010 contumeliosis
316 3941 373 4005 illis
397 3941 525 4006 divinum
552 3942 582 4005 iu
608 3963 715 4006 numen
742 3940 927 4026 opinionibus
953 3952 1039 4026 atque
1062 3942 1223 4023 erroribus,

65 4067 195 4134 qnorum
219 4045 290 4108 deus
314 4053 416 4108 auctor
441 4065 499 4108 uon
525 4055 588 4123 est,
611 4045 766 4125 insistant,
792 4055 852 4108 tum
872 4045 977 4108 merita
998 4045 1138 4131 supplicia
1160 4055 1226 4131 post

66 4153 146 4216 hanc
167 4148 256 4212 vitam
282 4146 467 4233 expendant,
497 4168 561 4210 cum
583 4168 641 4211 non
661 4145 784 4234 amplius
805 4147 963 4212 voluntatis
986 4146 1016 4210 in
1041 4147 1085 4211 eis
1106 4146 1225 4213 libertas

66 4251 213 4320 manebit.
259 4247 371 4314 Verum
388 4269 483 4333 neque
499 4249 588 4313 animi
604 4251 726 4334 quadarn
741 4251 911 4337 impotentia
928 4253 1055 4315 futurum
1070 4249 1138 4314 illud
1153 4251 1225 4316 iudi·

66 4359 149 4423 cium
170 4353 314 4434 instituit,
337 4374 393 4418 nec
410 4363 536 4419 ventura
559 4352 609 4417 illa
630 4354 707 4418 mala
729 4354 879 4420 iracundie
904 4354 961 4418 ulla
984 4353 1087 4418 ductos
1107 4354 1223 4438 infligit.

103 4513 130 4565 3.
150 4503 199 4564 dtu
214 4505 307 4576 γὰρτά
323 4506 496 4576 deducuntur.
529 4503 561 4562 roi
576 4505 635 4562 dud·
667 4513 717 4574 9tnt
734 4510 861 4574 adscripto.
895 4507 927 4562 ret
942 4505 1051 4574 deductu
1070 4501 1117 4562 tta
1132 4506 1181 4578 γὰρ
1197 4513 1225 4562 tt·

68 4597 136 4650 μενα
160 4575 209 4645 γὰρ
227 4571 274 4631 tta
292 4579 404 4631 Pctoutoa
424 4581 449 4630 r'n
472 4579 550 4630 adnot.
570 4593 635 4629 mor·
669 4581 705 4630 tri
721 4583 770 4631 tom
785 4583 866 4643 scripti
881 4593 953 4642 quom
970 4579 1033 4629 editi.

951 4661 1023 4732 44*
