3096 4988
333 293 394 358 δεῖ
754 303 874 356 ειυοτι
893 304 1061 355 οειειιιυιι

335 418 536 497 άπδλλυσθαι,
556 419 607 483 ιιαλ
623 415 690 501 μηδ’
708 417 784 496 ὅλως
798 419 957 498 σώζεσθαι·
978 428 1083 506 χωρεῖν
1099 421 1132 486 δδ
1146 418 1270 503 ἑκάστην
1287 417 1390 486 οάσίαν
1405 415 1479 502 πρδς

335 521 408 599 τοῦς
424 525 516 598 ίδίους
531 516 622 603 αάτῆς
635 523 815 612 πρυβολίας,
837 521 891 605 τὴν
905 523 958 605 μὲν
973 518 1076 604 ῦλιιιιὶυ
1089 529 1126 613 τῇ
1142 521 1197 612 ῦλη
1213 522 1413 605 ἐνδιδομένην,
1432 522 1486 585 καί

220 708 222 713 Ι
335 624 369 692 τά
385 620 527 711 σαριικδυ
540 623 591 690 παλ
608 623 733 709 δγήῖνον
747 630 784 713 τῇ
797 631 843 713 γῇ.
892 628 964 709 Τρία
980 621 1035 710 γάρ
1049 622 1181 711 τάγματα
1193 631 1333 691 καλοῦσιν
1347 620 1422 690 τίνει
1434 619 1482 688 άν-

336 726 484 814 θράπων,
513 733 735 809 πνευματικῶν,
763 733 913 810 ψυχικῶν,
945 734 1109 813 σαρκικῶν·
1137 726 1172 794 τά
1189 727 1220 793 δὲ
1236 725 1333 813 τάγμα
1346 724 1380 792 τά
1399 749 1483 791 πνεν-

336 827 459 914 ματιεδν
476 826 600 905 ἓαυτοδς
615 831 761 914 λέγουσιν,
790 827 885 914 άςπερ
903 832 953 894 καὶ
970 828 1164 915 γνωστειισῦς,
1193 832 1245 898 ιιαλ
1262 828 1333 913 μήτε
1350 827 1484 913 ιιαμάτοο

338 934 561 1016 ἐπιδεομίνους,
582 929 603 1014 ἢ
618 929 712 1013 μάνου
730 938 782 1015 τῆς
798 931 933 1017 γνάσεως
948 933 999 998 ιιαλ
1014 939 1073 999 τῶν
1090 931 1300 1020 ἐπιρρημάτων
1314 939 1374 998 τῶν
1388 929 1484 997 αῦτῶν

338 1039 515 1121 μυστηρίων,
536 1040 596 1099 πάν
611 1033 643 1099 δὲ
660 1031 760 1100 δτιοῦν
775 1043 871 1100 ποιεῖν
885 1031 980 1110 άδεῶς
995 1036 1117 1100 ἕκαστον
1132 1033 1242 1117 αάτῶν,
1262 1037 1314 1101 ιιαί
1330 1034 1422 1117 μηδὲν
1435 1058 1484 1099 πε-

337 1139 533 1223 φροντικέναι.
575 1133 761 1214 Ἐξάπαντος
782 1139 838 1223 γάρ
862 1158 936 1220 φασι
959 1139 1153 1220 σωθήσεσθαι
1175 1134 1375 1221 πνευματιιιδν
1397 1135 1432 1202 δν
1454 1133 1484 1200 τά

338 1239 437 1306 αάτῶν
450 1241 557 1324 τάγμα,
579 1235 612 1304 τά
628 1239 660 1304 δὲ
675 1241 773 1325 ἕτερον
787 1242 882 1326 τάγμα
893 1245 952 1305 τῶν
965 1235 1136 1324 άνθρῶπων
1151 1243 1183 1306 ἐν
1196 1239 1315 1328 πάσμφ,
1336 1239 1411 1325 ὅπερ
1428 1257 1484 1322 ψυ-

338 1344 422 1427 χικάν
438 1347 592 1422 καλοῦσιν,
624 1337 675 1422 άφ’
693 1343 800 1408 ἑαυτοῦ
814 1340 959 1420 σάζεσθαι
975 1340 1016 1424 μὴ
1033 1341 1212 1426 δυνάμενον,
1243 1344 1271 1407 εί
1284 1339 1326 1426 μη
1340 1369 1369 1407 τι
1384 1339 1423 1408 άν
1437 1368 1485 1408 ιια-

339 1444 421 1534 μάτψ
437 1446 486 1512 ιιαί
504 1447 712 1532 δυιαιοπραγίιγ
730 1443 816 1512 ίαυτδ
835 1441 1009 1523 άνασάσειε,
1039 1443 1071 1510 τά
1095 1446 1128 1511 δὲ
1143 1442 1246 1512 άλιιιδν
1265 1443 1362 1530 τάγμα
1377 1451 1438 1512 τῶν
1459 1447 1489 1511 ἕν

339 1555 379 1636 τῷ
401 1544 501 1636 κάσμηι
526 1542 699 1632 άνθράπων
720 1545 792 1630 μήτε
812 1545 962 1613 δάνασθαι
980 1556 1084 1633 χωρεῖν
1101 1546 1156 1632 τήν
1172 1551 1281 1635 γνῶσίν
1297 1569 1389 1629 φασι,
1419 1546 1489 1632 μήτε

341 1652 478 1734 δέχεσθαι
498 1646 622 1732 ταύτην,
650 1647 708 1716 τάν
730 1651 814 1716 θέλοι
837 1647 855 1715 δ
877 1652 909 1716 λιι
933 1647 1041 1716 τοῦτου
1064 1657 1116 1716 τοῦ
1138 1649 1284 1736 τάγματος
1308 1647 1488 1735 άρμάμενος,

341 1751 526 1820 άπάλλυσθαι
542 1752 574 1816 δὲ
590 1750 652 1835 δίμα
667 1749 723 1818 σῦν
737 1759 820 1842 ψυχῇ
837 1754 888 1818 ιιαλ
904 1753 1030 1837 σάματι,
1060 1750 1093 1818 τῦ
1110 1753 1142 1818 δὲ
1160 1755 1275 1820 ἑαυτῶν
1288 1751 1387 1838 τάγμα
1405 1777 1491 1818 πτειν

342 1852 464 1940 ματικδν
479 1851 515 1920 δν
531 1851 675 1932 σώζεσθαι
690 1854 745 1920 σῦν
759 1854 870 1938 σάματι
887 1853 962 1944 άλλη)
978 1857 1120 1944 ἐνδοτίρηε
1134 1858 1192 1922 τινί
1207 1854 1286 1937 δντι,
1308 1855 1386 1940 ’ὅπερ
1406 1853 1491 1920 αάτολ
1537 1921 1538 1924 ,

341 1965 425 2041 σῶμα
439 1955 638 2040 πνευματικὸν
655 1963 775 2024 καλοῦσι
791 1955 1020 2040 φανταζόμενοι,
1048 1956 1119 2036 τοῦς
1132 1959 1165 2025 δδ
1181 1956 1330 2042 ψυχιτιοάς
1346 1955 1490 2041 ιιετιμηιιά-
1537 1991 1538 2020 ι

342 2087 395 2137 τας
416 2058 492 2125 πολῦ
511 2061 563 2125 παὶ
585 2057 882 2145 ῦπεραναβεβητιότας
901 2058 955 2126 τδν
975 2059 1168 2147 Δημιουργδν
1188 2059 1250 2128 άνω
1272 2065 1413 2128 δίδοσθαι
1431 2069 1493 2135 τοῖς
1537 2115 1538 2138 ,

341 2160 492 2250 Ἀγγέλοις
501 2172 565 2240 τοῖς
577 2162 639 2246 άμα
655 2168 774 2251 Χριστῷ
787 2155 882 2243 οὖσιν,
897 2159 986 2228 οῦδίν
998 2189 1026 2228 τι
1040 2169 1099 2230 τῶν
1112 2162 1256 2246 σωμάτων
1268 2164 1490 2247 τομιζομίνονς,
1537 2225 1538 2230 ,

344 2262 415 2332 άλλά
437 2263 530 2348 μάνον
549 2263 603 2341 τάς
623 2263 722 2348 ψυχάς
743 2266 775 2330 ἐν
794 2264 966 2349 πληράματι
982 2261 1152 2350 εῦρεθείσεις
1168 2272 1222 2349 τῆς
1241 2265 1339 2332 αὐτῶν
1356 2265 1494 2353 γνάσετις
1537 2263 1538 2340 ί

342 2369 393 2436 ιιαλ
412 2366 465 2434 τδν
479 2365 670 2453 Δημιουργάν
690 2363 925 2455 ῦπερβεβηιιυίας
945 2369 1088 2436 δίδοσθαι
1108 2377 1170 2444 τοῖς
1191 2367 1263 2452 μετά
1281 2375 1336 2435 τοῦ
1358 2373 1492 2456 Χριστοῦ
1537 2389 1538 2458 η

341 2467 492 2556 Ἀγγέλοις
512 2471 554 2545 εἰς
573 2465 702 2553 ῦῦμφας.

212 2671 278 2741 KW·
295 2669 329 2740 η’·
431 2673 559 2756 Τοιαάτη
582 2675 660 2740 ἐστίν
682 2671 702 2757 ἡ
721 2670 784 2739 κατ’
806 2668 915 2763 αῦτοῦς
935 2677 1101 2763 τραγῳδία,
1132 2675 1237 2758 ἔχουσα
1258 2675 1312 2758 μίν
1331 2676 1384 2740 παλ
1402 2679 1494 2740 πλείω

341 2774 462 2842 τούτων.
503 2773 577 2861 Ἐγῶ
602 2777 635 2841 δὲ
657 2773 749 2860 μόνον
770 2773 853 2840 άτινα
878 2774 966 2856 φάσει
988 2774 1149 2862 άναγιιαῖου
1170 2772 1246 2843 εἶναι
1271 2773 1429 2863 ἡγησάμην
1455 2779 1496 2852 είς

343 2875 510 2960 τούμφανὲς
531 2880 643 2956 ἐλθεῖν,
672 2874 760 2946 ταῦθ’
780 2875 985 2965 ῦπηγόρευσα,
1014 2876 1056 2955 ῶς
1076 2875 1096 2962 ἡ
1118 2881 1160 2956 είς
1180 2875 1259 2962 ἡμᾶς
1279 2885 1385 2964 γνῶσις
1405 2871 1495 2962 ἦλθε,

252 3051 255 3058 ,
343 2985 396 3046 τοῦ
412 2977 510 3046 πάθεν
526 2977 660 3066 άρμῦτο,
690 2982 723 3046 ἒν
737 2983 836 3056 ποίοις
853 2981 886 3046 δὲ
903 2989 1020 3067 καιροῖς
1033 2977 1160 3066 άπῆρχε,
1182 2983 1233 3048 ιιαλ
1250 2979 1310 3048 άπδ
1326 2985 1424 3048 ποίοιν
1441 2980 1496 3058 τάς

342 3080 507 3169 προφάσεις
521 3086 633 3167 εἴληφε,
653 3084 704 3148 ιιαλ
719 3087 762 3159 τίς
777 3080 869 3148 αῦτοῦ
884 3079 905 3167 ἡ
920 3085 1101 3165 διδασκαλία,
1123 3083 1185 3168 ἅμα
1201 3109 1232 3150 τε
1243 3089 1318 3150 τίσιν
1332 3081 1495 3168 ἐβλάστησε

221 3219 274 3268 μη.
288 3205 332 3252 m.
345 3191 386 3274 τῷ
400 3188 456 3274 βίῳ
470 3183 574 3267 ιιαιιδν,
597 3183 655 3252 άπδ
672 3185 781 3272 μέρους
791 3211 833 3265 τε,
855 3182 895 3262 ῶς
909 3187 995 3269 ίφην,
1016 3193 1070 3269 τῆς
1081 3185 1189 3254 τοῦτον
1205 3189 1392 3262 διδασκαλίας
1406 3190 1497 3270 ἐμνη·

345 3287 488 3373 μάνευσα·
511 3288 547 3354 τά
562 3289 593 3354 δλ
606 3285 694 3354 λοιπά
708 3294 760 3371 τῆς
774 3285 866 3354 αῦτοῦ
879 3291 1066 3375 λεπτολογίας
1078 3286 1135 3356 οάιε
1148 3286 1324 3372 ἠβουλήθην
1338 3284 1388 3353 ἄπ’
1402 3291 1497 3372 ἐμαυ-

343 3399 396 3458 τοῦ
412 3390 565 3471 συντάξαι,
587 3388 682 3478 εῦροίν
697 3388 778 3476 παρά
793 3397 833 3478 τῷ
848 3386 999 3480 άγιωτάτρι
1014 3393 1167 3481 Είρηναίφ
1178 3397 1219 3480 τῷ
1236 3388 1346 3480 άρχαίιγ
1360 3389 1418 3474 τὴν
1432 3389 1496 3458 κατ’

344 3492 438 3562 ου’τοῦ
449 3498 649 3580 πραγματείαν
661 3493 859 3579 γεγενημένην.
883 3490 965 3570 Ἕως
979 3493 1011 3558 δὲ
1027 3491 1158 3560 ιτοῦτον
1171 3491 1207 3559 τά
1219 3489 1302 3579 άλίγα
1313 3500 1408 3559 ταῦτα
1421 3497 1498 3572 ‹me-

344 3594 441 3663 ελθάν
456 3595 492 3663 τά
510 3597 576 3680 ἑξῆς
590 3593 648 3662 άπδ
664 3601 722 3661 τῶν
734 3601 788 3661 τοῦ
801 3596 1018 3681 προειρημένου
1033 3592 1142 3682 άνδρδς
1157 3593 1267 3664 δοάλου
1283 3602 1375 3675 θεοῦ,
1396 3600 1498 3682 Εἰρη-

343 3701 428 3765 ναίευ
444 3700 477 3764 δί
492 3725 580 3784 φημι,
596 3696 650 3784 την
663 3695 830 3785 παράθεσιν
841 3693 1004 3786 δλοσχερῶς
1018 3695 1213 3782 ’ποιήσομαι
1238 3696 1319 3782 Ἔχει
1331 3697 1365 3764 δδ
1379 3697 1497 3777 οὕτως·

616 3973 688 4026 ¹EK
705 3970 783 4026 ΤΩΝ
801 3971 874 4026 ΤΟΥ
890 3971 998 4026 ΔΓΙΟΥ
1014 3971 1221 4028 ΕΙΡΗΝΔΙΟΥ.

211 4091 277 4162 Κεφ.
294 4090 346 4148 θ’.-
432 4085 591 4154 ‘’Fate}
556 4116 610 4173 την
632 4087 776 4173 άλήθειαν
798 4087 1062 4176 παραπεμπόμενοί
1082 4113 1159 4166 τινες
1179 4086 1364 4174 ἔπειςάγουσι
1385 4089 1500 4177 λάγους

342 4193 464 4274 ψευδεῖς
485 4193 558 4256 ίιιαι
574 4195 754 4278 γενεαλογίας
770 4188 995 4276 4άπεράντους,
1026 4196 1133 4269 αιτινες
1149 4189 1280 4276 ξηεησεες
1294 4197 1404 4273 μᾶλλον
1421 4221 1499 4282 παρ

374 4330 400 4383 3.
413 4334 450 4382 lta
463 4333 561 4382 τεελλλιιλλ
577 4332 687 4451 Ρελσυῖαι
707 4333 736 4381 do
755 4334 806 4384 σσδ.
825 4332 898 4382 Υσλεσ.
960 4331 984 4382 2
999 4326 1333 4398 ποιήσομαιτῶντοῦάγίσι
1343 4327 1501 4400 Είμηντείω.
1537 4335 1538 4338 ’

343 4399 469 4450 omanus
483 4400 587 4450 εσῖδιταλ
931 4392 993 4454 Ἐπλ
1009 4405 1059 4452 τελλ.
1075 4400 1163 4452 MV
1162 4411 1198 4450 εει.

343 4465 434 4586 νοτε.
450 4467 564 4520 V111.-
588 4395 897 4534 mmmmm.
933 4467 1024 4587 γοίέεε.
1016 4467 1131 4519 .λΧ.-
1145 4471 1169 4520 1.
1182 4465 1232 4520 ΕΚ
1250 4468 1503 4536 mmmm.
