3110 4984
326 275 385 338 λ’ίίί
745 283 866 338 amm
884 284 1051 338 nvffffluu

322 405 450 488 βαθιίαν
462 407 593 487 γλῶσσαν
606 399 797 483 ἑρμηνεύεται
802 449 812 480 ,
833 398 905 466 άλλά
919 403 971 468 καί
986 405 1124 490 Συριαοή
1139 401 1288 490 διπλίκτηι.
1333 397 1476 469 ‘vado

321 501 378 590 γάρ
391 503 424 570 τό
437 510 498 588 πῦρ
512 501 592 588 παρά
602 499 749 586 Ἑβραίοις
760 510 888 570 καλεῖται
904 500 1001 568 ὅιιιιτύ
1016 501 1071 586 τήν
1084 506 1211 585 βαθείαν
1224 509 1363 588 γλῶσσαν.
1395 506 1473 570 Τού-

321 630 375 672 του
398 603 482 690 χάριν
505 602 607 680 αύτοῖς
627 605 796 686 συμβέβηκε
815 603 892 671 κατά
914 603 1037 690 άγνοιαν
1054 606 1105 670 καί
1129 603 1265 689 άπειρίαν
1287 611 1327 693 τῷ
1349 601 1474 688 όνύματι

321 704 417 795 τούτῳ
431 713 601 791 κεγρήσθαι.
648 704 724 772 Οάτε
742 704 798 792 γάρ
816 707 946 791 οΠύρρα
961 703 983 789 ή
997 703 1065 792 παρ’
1071 705 1223 790 Ἕλλησιν,
1244 704 1312 774 οάτε
1330 711 1435 792 Νωρίτ
1450 705 1474 790 ή

320 805 403 890 παρά
416 807 532 885 τούτοις
543 809 743 891 μυθευομένη,
759 804 831 872 άλλά
847 805 1029 893 ’Βαρθενύς
1040 815 1082 896 τρῖ
1097 815 1168 875 Νύι
1182 810 1282 893 γέγονε
1295 812 1381 894 γυνή.
1410 811 1474 876 Καί

320 913 352 975 σί
366 909 506 991 Ἕλληνος
530 909 587 995 γάρ
609 930 682 990 φασι
707 907 763 991 τήν
783 914 990 986 Δευκαλίωνος
1017 919 1140 995 γυναῖκα
1163 909 1290 996 Πύρραν
1310 920 1473 978 καλεῖσθαι.

319 1007 396 1076 Είτα
416 1010 470 1093 τήν
492 1014 589 1078 αἰτίαν
604 1009 794 1076 ύποτίθενται
809 1003 892 1077 οὗτοι
909 1015 942 1078 ολ
958 1010 994 1077 τά
1010 1019 1063 1077 τοῦ
1083 1017 1275 1088 Φιλιστίωνος
1291 1009 1365 1096 ήμῖν
1380 1005 1474 1090 αὖθις

211 1141 263 1186 ρος.
273 1129 306 1174 u.
319 1111 565 1199 προςφερόμινοι,
585 1111 633 1178 δτι
648 1110 787 1188 πολλάκις
802 1115 991 1202 8βουλομένη
1006 1111 1078 1195 μετά
1096 1121 1151 1180 τοῦ
1167 1121 1238 1180 Nae
1254 1117 1286 1180 ἐν
1301 1122 1338 1203 τῇ
1352 1119 1471 1204 κιβωτῷ

317 1217 457 1301 γινέσθαι
472 1211 510 1281 ού
525 1223 732 1299 συνεχωρεῖτο,
753 1221 808 1281 τοῦ
825 1211 980 1301 άρηοντος,
1007 1217 1120 1297 οιγοισλ,
1142 1222 1196 1282 τοῦ
1216 1212 1267 1282 τόν
1281 1214 1395 1298 κόσμον
1411 1221 1473 1284 κτί-

318 1338 425 1393 σαντος
440 1318 622 1400 βουλομίνου
638 1313 731 1399 αύτήν
744 1314 884 1382 άιοολίσιιι
898 1315 954 1382 σύν
968 1325 1030 1394 τοῖς
1044 1315 1141 1394 άλλοις
1155 1315 1266 1384 άπασιν
1280 1320 1311 1384 ίν
1324 1325 1366 1404 τῷ
1381 1343 1470 1386 κατο-

318 1425 448 1507 κλνσμιγῑ.
491 1415 596 1500 Αύτήν
611 1419 644 1484 δέ
662 1439 754 1500 φασιν
767 1417 987 1496 ίτιικαθιζάνειν
1003 1421 1034 1484 ἐν
1048 1427 1085 1509 τῇ
1098 1417 1232 1508 λάρνακι,
1252 1421 1302 1486 καί
1316 1421 1471 1504 ἐμπιπρᾶν

319 1517 422 1604 αύτήν,
445 1518 498 1603 ούγ
512 1519 603 1598 άπαξ,
625 1516 696 1586 ούδδ
710 1521 768 1600 δίς,
789 1517 860 1584 άλλά
874 1519 1021 1600 πολλάκις,
1042 1523 1093 1586 καί
1108 1528 1235 1604 πρῶτον,
1257 1522 1308 1586 καλ
1321 1519 1471 1605 δεύτερον,

318 1623 371 1688 κοιλ
391 1625 497 1710 τρίτον.
531 1619 629 1688 Ὅθεν
649 1620 687 1706 δή
711 1625 754 1698 είς
774 1624 824 1706 ἔτη
843 1619 936 1689 πολλά
952 1619 1088 1704 ἐλήλακεν
1108 1619 1199 1705 ήτής
1217 1619 1309 1688 αύτοῦ
1326 1629 1380 1688 τοῦ
1397 1629 1472 1690 Νῶε

318 1722 465 1809 λάρνακος
482 1721 664 1806 κατασκευή,
695 1723 745 1790 διά
759 1721 793 1789 τό
812 1722 952 1800 πολλάκις
968 1721 1061 1807 αύτήν
1076 1721 1127 1789 ὑπ’
1142 1721 1235 1806 αάτής
1249 1725 1469 1809 ίμπινιρήσθαι.

314 1818 371 1892 Ἠν
385 1823 458 1912 γάρ,
484 1827 591 1908 φασίν,
620 1823 639 1891 ό
655 1833 726 1892 Νῶε
742 1823 923 1907 πειθόμενος
935 1833 976 1914 τῷ
992 1823 1125 1910 άργοντι,
1151 1821 1219 1908 ήδδ
1236 1829 1343 1910 Νωρία
1361 1823 1472 1890 άπεκά-

319 1935 397 2009 λυψε
406 1926 460 2004 τάς
470 1909 532 1993 άάω
543 1926 682 2009 δυνάμεις
692 1928 744 1996 καί
754 1924 808 2010 τήν
819 1925 879 1993 άπό
891 1934 949 1992 τῶν
960 1925 1116 2012 δυνάμεων
1125 1925 1268 2012 Βαρβηλύ
1280 1925 1334 2009 τήν
1345 1923 1471 1992 ύιτεναν-

319 2033 384 2094 τίαν
400 2036 441 2118 τῷ
457 2027 589 2112 άρχοντι,
612 2026 653 2106 ύς
667 2029 719 2094 καί
734 2031 767 2092 αἱ
778 2023 859 2096 άλλαι
877 2027 1031 2112 δυνάμεις,
1051 2031 1103 2094 καλ
1117 2025 1296 2109 ύπὲφαινεν,
1317 2027 1363 2094 δτι
1382 2032 1477 2094 Η’δεῖ

320 2128 357 2196 τά
370 2131 536 2214 συληθέντα
550 2127 610 2196 άπό
624 2137 678 2212 τῆς
691 2129 809 2196 άνωθεν
821 2129 931 2216 μητρός
943 2127 994 2197 διά
1007 2137 1061 2196 τοῦ
1074 2127 1216 2214 άρχοντος
1228 2136 1283 2197 τοῦ
1294 2127 1347 2196 τόν
1358 2128 1474 2213 κόσμον

320 2231 519 2315 πεποιηκότος
538 2234 591 2298 καί
610 2237 670 2298 τῶν
691 2229 783 2298 άλλων
803 2239 864 2298 τάν
884 2229 938 2298 σάν
959 2230 1039 2321 αύτῷ
1060 2239 1141 2298 θεῶν
1161 2255 1191 2298 τε
1208 2233 1259 2298 καί
1275 2227 1404 2317 άηγίλετν
1418 2233 1474 2297 καί

320 2333 470 2416 δαιμόνων
486 2335 629 2420 συλλέγειν
643 2331 704 2400 άπό
720 2341 775 2417 τής
789 2336 821 2400 ἒν
835 2341 898 2410 τοῖς
913 2331 1028 2417 σάμασι
1044 2332 1213 2416 δυνάμεως,
1241 2330 1292 2401 διά
1308 2340 1363 2416 τῆς
1377 2329 1476 2418 άπερ-

320 2439 404 2520 ροίας
424 2433 557 2524 άρρίνοον
576 2459 607 2502 τε
627 2437 678 2501 καί
699 2441 837 2518 θήλειάν.

184 2553 251 2622 Κεφ.
270 2552 301 2626 β’.
405 2539 466 2604 Καί
488 2535 590 2614 άπλῶς
611 2545 762 2622 περινακοῑ
783 2535 838 2621 τήν
860 2544 959 2602 πᾶσαν
978 2535 1092 2604 τούτων
1113 2543 1167 2604 τοῦ
1189 2535 1316 2612 σκότους
1336 2533 1479 2620 πήρωσιν

319 2634 532 2704 ύποδεικνύων.
579 2637 703 2706 ιΠολύν
724 2637 780 2725 γάρ
804 2636 911 2724 χρόνον
935 2636 1116 2721 άναλάσαιμι
1137 2635 1190 2717 άν,
1218 2640 1246 2702 εί
1266 2640 1399 2704 ίνταῦθα
1419 2636 1479 2720 τήν

320 2741 388 2823 περὶ
404 2738 516 2806 τούτων
531 2742 689 2825 γενομένην
706 2740 841 2818 σύνταξιν
858 2739 988 2824 ἐθελήσω
1004 2747 1226 2826 λεπιολογήσαι,
1248 2737 1286 2805 τά
1303 2737 1400 2808 άεοπα
1418 2737 1478 2804 αύ-

320 2848 379 2906 τύν
399 2847 452 2923 τῆς
468 2840 671 2924 ψευδωνύμου
690 2842 827 2927 γνύσεως
842 2843 1006 2928 διδάγματα
1026 2839 1096 2908 καθ’
1112 2841 1238 2923 ίτάσεην
1252 2838 1480 2928 άφηγούμινος.

311 2939 414 3008 Ἀλλοι
435 2943 468 3008 δὲ
488 2945 518 3020 ίξ
535 2939 633 3008 αύτύν
649 2943 801 3029 διαφόρως
815 2943 903 3010 πάλιν
919 2942 1156 3029 ίπεντριβόμενοι
1171 2942 1225 3020 τάς
1240 2967 1270 3010 τε
1286 2941 1372 3025 ὄψεις
1391 2939 1479 3010 ’άν-

320 3042 456 3130 θρύπων
470 3042 628 3130 κρούοντες
639 3047 690 3110 καί
703 3045 946 3131 περιιιρονόμινοι
961 3049 1141 3132 Βαρκαββάν
1155 3071 1220 3114 τινα
1236 3043 1393 3130 προφήτην
1412 3069 1482 3110 πα-

321 3144 515 3232 ρειςάγουσιν,
538 3144 621 3224 άξιον
635 3154 689 3212 τοῦ
703 3144 801 3214 αύτοίν
814 3146 967 3231 όνόματος.
1006 3151 1115 3230 Καββά
1129 3146 1184 3232 γάρ
1198 3145 1384 3232 ἑρμηνεύεται
1398 3171 1487 3232 πορ-

320 3253 384 3316 νεία
397 3247 473 3317 κατά
488 3246 541 3332 τήν
555 3247 709 3332 Συριακήν
725 3248 883 3330 διάλεκτον,
905 3254 1085 3331 φονοκτονία
1100 3247 1219 3316 δίκαιά
1233 3245 1486 3332 τήνἙβραῖκήν.

322 3353 384 3418 Καί
400 3349 489 3416 πάλιν
505 3349 692 3438 ἑρμηνεύεται
705 3350 827 3439 τετάρτη
842 3360 931 3438 μοῖρα
946 3354 1000 3419 τοῦ
1016 3353 1131 3435 μίτρου.
1175 3347 1293 3432 Χλεύης
1308 3350 1341 3416 δὲ
1358 3351 1411 3414 καί
1430 3352 1489 3435 γέ-

321 3461 414 3530 λωτος
431 3451 465 3520 τό
486 3459 635 3532 τοιούτω,
664 3459 774 3536 μᾶλλον
794 3453 827 3518 δὲ
843 3461 1030 3538 σηετλιασμοῦ
1047 3451 1131 3531 άξιον
1146 3451 1228 3538 παρά
1244 3459 1307 3527 τοῖς
1325 3447 1360 3516 τό
1376 3447 1491 3534 ὄνομα

321 3562 408 3620 τοῦτο
423 3557 625 3638 ἐπισταμένοις
637 3552 712 3622 κατά
729 3551 781 3630 τάς
798 3557 875 3632 ίδίας
890 3555 1028 3641 γλάσσας.
1074 3558 1204 3640 Φίρονσι
1218 3555 1251 3621 δὲ
1265 3551 1338 3635 ήμῖν
1355 3553 1389 3617 ἔτι
1405 3551 1493 3620 τού-

321 3679 376 3720 του
387 3662 440 3720 τού
452 3654 703 3740 θαυμασιωτάτου
714 3655 873 3742 προφήτου
887 3657 1024 3742 διήγησιν
1036 3655 1166 3742 αἰσχράν,
1183 3655 1266 3731 ὅπως
1276 3660 1494 3738 φθυριμαίοις

321 3752 437 3836 στόμασι
457 3757 612 3842 πλησιάσαι
632 3765 818 3839 πεισθῶμεν,
848 3761 899 3826 καλ
918 3765 972 3843 τῆς
996 3758 1136 3826 8όίνυθεν
1157 3761 1274 3834 ἐλπίδος
1288 3758 1495 3838 ’ίκπίσωμεη

320 3852 379 3922 ούιι
393 3857 595 3942 αἰσχυνόμενοι
612 3858 712 3936 αύτοῖς
728 3869 790 3936 τοῖς
803 3860 916 3945 (λήμασι
929 3861 966 3926 τά
981 3868 1034 3944 τῆς
1050 3864 1187 3944 πορνείας
1201 3864 1371 3945 διηγεῖσθαι
1391 3864 1496 3926 4στοι-

318 3957 491 4041 λινερατικά
505 3967 558 4043 τῆς
573 3960 730 4049 Κύπριδος
744 3961 954 4047 ποιηττύματο.
986 3962 1088 4030 ’Ἄλλοι
1101 3963 1177 4039 me
1195 3960 1293 4030 αάούν
1306 3957 1396 4026 πάλιν
1416 3963 1499 4030 ἐπί-

353 4142 378 4199 εί.
394 4142 467 4212 ήσάθ
483 4149 535 4200 ενδ.
552 4150 625 4202 Vane.
943 4151 968 4206 8.
988 4155 1061 4217 λειίςο
1079 4152 1223 4222 βουλομένη.

354 4216 379 4265 5.
396 4211 461 4268 κατὰ
484 4217 535 4265 cod.
554 4217 627 4268 λὀίλο.
661 4213 690 4270 οδ
708 4215 773 4272 κατὰ
796 4223 880 4283 reliqui
945 4217 970 4272 9.
988 4219 1054 4286 φησὶ
1070 4223 1137 4271 codd.
1155 4219 1237 4282 θοντο,
1256 4221 1352 4284 θλεθίρ.

320 4285 390 4345 λίθοι’,
406 4289 457 4332 λοκι
472 4286 553 4344 ταδμλί
569 4299 641 4345 quam
657 4289 722 4336 εδίεί.
948 4289 986 4340 10.
1002 4291 1159 4350 θεῖτεοοτίριλ
1169 4303 1213 4349 pro
1226 4285 1268 4353 δή.
1282 4291 1345 4350 quod
1357 4291 1421 4340 λλδτο·
1432 4301 1504 4348 vul.

354 4349 379 4402 fi.
396 4347 476 4417 πυρροί
493 4353 543 4402 cod.
563 4353 635 4403 Velie.
911 4372 942 4420 9⁰
955 4359 1079 4418 μεσεθιιιί,
1099 4357 1206 4406 Ceruarii
1220 4362 1240 4406 ιε
1255 4359 1347 4408 Ροίουίι
1362 4367 1505 4416 emenda.

353 4415 378 4469 7.
394 4413 531 4484 Βαρθενιδς
544 4419 596 4469 eod.
607 4422 680 4470 λ’σεῐο.
695 4424 715 4468 et
730 4423 784 4471 edit.
795 4425 878 4474 Ριεον.
911 4428 995 4474 ειόιιοοι
1012 4431 1113 4476 secutus.

320 4483 439 4551 βαρθίνος
456 4489 506 4538 cod.
522 4488 618 4550 θλοδίς.
632 4494 654 4538 εί
668 4489 721 4538 edit.
733 4492 809 4551 μείου.
