<?xml version="1.0" encoding="UTF-8"?>
<!DOCTYPE html PUBLIC "-//W3C//DTD XHTML 1.0 Transitional//EN"
    "http://www.w3.org/TR/xhtml1/DTD/xhtml1-transitional.dtd">
<html xmlns="http://www.w3.org/1999/xhtml" xml:lang="en" lang="en">
 <head>
  <title>
</title>
<meta http-equiv="Content-Type" content="text/html;charset=utf-8" />
  <meta name='ocr-system' content='tesseract 3.04.00' />
  <meta name='ocr-capabilities' content='ocr_page ocr_carea ocr_par ocr_line ocrx_word'/>
</head>
<body>
  <div class='ocr_page' id='page_1' title='image "./corporishaerese01oehlgoog_0674.png"; bbox 0 0 3080 5002; ppageno 0'>
   <div class='ocr_carea' id='block_1_1' title="bbox 344 289 1221 355">
    <p class='ocr_par' dir='ltr' id='par_1_1' title="bbox 344 289 1221 355">
     <span class='ocr_line' id='line_1_1' title="bbox 344 289 1221 355; baseline -0.006 0"><span class='ocrx_word' id='word_1_1' title='bbox 344 299 480 355; x_wconf 70' lang='lat' dir='ltr'>radant</span> <span class='ocrx_word' id='word_1_2' title='bbox 496 301 560 354; x_wconf 75' lang='lat' dir='ltr'>Lib·</span> <span class='ocrx_word' id='word_1_3' title='bbox 570 301 590 354; x_wconf 93' lang='lat' dir='ltr'>l.</span> <span class='ocrx_word' id='word_1_4' title='bbox 607 299 687 354; x_wconf 83' lang='grc' dir='ltr'><strong>ΤΟΜ.</strong></span> <span class='ocrx_word' id='word_1_5' title='bbox 701 301 745 353; x_wconf 84' lang='lat' dir='ltr'>lll.</span> <span class='ocrx_word' id='word_1_6' title='bbox 760 299 859 352; x_wconf 78' lang='lat' dir='ltr'>HhEh.</span> <span class='ocrx_word' id='word_1_7' title='bbox 872 299 954 350; x_wconf 80' lang='lat' dir='ltr'>xntt.</span> <span class='ocrx_word' id='word_1_8' title='bbox 1163 289 1221 352; x_wconf 84' lang='grc'>661</span> 
     </span>
    </p>
   </div>
   <div class='ocr_carea' id='block_1_2' title="bbox 63 415 1374 3994">
    <p class='ocr_par' dir='ltr' id='par_1_2' title="bbox 68 415 1226 510">
     <span class='ocr_line' id='line_1_2' title="bbox 68 415 1226 510; baseline -0.003 -21"><span class='ocrx_word' id='word_1_9' title='bbox 68 426 106 490; x_wconf 82' lang='lat' dir='ltr'>ed</span> <span class='ocrx_word' id='word_1_10' title='bbox 127 445 202 510; x_wconf 85' lang='lat' dir='ltr'>qnos</span> <span class='ocrx_word' id='word_1_11' title='bbox 219 423 286 488; x_wconf 92' lang='lat' dir='ltr'>ideo</span> <span class='ocrx_word' id='word_1_12' title='bbox 304 423 379 488; x_wconf 89' lang='lat' dir='ltr'>banc</span> <span class='ocrx_word' id='word_1_13' title='bbox 396 422 545 507; x_wconf 86' lang='lat' dir='ltr'>apostolus</span> <span class='ocrx_word' id='word_1_14' title='bbox 561 421 712 508; x_wconf 87' lang='lat' dir='ltr'>epistolam</span> <span class='ocrx_word' id='word_1_15' title='bbox 731 419 820 484; x_wconf 83' lang='lat' dir='ltr'>dedit.</span> <span class='ocrx_word' id='word_1_16' title='bbox 864 415 899 484; x_wconf 91' lang='lat' dir='ltr'>ln</span> <span class='ocrx_word' id='word_1_17' title='bbox 915 439 973 504; x_wconf 82' lang='lat' dir='ltr'>pua</span> <span class='ocrx_word' id='word_1_18' title='bbox 987 418 1111 504; x_wconf 88' lang='lat' dir='ltr'>primurn</span> <span class='ocrx_word' id='word_1_19' title='bbox 1126 419 1226 507; x_wconf 76' lang='lat' dir='ltr'>singn-</span> 
     </span>
    </p>

    <p class='ocr_par' dir='ltr' id='par_1_3' title="bbox 69 521 1226 608">
     <span class='ocr_line' id='line_1_3' title="bbox 69 521 1226 608; baseline -0.002 -18"><span class='ocrx_word' id='word_1_20' title='bbox 69 527 144 592; x_wconf 87' lang='lat' dir='ltr'>laris</span> <span class='ocrx_word' id='word_1_21' title='bbox 162 525 310 592; x_wconf 88' lang='lat' dir='ltr'>cniusdam</span> <span class='ocrx_word' id='word_1_22' title='bbox 334 545 401 590; x_wconf 89' lang='lat' dir='ltr'>esse</span> <span class='ocrx_word' id='word_1_23' title='bbox 420 524 555 588; x_wconf 81' lang='lat' dir='ltr'>beneficii</span> <span class='ocrx_word' id='word_1_24' title='bbox 575 524 661 588; x_wconf 89' lang='lat' dir='ltr'>docel</span> <span class='ocrx_word' id='word_1_25' title='bbox 679 521 834 588; x_wconf 75' lang='lat' dir='ltr'>Hebraicis</span> <span class='ocrx_word' id='word_1_26' title='bbox 856 522 897 585; x_wconf 85' lang='lat' dir='ltr'>nti</span> <span class='ocrx_word' id='word_1_27' title='bbox 913 522 1063 586; x_wconf 83' lang='lat' dir='ltr'>vocabulis</span> <span class='ocrx_word' id='word_1_28' title='bbox 1082 543 1168 608; x_wconf 86' lang='lat' dir='ltr'>posse</span> <span class='ocrx_word' id='word_1_29' title='bbox 1191 545 1226 588; x_wconf 86' lang='lat' dir='ltr'>ao</span> 
     </span>
    </p>

    <p class='ocr_par' dir='ltr' id='par_1_4' title="bbox 70 623 1226 817">
     <span class='ocr_line' id='line_1_4' title="bbox 70 623 1226 714; baseline -0.001 -21"><span class='ocrx_word' id='word_1_30' title='bbox 70 630 169 714; x_wconf 76' lang='lat' dir='ltr'>legem</span> <span class='ocrx_word' id='word_1_31' title='bbox 187 629 305 694; x_wconf 89' lang='lat' dir='ltr'>docere.</span> <span class='ocrx_word' id='word_1_32' title='bbox 351 626 465 692; x_wconf 83' lang='lat' dir='ltr'>Deinde</span> <span class='ocrx_word' id='word_1_33' title='bbox 484 636 517 690; x_wconf 88' lang='lat' dir='ltr'>nt</span> <span class='ocrx_word' id='word_1_34' title='bbox 529 623 638 690; x_wconf 89' lang='lat' dir='ltr'>Graeci</span> <span class='ocrx_word' id='word_1_35' title='bbox 652 625 797 690; x_wconf 87' lang='lat' dir='ltr'>sermonis</span> <span class='ocrx_word' id='word_1_36' title='bbox 813 635 955 689; x_wconf 87' lang='lat' dir='ltr'>tumorem</span> <span class='ocrx_word' id='word_1_37' title='bbox 970 626 1226 713; x_wconf 74' lang='lat' dir='ltr'>arrogantiamque</span> 
     </span>
     <span class='ocr_line' id='line_1_5' title="bbox 71 725 1225 817; baseline -0.002 -21"><span class='ocrx_word' id='word_1_38' title='bbox 71 731 290 817; x_wconf 86' lang='lat' dir='ltr'>comprimeret,</span> <span class='ocrx_word' id='word_1_39' title='bbox 310 751 378 796; x_wconf 84' lang='lat' dir='ltr'>sese</span> <span class='ocrx_word' id='word_1_40' title='bbox 392 730 555 813; x_wconf 80' lang='lat' dir='ltr'>linguarum</span> <span class='ocrx_word' id='word_1_41' title='bbox 570 727 685 792; x_wconf 90' lang='lat' dir='ltr'>illoram</span> <span class='ocrx_word' id='word_1_42' title='bbox 702 747 757 792; x_wconf 90' lang='lat' dir='ltr'>usu</span> <span class='ocrx_word' id='word_1_43' title='bbox 768 725 986 794; x_wconf 86' lang='lat' dir='ltr'>instructiorem</span> <span class='ocrx_word' id='word_1_44' title='bbox 1001 727 1059 792; x_wconf 92' lang='lat' dir='ltr'>illis</span> <span class='ocrx_word' id='word_1_45' title='bbox 1073 727 1143 813; x_wconf 89' lang='lat' dir='ltr'>ipsis</span> <span class='ocrx_word' id='word_1_46' title='bbox 1158 749 1225 794; x_wconf 88' lang='lat' dir='ltr'>esse</span> 
     </span>
    </p>

    <p class='ocr_par' dir='ltr' id='par_1_5' title="bbox 72 818 1225 1018">
     <span class='ocr_line' id='line_1_6' title="bbox 72 818 1225 918; baseline -0.002 -20"><span class='ocrx_word' id='word_1_47' title='bbox 72 833 204 914; x_wconf 87' lang='lat' dir='ltr'>monuit,</span> <span class='ocrx_word' id='word_1_48' title='bbox 234 818 310 918; x_wconf 86' lang='lat' dir='ltr'>qnod</span> <span class='ocrx_word' id='word_1_49' title='bbox 328 831 483 896; x_wconf 84' lang='lat' dir='ltr'>Hebraeas</span> <span class='ocrx_word' id='word_1_50' title='bbox 506 831 543 894; x_wconf 90' lang='lat' dir='ltr'>ab</span> <span class='ocrx_word' id='word_1_51' title='bbox 564 827 708 894; x_wconf 79' lang='lat' dir='ltr'>Hebraeis</span> <span class='ocrx_word' id='word_1_52' title='bbox 732 840 813 894; x_wconf 85' lang='lat' dir='ltr'>esse-t</span> <span class='ocrx_word' id='word_1_53' title='bbox 834 829 992 909; x_wconf 87' lang='lat' dir='ltr'>oriundus,</span> <span class='ocrx_word' id='word_1_54' title='bbox 1025 840 1056 894; x_wconf 85' lang='lat' dir='ltr'>el</span> <span class='ocrx_word' id='word_1_55' title='bbox 1079 831 1114 895; x_wconf 90' lang='lat' dir='ltr'>ad</span> <span class='ocrx_word' id='word_1_56' title='bbox 1136 831 1225 915; x_wconf 90' lang='lat' dir='ltr'>podes</span> 
     </span>
     <span class='ocr_line' id='line_1_7' title="bbox 73 929 1224 1018; baseline -0.005 -14"><span class='ocrx_word' id='word_1_57' title='bbox 73 935 245 1004; x_wconf 87' lang='lat' dir='ltr'>Gamalielis</span> <span class='ocrx_word' id='word_1_58' title='bbox 267 936 427 1000; x_wconf 85' lang='lat' dir='ltr'>institutus.</span> <span class='ocrx_word' id='word_1_59' title='bbox 474 929 519 998; x_wconf 88' lang='lat' dir='ltr'>lta</span> <span class='ocrx_word' id='word_1_60' title='bbox 536 931 701 996; x_wconf 88' lang='lat' dir='ltr'>llehraicae</span> <span class='ocrx_word' id='word_1_61' title='bbox 720 932 835 1016; x_wconf 85' lang='lat' dir='ltr'>linguae</span> <span class='ocrx_word' id='word_1_62' title='bbox 851 932 1003 998; x_wconf 87' lang='lat' dir='ltr'>scientiam</span> <span class='ocrx_word' id='word_1_63' title='bbox 1026 933 1056 996; x_wconf 92' lang='lat' dir='ltr'>in</span> <span class='ocrx_word' id='word_1_64' title='bbox 1074 932 1158 998; x_wconf 90' lang='lat' dir='ltr'>laudo</span> <span class='ocrx_word' id='word_1_65' title='bbox 1174 955 1224 1018; x_wconf 89' lang='lat' dir='ltr'>po·</span> 
     </span>
    </p>

    <p class='ocr_par' dir='ltr' id='par_1_6' title="bbox 68 1032 1374 1328">
     <span class='ocr_line' id='line_1_8' title="bbox 71 1032 1275 1122; baseline -0.01 -16"><span class='ocrx_word' id='word_1_66' title='bbox 71 1041 143 1119; x_wconf 90' lang='lat' dir='ltr'>snit,</span> <span class='ocrx_word' id='word_1_67' title='bbox 168 1051 197 1104; x_wconf 88' lang='lat' dir='ltr'>et</span> <span class='ocrx_word' id='word_1_68' title='bbox 211 1040 288 1104; x_wconf 88' lang='lat' dir='ltr'>inter</span> <span class='ocrx_word' id='word_1_69' title='bbox 304 1038 423 1122; x_wconf 87' lang='lat' dir='ltr'>spiritus</span> <span class='ocrx_word' id='word_1_70' title='bbox 436 1034 531 1102; x_wconf 86' lang='lat' dir='ltr'>sancti</span> <span class='ocrx_word' id='word_1_71' title='bbox 544 1035 691 1100; x_wconf 75' lang='lat' dir='ltr'>beneficia</span> <span class='ocrx_word' id='word_1_72' title='bbox 706 1035 883 1100; x_wconf 77' lang='lat' dir='ltr'>numeravit.</span> <span class='ocrx_word' id='word_1_73' title='bbox 927 1032 1012 1100; x_wconf 91' lang='lat' dir='ltr'>Unde</span> <span class='ocrx_word' id='word_1_74' title='bbox 1026 1045 1053 1098; x_wconf 92' lang='lat' dir='ltr'>et</span> <span class='ocrx_word' id='word_1_75' title='bbox 1071 1037 1105 1100; x_wconf 88' lang='lat' dir='ltr'>nd</span> <span class='ocrx_word' id='word_1_76' title='bbox 1121 1034 1224 1100; x_wconf 86' lang='lat' dir='ltr'>Timo-</span> <span class='ocrx_word' id='word_1_77' title='bbox 1270 1079 1275 1094; x_wconf 88' lang='lat'>.</span> 
     </span>
     <span class='ocr_line' id='line_1_9' title="bbox 71 1137 1374 1222; baseline 0.001 -16"><span class='ocrx_word' id='word_1_78' title='bbox 71 1143 170 1206; x_wconf 90' lang='lat' dir='ltr'>theum</span> <span class='ocrx_word' id='word_1_79' title='bbox 188 1143 224 1206; x_wconf 90' lang='lat' dir='ltr'>de</span> <span class='ocrx_word' id='word_1_80' title='bbox 240 1140 343 1206; x_wconf 87' lang='lat' dir='ltr'>iisdem</span> <span class='ocrx_word' id='word_1_81' title='bbox 360 1139 512 1218; x_wconf 87' lang='lat' dir='ltr'>scribens,</span> <span class='ocrx_word' id='word_1_82' title='bbox 539 1143 596 1214; x_wconf 79' lang='lat' dir='ltr'>Tu,</span> <span class='ocrx_word' id='word_1_83' title='bbox 621 1137 733 1222; x_wconf 88' lang='lat' dir='ltr'>inquit,</span> <span class='ocrx_word' id='word_1_84' title='bbox 756 1139 792 1200; x_wconf 85' lang='lat' dir='ltr'>ab</span> <span class='ocrx_word' id='word_1_85' title='bbox 807 1141 994 1201; x_wconf 74' lang='lat' dir='ltr'>odohscenlrir</span> <span class='ocrx_word' id='word_1_86' title='bbox 1009 1159 1107 1201; x_wconf 83' lang='lat' dir='ltr'>sacrus</span> <span class='ocrx_word' id='word_1_87' title='bbox 1123 1142 1335 1215; x_wconf 62' lang='lat' dir='ltr'>discussuras,</span> <span class='ocrx_word' id='word_1_88' title='bbox 1344 1161 1374 1206; x_wconf 85' lang='lat' dir='ltr'>us.</span> 
     </span>
     <span class='ocr_line' id='line_1_10' title="bbox 68 1237 1225 1328; baseline -0.002 -20"><span class='ocrx_word' id='word_1_89' title='bbox 68 1250 206 1308; x_wconf 68' lang='lat' dir='ltr'>Minu.</span> <span class='ocrx_word' id='word_1_90' title='bbox 253 1241 339 1328; x_wconf 79' lang='lat' dir='ltr'>erod</span> <span class='ocrx_word' id='word_1_91' title='bbox 355 1262 427 1306; x_wconf 86' lang='lat' dir='ltr'>vero</span> <span class='ocrx_word' id='word_1_92' title='bbox 442 1242 478 1306; x_wconf 87' lang='lat' dir='ltr'>ad</span> <span class='ocrx_word' id='word_1_93' title='bbox 493 1241 571 1306; x_wconf 89' lang='lat' dir='ltr'>illam</span> <span class='ocrx_word' id='word_1_94' title='bbox 588 1239 779 1304; x_wconf 88' lang='lat' dir='ltr'>eruditionem</span> <span class='ocrx_word' id='word_1_95' title='bbox 797 1240 947 1325; x_wconf 74' lang='lat' dir='ltr'>politiores</span> <span class='ocrx_word' id='word_1_96' title='bbox 962 1260 1076 1325; x_wconf 89' lang='lat' dir='ltr'>quoque</span> <span class='ocrx_word' id='word_1_97' title='bbox 1093 1237 1225 1306; x_wconf 83' lang='lat' dir='ltr'>Graeco·</span> 
     </span>
    </p>

    <p class='ocr_par' dir='ltr' id='par_1_7' title="bbox 69 1341 1224 1536">
     <span class='ocr_line' id='line_1_11' title="bbox 69 1341 1223 1429; baseline -0.002 -17"><span class='ocrx_word' id='word_1_98' title='bbox 69 1367 137 1413; x_wconf 80' lang='lat' dir='ltr'>rum</span> <span class='ocrx_word' id='word_1_99' title='bbox 156 1349 273 1427; x_wconf 84' lang='lat' dir='ltr'>literas,</span> <span class='ocrx_word' id='word_1_100' title='bbox 305 1346 361 1410; x_wconf 90' lang='lat' dir='ltr'>boc</span> <span class='ocrx_word' id='word_1_101' title='bbox 379 1357 425 1410; x_wconf 89' lang='lat' dir='ltr'>est</span> <span class='ocrx_word' id='word_1_102' title='bbox 440 1342 570 1429; x_wconf 71' lang='lat' dir='ltr'>poeticas</span> <span class='ocrx_word' id='word_1_103' title='bbox 587 1363 622 1406; x_wconf 89' lang='lat' dir='ltr'>ae</span> <span class='ocrx_word' id='word_1_104' title='bbox 637 1342 816 1420; x_wconf 85' lang='lat' dir='ltr'>rhetoricas,</span> <span class='ocrx_word' id='word_1_105' title='bbox 846 1341 1005 1422; x_wconf 88' lang='lat' dir='ltr'>adiecerit,</span> <span class='ocrx_word' id='word_1_106' title='bbox 1034 1341 1108 1406; x_wconf 86' lang='lat' dir='ltr'>iisne</span> <span class='ocrx_word' id='word_1_107' title='bbox 1126 1343 1223 1410; x_wconf 85' lang='lat' dir='ltr'>verbis</span> 
     </span>
     <span class='ocr_line' id='line_1_12' title="bbox 69 1442 1224 1536; baseline -0.004 -21"><span class='ocrx_word' id='word_1_108' title='bbox 69 1449 238 1536; x_wconf 80' lang='lat' dir='ltr'>expressile</span> <span class='ocrx_word' id='word_1_109' title='bbox 261 1450 462 1512; x_wconf 81' lang='lat' dir='ltr'>Adrmdcnleies</span> <span class='ocrx_word' id='word_1_110' title='bbox 479 1448 556 1509; x_wconf 69' lang='lat' dir='ltr'>colas</span> <span class='ocrx_word' id='word_1_111' title='bbox 572 1446 699 1508; x_wconf 76' lang='lat' dir='ltr'>omnebus</span> <span class='ocrx_word' id='word_1_112' title='bbox 716 1449 821 1526; x_wconf 77' lang='lat' dir='ltr'>linguis</span> <span class='ocrx_word' id='word_1_113' title='bbox 837 1449 951 1528; x_wconf 82' lang='lat' dir='ltr'>loquor,</span> <span class='ocrx_word' id='word_1_114' title='bbox 984 1444 1024 1509; x_wconf 87' lang='lat' dir='ltr'>uli</span> <span class='ocrx_word' id='word_1_115' title='bbox 1042 1465 1075 1510; x_wconf 86' lang='lat' dir='ltr'>se</span> <span class='ocrx_word' id='word_1_116' title='bbox 1092 1442 1224 1511; x_wconf 86' lang='lat' dir='ltr'>Graeca·</span> 
     </span>
    </p>

    <p class='ocr_par' dir='ltr' id='par_1_8' title="bbox 67 1547 1223 1637">
     <span class='ocr_line' id='line_1_13' title="bbox 67 1547 1223 1637; baseline -0.004 -20"><span class='ocrx_word' id='word_1_117' title='bbox 67 1575 136 1617; x_wconf 90' lang='lat' dir='ltr'>rum</span> <span class='ocrx_word' id='word_1_118' title='bbox 154 1551 369 1637; x_wconf 87' lang='lat' dir='ltr'>disciplinarum</span> <span class='ocrx_word' id='word_1_119' title='bbox 385 1547 588 1615; x_wconf 78' lang='lat' dir='ltr'>excellentiori</span> <span class='ocrx_word' id='word_1_120' title='bbox 604 1547 727 1632; x_wconf 85' lang='lat' dir='ltr'>quodam</span> <span class='ocrx_word' id='word_1_121' title='bbox 743 1567 797 1612; x_wconf 90' lang='lat' dir='ltr'>usu</span> <span class='ocrx_word' id='word_1_122' title='bbox 816 1548 976 1633; x_wconf 86' lang='lat' dir='ltr'>praeditum</span> <span class='ocrx_word' id='word_1_123' title='bbox 994 1567 1060 1612; x_wconf 87' lang='lat' dir='ltr'>esse</span> <span class='ocrx_word' id='word_1_124' title='bbox 1078 1561 1223 1614; x_wconf 89' lang='lat' dir='ltr'>monstra·</span> 
     </span>
    </p>

    <p class='ocr_par' dir='ltr' id='par_1_9' title="bbox 66 1649 1223 1744">
     <span class='ocr_line' id='line_1_14' title="bbox 66 1649 1223 1744; baseline -0.003 -25"><span class='ocrx_word' id='word_1_125' title='bbox 66 1667 129 1720; x_wconf 90' lang='lat' dir='ltr'>ret.</span> <span class='ocrx_word' id='word_1_126' title='bbox 171 1651 250 1718; x_wconf 87' lang='lat' dir='ltr'>Nam</span> <span class='ocrx_word' id='word_1_127' title='bbox 265 1663 295 1718; x_wconf 87' lang='lat' dir='ltr'>et</span> <span class='ocrx_word' id='word_1_128' title='bbox 309 1652 457 1718; x_wconf 89' lang='lat' dir='ltr'>scribendi</span> <span class='ocrx_word' id='word_1_129' title='bbox 471 1672 566 1744; x_wconf 73' lang='lat' dir='ltr'>genus</span> <span class='ocrx_word' id='word_1_130' title='bbox 582 1649 675 1735; x_wconf 86' lang='lat' dir='ltr'>ipsum</span> <span class='ocrx_word' id='word_1_131' title='bbox 689 1671 746 1734; x_wconf 83' lang='lat' dir='ltr'>quo</span> <span class='ocrx_word' id='word_1_132' title='bbox 762 1651 852 1714; x_wconf 90' lang='lat' dir='ltr'>utitur</span> <span class='ocrx_word' id='word_1_133' title='bbox 868 1651 1055 1716; x_wconf 88' lang='lat' dir='ltr'>humanitatis</span> <span class='ocrx_word' id='word_1_134' title='bbox 1068 1650 1147 1715; x_wconf 90' lang='lat' dir='ltr'>illum</span> <span class='ocrx_word' id='word_1_135' title='bbox 1161 1663 1223 1716; x_wconf 86' lang='lat' dir='ltr'>stu-</span> 
     </span>
    </p>

    <p class='ocr_par' dir='ltr' id='par_1_10' title="bbox 67 1751 1221 1840">
     <span class='ocr_line' id='line_1_15' title="bbox 67 1751 1221 1840; baseline -0.004 -16"><span class='ocrx_word' id='word_1_136' title='bbox 67 1758 128 1824; x_wconf 88' lang='lat' dir='ltr'>diis</span> <span class='ocrx_word' id='word_1_137' title='bbox 142 1757 216 1822; x_wconf 83' lang='lat' dir='ltr'>haud</span> <span class='ocrx_word' id='word_1_138' title='bbox 233 1754 420 1820; x_wconf 84' lang='lat' dir='ltr'>mediocriter</span> <span class='ocrx_word' id='word_1_139' title='bbox 434 1753 574 1818; x_wconf 89' lang='lat' dir='ltr'>imbutum</span> <span class='ocrx_word' id='word_1_140' title='bbox 590 1751 682 1817; x_wconf 86' lang='lat' dir='ltr'>inisse</span> <span class='ocrx_word' id='word_1_141' title='bbox 698 1753 837 1834; x_wconf 89' lang='lat' dir='ltr'>declarat,</span> <span class='ocrx_word' id='word_1_142' title='bbox 857 1764 888 1817; x_wconf 89' lang='grc' dir='ltr'>ιιι</span> <span class='ocrx_word' id='word_1_143' title='bbox 902 1775 940 1819; x_wconf 92' lang='lat' dir='ltr'>ne</span> <span class='ocrx_word' id='word_1_144' title='bbox 954 1752 1092 1840; x_wconf 83' lang='lat' dir='ltr'>Epicurei</span> <span class='ocrx_word' id='word_1_145' title='bbox 1108 1753 1221 1838; x_wconf 84' lang='lat' dir='ltr'>quidem</span> 
     </span>
    </p>

    <p class='ocr_par' dir='ltr' id='par_1_11' title="bbox 65 1855 1372 2150">
     <span class='ocr_line' id='line_1_16' title="bbox 65 1855 1222 1946; baseline -0.003 -22"><span class='ocrx_word' id='word_1_146' title='bbox 65 1861 125 1946; x_wconf 91' lang='lat' dir='ltr'>ipsi</span> <span class='ocrx_word' id='word_1_147' title='bbox 144 1855 276 1925; x_wconf 88' lang='lat' dir='ltr'>Stoicive</span> <span class='ocrx_word' id='word_1_148' title='bbox 294 1867 415 1944; x_wconf 87' lang='lat' dir='ltr'>possent</span> <span class='ocrx_word' id='word_1_149' title='bbox 432 1856 590 1937; x_wconf 78' lang='lat' dir='ltr'>resistcre3</span> <span class='ocrx_word' id='word_1_150' title='bbox 619 1875 692 1940; x_wconf 87' lang='lat' dir='ltr'>quos</span> <span class='ocrx_word' id='word_1_151' title='bbox 716 1875 818 1920; x_wconf 87' lang='lat' dir='ltr'>omnes</span> <span class='ocrx_word' id='word_1_152' title='bbox 840 1877 905 1920; x_wconf 91' lang='lat' dir='ltr'>eum</span> <span class='ocrx_word' id='word_1_153' title='bbox 927 1877 998 1920; x_wconf 88' lang='lat' dir='ltr'>arae</span> <span class='ocrx_word' id='word_1_154' title='bbox 1019 1855 1096 1920; x_wconf 88' lang='lat' dir='ltr'>illius</span> <span class='ocrx_word' id='word_1_155' title='bbox 1118 1856 1222 1922; x_wconf 85' lang='lat' dir='ltr'>inscri-</span> 
     </span>
     <span class='ocr_line' id='line_1_17' title="bbox 65 1959 1372 2048; baseline 0 -22"><span class='ocrx_word' id='word_1_156' title='bbox 65 1963 199 2048; x_wconf 88' lang='lat' dir='ltr'>ptionem</span> <span class='ocrx_word' id='word_1_157' title='bbox 220 1960 380 2036; x_wconf 87' lang='lat' dir='ltr'>eiusmodi,</span> <span class='ocrx_word' id='word_1_158' title='bbox 413 1965 515 2040; x_wconf 75' lang='lat' dir='ltr'>Ignoto</span> <span class='ocrx_word' id='word_1_159' title='bbox 531 1963 606 2034; x_wconf 85' lang='lat' dir='ltr'>Deo,</span> <span class='ocrx_word' id='word_1_160' title='bbox 641 1959 754 2022; x_wconf 89' lang='lat' dir='ltr'>erudite</span> <span class='ocrx_word' id='word_1_161' title='bbox 774 1959 912 2044; x_wconf 84' lang='lat' dir='ltr'>legisset,</span> <span class='ocrx_word' id='word_1_162' title='bbox 947 1981 1059 2024; x_wconf 88' lang='lat' dir='ltr'>summa</span> <span class='ocrx_word' id='word_1_163' title='bbox 1077 1979 1142 2024; x_wconf 90' lang='lat' dir='ltr'>cum</span> <span class='ocrx_word' id='word_1_164' title='bbox 1160 1960 1222 2024; x_wconf 92' lang='lat' dir='ltr'>elo·</span> <span class='ocrx_word' id='word_1_165' title='bbox 1235 1980 1282 2024; x_wconf 75' lang='grc' dir='ltr'>ιιι.</span> <span class='ocrx_word' id='word_1_166' title='bbox 1296 1981 1328 2035; x_wconf 84' lang='grc' dir='ltr'>ιι,</span> <span class='ocrx_word' id='word_1_167' title='bbox 1340 1981 1372 2026; x_wconf 89' lang='grc' dir='ltr'>ιι.</span> 
     </span>
     <span class='ocr_line' id='line_1_18' title="bbox 67 2059 1221 2150; baseline -0.002 -22"><span class='ocrx_word' id='word_1_168' title='bbox 67 2064 188 2150; x_wconf 83' lang='lat' dir='ltr'>quentia</span> <span class='ocrx_word' id='word_1_169' title='bbox 200 2063 414 2146; x_wconf 81' lang='lat' dir='ltr'>artificioseque</span> <span class='ocrx_word' id='word_1_170' title='bbox 426 2061 575 2139; x_wconf 81' lang='lat' dir='ltr'>relutarit,</span> <span class='ocrx_word' id='word_1_171' title='bbox 592 2060 619 2123; x_wconf 91' lang='lat' dir='ltr'>id</span> <span class='ocrx_word' id='word_1_172' title='bbox 633 2059 784 2146; x_wconf 85' lang='lat' dir='ltr'>ipsumque</span> <span class='ocrx_word' id='word_1_173' title='bbox 797 2062 839 2125; x_wconf 91' lang='lat' dir='ltr'>ita</span> <span class='ocrx_word' id='word_1_174' title='bbox 850 2062 1023 2126; x_wconf 83' lang='lat' dir='ltr'>declaravit:</span> <span class='ocrx_word' id='word_1_175' title='bbox 1044 2066 1129 2142; x_wconf 82' lang='lat' dir='ltr'>Quem</span> <span class='ocrx_word' id='word_1_176' title='bbox 1140 2068 1221 2144; x_wconf 75' lang='lat' dir='ltr'>lgm-</span> 
     </span>
    </p>

    <p class='ocr_par' dir='ltr' id='par_1_12' title="bbox 66 2160 1359 2352">
     <span class='ocr_line' id='line_1_19' title="bbox 67 2160 1359 2244; baseline 0.002 -14"><span class='ocrx_word' id='word_1_177' title='bbox 67 2179 169 2230; x_wconf 80' lang='lat' dir='ltr'>rantes</span> <span class='ocrx_word' id='word_1_178' title='bbox 183 2171 292 2241; x_wconf 76' lang='lat' dir='ltr'>ech&#39;tri,</span> <span class='ocrx_word' id='word_1_179' title='bbox 322 2169 397 2228; x_wconf 84' lang='lat' dir='ltr'>buno</span> <span class='ocrx_word' id='word_1_180' title='bbox 412 2169 548 2228; x_wconf 79' lang='lat' dir='ltr'>mmuotio</span> <span class='ocrx_word' id='word_1_181' title='bbox 564 2165 651 2226; x_wconf 75' lang='lat' dir='ltr'>codri.</span> <span class='ocrx_word' id='word_1_182' title='bbox 697 2160 772 2228; x_wconf 87' lang='lat' dir='ltr'>ltern</span> <span class='ocrx_word' id='word_1_183' title='bbox 787 2163 855 2228; x_wconf 92' lang='lat' dir='ltr'>illud</span> <span class='ocrx_word' id='word_1_184' title='bbox 872 2164 930 2229; x_wconf 90' lang='lat' dir='ltr'>alio</span> <span class='ocrx_word' id='word_1_185' title='bbox 945 2165 1010 2228; x_wconf 89' lang='lat' dir='ltr'>loco</span> <span class='ocrx_word' id='word_1_186' title='bbox 1023 2165 1115 2244; x_wconf 85' lang='lat' dir='ltr'>dixit,</span> <span class='ocrx_word' id='word_1_187' title='bbox 1138 2170 1224 2230; x_wconf 67' lang='lat' dir='ltr'>Bahal</span> <span class='ocrx_word' id='word_1_188' title='bbox 1233 2183 1281 2230; x_wconf 82' lang='grc' dir='ltr'>τιι.</span> <span class='ocrx_word' id='word_1_189' title='bbox 1295 2185 1315 2241; x_wconf 87' lang='grc' dir='ltr'>ι,</span> <span class='ocrx_word' id='word_1_190' title='bbox 1328 2187 1359 2232; x_wconf 80' lang='grc' dir='ltr'>ιι</span> 
     </span>
     <span class='ocr_line' id='line_1_20' title="bbox 66 2269 635 2352; baseline -0.004 -20"><span class='ocrx_word' id='word_1_191' title='bbox 66 2275 182 2352; x_wconf 83' lang='lat' dir='ltr'>puidam</span> <span class='ocrx_word' id='word_1_192' title='bbox 199 2273 335 2350; x_wconf 77' lang='lat' dir='ltr'>propmur</span> <span class='ocrx_word' id='word_1_193' title='bbox 356 2271 469 2330; x_wconf 79' lang='lat' dir='ltr'>ullorum</span> <span class='ocrx_word' id='word_1_194' title='bbox 487 2269 635 2348; x_wconf 82' lang='lat' dir='ltr'>propheto,</span> 
     </span>
    </p>

    <p class='ocr_par' dir='ltr' id='par_1_13' title="bbox 65 2371 1221 2848">
     <span class='ocr_line' id='line_1_21' title="bbox 156 2371 1112 2452; baseline 0 -20"><span class='ocrx_word' id='word_1_195' title='bbox 156 2375 301 2434; x_wconf 79' lang='lat' dir='ltr'>Cretenses</span> <span class='ocrx_word' id='word_1_196' title='bbox 321 2392 429 2452; x_wconf 86' lang='lat' dir='ltr'>semper</span> <span class='ocrx_word' id='word_1_197' title='bbox 449 2374 609 2444; x_wconf 82' lang='lat' dir='ltr'>mendaces,</span> <span class='ocrx_word' id='word_1_198' title='bbox 636 2373 725 2432; x_wconf 88' lang='lat' dir='ltr'>mulne</span> <span class='ocrx_word' id='word_1_199' title='bbox 747 2371 865 2444; x_wconf 58' lang='lat' dir='ltr'>melche,</span> <span class='ocrx_word' id='word_1_200' title='bbox 894 2381 1004 2432; x_wconf 73' lang='lat' dir='ltr'>meres</span> <span class='ocrx_word' id='word_1_201' title='bbox 1019 2375 1112 2451; x_wconf 69' lang='lat' dir='ltr'>pr&#39;grd,</span> 
     </span>
     <span class='ocr_line' id='line_1_22' title="bbox 65 2468 1221 2560; baseline 0.001 -21"><span class='ocrx_word' id='word_1_202' title='bbox 65 2474 271 2560; x_wconf 76' lang='lat' dir='ltr'>Epimenidem</span> <span class='ocrx_word' id='word_1_203' title='bbox 286 2484 416 2538; x_wconf 86' lang='lat' dir='ltr'>veterem</span> <span class='ocrx_word' id='word_1_204' title='bbox 432 2471 632 2558; x_wconf 90' lang='lat' dir='ltr'>philosophum</span> <span class='ocrx_word' id='word_1_205' title='bbox 646 2471 825 2556; x_wconf 82' lang='lat' dir='ltr'>intelligens,</span> <span class='ocrx_word' id='word_1_206' title='bbox 841 2468 969 2536; x_wconf 85' lang='lat' dir='ltr'>Mithrae</span> <span class='ocrx_word' id='word_1_207' title='bbox 983 2472 1131 2537; x_wconf 86' lang='lat' dir='ltr'>cuiusdam</span> <span class='ocrx_word' id='word_1_208' title='bbox 1145 2475 1221 2558; x_wconf 88' lang='lat' dir='ltr'>apud</span> 
     </span>
     <span class='ocr_line' id='line_1_23' title="bbox 66 2571 1217 2663; baseline -0.001 -21"><span class='ocrx_word' id='word_1_209' title='bbox 66 2575 233 2642; x_wconf 87' lang='lat' dir='ltr'>Cretenses</span> <span class='ocrx_word' id='word_1_210' title='bbox 246 2576 313 2640; x_wconf 94' lang='lat' dir='ltr'>idoli</span> <span class='ocrx_word' id='word_1_211' title='bbox 326 2575 520 2640; x_wconf 86' lang='lat' dir='ltr'>sacerdotem.</span> <span class='ocrx_word' id='word_1_212' title='bbox 567 2573 612 2638; x_wconf 86' lang='lat' dir='ltr'>De</span> <span class='ocrx_word' id='word_1_213' title='bbox 629 2596 685 2658; x_wconf 88' lang='lat' dir='ltr'>quo</span> <span class='ocrx_word' id='word_1_214' title='bbox 701 2585 731 2639; x_wconf 88' lang='lat' dir='ltr'>et</span> <span class='ocrx_word' id='word_1_215' title='bbox 744 2571 952 2652; x_wconf 79' lang='lat' dir='ltr'>Callimachus,</span> <span class='ocrx_word' id='word_1_216' title='bbox 976 2573 1106 2662; x_wconf 86' lang='lat' dir='ltr'>Libycus</span> <span class='ocrx_word' id='word_1_217' title='bbox 1120 2584 1217 2663; x_wconf 78' lang='lat' dir='ltr'>polita,</span> 
     </span>
     <span class='ocr_line' id='line_1_24' title="bbox 66 2675 1219 2758; baseline 0.002 -14"><span class='ocrx_word' id='word_1_218' title='bbox 66 2681 146 2744; x_wconf 89' lang='lat' dir='ltr'>idem</span> <span class='ocrx_word' id='word_1_219' title='bbox 169 2677 366 2744; x_wconf 87' lang='lat' dir='ltr'>testimouium</span> <span class='ocrx_word' id='word_1_220' title='bbox 389 2675 463 2742; x_wconf 89' lang='lat' dir='ltr'>inlsc</span> <span class='ocrx_word' id='word_1_221' title='bbox 487 2679 522 2741; x_wconf 92' lang='lat' dir='ltr'>ad</span> <span class='ocrx_word' id='word_1_222' title='bbox 544 2677 707 2742; x_wconf 86' lang='lat' dir='ltr'>institutum</span> <span class='ocrx_word' id='word_1_223' title='bbox 731 2698 814 2742; x_wconf 89' lang='lat' dir='ltr'>sunm</span> <span class='ocrx_word' id='word_1_224' title='bbox 838 2677 1002 2758; x_wconf 85' lang='lat' dir='ltr'>transtulit,</span> <span class='ocrx_word' id='word_1_225' title='bbox 1034 2699 1100 2742; x_wconf 87' lang='lat' dir='ltr'>cum</span> <span class='ocrx_word' id='word_1_226' title='bbox 1119 2678 1160 2744; x_wconf 92' lang='lat' dir='ltr'>ila</span> <span class='ocrx_word' id='word_1_227' title='bbox 1183 2680 1219 2746; x_wconf 90' lang='lat' dir='ltr'>de</span> 
     </span>
     <span class='ocr_line' id='line_1_25' title="bbox 66 2780 288 2848; baseline 0 -3"><span class='ocrx_word' id='word_1_228' title='bbox 66 2780 142 2848; x_wconf 85' lang='lat' dir='ltr'>lore</span> <span class='ocrx_word' id='word_1_229' title='bbox 164 2780 288 2845; x_wconf 86' lang='lat' dir='ltr'>cecinit:</span> 
     </span>
    </p>

    <p class='ocr_par' dir='ltr' id='par_1_14' title="bbox 177 2886 1097 2966">
     <span class='ocr_line' id='line_1_26' title="bbox 177 2886 1097 2966; baseline 0 -20"><span class='ocrx_word' id='word_1_230' title='bbox 177 2888 261 2946; x_wconf 83' lang='lat' dir='ltr'>Creta</span> <span class='ocrx_word' id='word_1_231' title='bbox 282 2887 392 2966; x_wconf 82' lang='lat' dir='ltr'>parilem</span> <span class='ocrx_word' id='word_1_232' title='bbox 412 2887 525 2946; x_wconf 82' lang='lat' dir='ltr'>useriiue</span> <span class='ocrx_word' id='word_1_233' title='bbox 545 2886 674 2946; x_wconf 69' lang='lat' dir='ltr'>meam.</span> <span class='ocrx_word' id='word_1_234' title='bbox 720 2887 781 2946; x_wconf 76' lang='lat' dir='ltr'>tter</span> <span class='ocrx_word' id='word_1_235' title='bbox 801 2904 917 2964; x_wconf 77' lang='lat' dir='ltr'>magne,</span> <span class='ocrx_word' id='word_1_236' title='bbox 938 2887 1097 2964; x_wconf 84' lang='lat' dir='ltr'>sepulcrum</span> 
     </span>
    </p>

    <p class='ocr_par' dir='ltr' id='par_1_15' title="bbox 63 2988 1220 3994">
     <span class='ocr_line' id='line_1_27' title="bbox 178 2988 1001 3067; baseline -0.001 -19"><span class='ocrx_word' id='word_1_237' title='bbox 178 2991 263 3048; x_wconf 82' lang='lat' dir='ltr'>Cretu</span> <span class='ocrx_word' id='word_1_238' title='bbox 285 2997 362 3048; x_wconf 77' lang='lat' dir='ltr'>mum</span> <span class='ocrx_word' id='word_1_239' title='bbox 384 2990 543 3060; x_wconf 70' lang='lat' dir='ltr'>exemerit,</span> <span class='ocrx_word' id='word_1_240' title='bbox 567 2989 618 3046; x_wconf 83' lang='lat' dir='ltr'>sed</span> <span class='ocrx_word' id='word_1_241' title='bbox 638 2997 664 3047; x_wconf 85' lang='lat' dir='ltr'>te</span> <span class='ocrx_word' id='word_1_242' title='bbox 685 3007 760 3048; x_wconf 86' lang='lat' dir='ltr'>mors</span> <span class='ocrx_word' id='word_1_243' title='bbox 780 2988 860 3048; x_wconf 78' lang='lat' dir='ltr'>auHu</span> <span class='ocrx_word' id='word_1_244' title='bbox 880 2988 1001 3067; x_wconf 83' lang='lat' dir='ltr'>subegit.</span> 
     </span>
     <span class='ocr_line' id='line_1_28' title="bbox 66 3087 1220 3174; baseline 0 -20"><span class='ocrx_word' id='word_1_245' title='bbox 66 3087 163 3154; x_wconf 89' lang='lat' dir='ltr'>Vides</span> <span class='ocrx_word' id='word_1_246' title='bbox 180 3109 319 3172; x_wconf 82' lang='lat' dir='ltr'>quorsum</span> <span class='ocrx_word' id='word_1_247' title='bbox 335 3089 385 3153; x_wconf 90' lang='lat' dir='ltr'>ille</span> <span class='ocrx_word' id='word_1_248' title='bbox 402 3087 437 3152; x_wconf 89' lang='lat' dir='ltr'>de</span> <span class='ocrx_word' id='word_1_249' title='bbox 457 3087 563 3172; x_wconf 81' lang='lat' dir='ltr'>linguis</span> <span class='ocrx_word' id='word_1_250' title='bbox 579 3088 702 3173; x_wconf 86' lang='lat' dir='ltr'>apostoli</span> <span class='ocrx_word' id='word_1_251' title='bbox 717 3109 815 3152; x_wconf 87' lang='lat' dir='ltr'>sermo</span> <span class='ocrx_word' id='word_1_252' title='bbox 831 3089 993 3174; x_wconf 87' lang='lat' dir='ltr'>pertineat,</span> <span class='ocrx_word' id='word_1_253' title='bbox 1014 3091 1083 3150; x_wconf 90' lang='lat' dir='ltr'>Volo</span> <span class='ocrx_word' id='word_1_254' title='bbox 1099 3094 1220 3172; x_wconf 81' lang='lat' dir='ltr'>quairque</span> 
     </span>
     <span class='ocr_line' id='line_1_29' title="bbox 66 3187 1218 3276; baseline 0.003 -22"><span class='ocrx_word' id='word_1_255' title='bbox 66 3193 154 3254; x_wconf 84' lang='lat' dir='ltr'>uerba</span> <span class='ocrx_word' id='word_1_256' title='bbox 167 3212 250 3253; x_wconf 83' lang='lat' dir='ltr'>sensu</span> <span class='ocrx_word' id='word_1_257' title='bbox 265 3213 339 3266; x_wconf 89' lang='lat' dir='ltr'>meo,</span> <span class='ocrx_word' id='word_1_258' title='bbox 364 3191 419 3254; x_wconf 89' lang='lat' dir='ltr'>hoc</span> <span class='ocrx_word' id='word_1_259' title='bbox 435 3202 481 3254; x_wconf 88' lang='lat' dir='ltr'>est</span> <span class='ocrx_word' id='word_1_260' title='bbox 495 3211 559 3255; x_wconf 94' lang='lat' dir='ltr'>cum</span> <span class='ocrx_word' id='word_1_261' title='bbox 576 3191 816 3276; x_wconf 88' lang='lat' dir='ltr'>interpretatione</span> <span class='ocrx_word' id='word_1_262' title='bbox 832 3190 922 3274; x_wconf 88' lang='lat' dir='ltr'>loqui.</span> <span class='ocrx_word' id='word_1_263' title='bbox 968 3187 1218 3273; x_wconf 78' lang='lat' dir='ltr'>Quemadmodum</span> 
     </span>
     <span class='ocr_line' id='line_1_30' title="bbox 65 3291 1219 3380; baseline 0 -23"><span class='ocrx_word' id='word_1_264' title='bbox 65 3292 208 3380; x_wconf 85' lang='lat' dir='ltr'>propbeta</span> <span class='ocrx_word' id='word_1_265' title='bbox 231 3315 306 3378; x_wconf 86' lang='lat' dir='ltr'>qaae</span> <span class='ocrx_word' id='word_1_266' title='bbox 328 3293 385 3358; x_wconf 88' lang='lat' dir='ltr'>sihi</span> <span class='ocrx_word' id='word_1_267' title='bbox 404 3293 498 3358; x_wconf 88' lang='lat' dir='ltr'>saneti</span> <span class='ocrx_word' id='word_1_268' title='bbox 517 3292 635 3377; x_wconf 85' lang='lat' dir='ltr'>spiritus</span> <span class='ocrx_word' id='word_1_269' title='bbox 652 3291 747 3357; x_wconf 83' lang='lat' dir='ltr'>afflatu</span> <span class='ocrx_word' id='word_1_270' title='bbox 769 3292 799 3356; x_wconf 94' lang='lat' dir='ltr'>in</span> <span class='ocrx_word' id='word_1_271' title='bbox 817 3291 943 3355; x_wconf 88' lang='lat' dir='ltr'>animum</span> <span class='ocrx_word' id='word_1_272' title='bbox 961 3292 1092 3358; x_wconf 89' lang='lat' dir='ltr'>immissa</span> <span class='ocrx_word' id='word_1_273' title='bbox 1112 3294 1219 3358; x_wconf 88' lang='lat' dir='ltr'>luerint</span> 
     </span>
     <span class='ocr_line' id='line_1_31' title="bbox 63 3393 1218 3481; baseline 0.002 -22"><span class='ocrx_word' id='word_1_274' title='bbox 63 3397 98 3461; x_wconf 91' lang='lat' dir='ltr'>in</span> <span class='ocrx_word' id='word_1_275' title='bbox 112 3393 238 3461; x_wconf 88' lang='lat' dir='ltr'>medium</span> <span class='ocrx_word' id='word_1_276' title='bbox 255 3398 409 3481; x_wconf 79' lang='lat' dir='ltr'>proterens</span> <span class='ocrx_word' id='word_1_277' title='bbox 430 3395 611 3459; x_wconf 89' lang='lat' dir='ltr'>auditoribus</span> <span class='ocrx_word' id='word_1_278' title='bbox 630 3393 692 3458; x_wconf 88' lang='lat' dir='ltr'>suis</span> <span class='ocrx_word' id='word_1_279' title='bbox 711 3414 763 3478; x_wconf 89' lang='lat' dir='ltr'>per</span> <span class='ocrx_word' id='word_1_280' title='bbox 777 3393 955 3480; x_wconf 86' lang='lat' dir='ltr'>prophetiam</span> <span class='ocrx_word' id='word_1_281' title='bbox 969 3394 1047 3458; x_wconf 91' lang='lat' dir='ltr'>illam</span> <span class='ocrx_word' id='word_1_282' title='bbox 1063 3396 1149 3461; x_wconf 83' lang='lat' dir='ltr'>affert</span> <span class='ocrx_word' id='word_1_283' title='bbox 1162 3396 1218 3461; x_wconf 90' lang='lat' dir='ltr'>uti·</span> 
     </span>
     <span class='ocr_line' id='line_1_32' title="bbox 64 3495 1217 3583; baseline 0.002 -20"><span class='ocrx_word' id='word_1_284' title='bbox 64 3499 196 3576; x_wconf 85' lang='lat' dir='ltr'>litatem,</span> <span class='ocrx_word' id='word_1_285' title='bbox 227 3496 269 3562; x_wconf 90' lang='lat' dir='ltr'>ita</span> <span class='ocrx_word' id='word_1_286' title='bbox 296 3519 367 3583; x_wconf 84' lang='lat' dir='ltr'>ego,</span> <span class='ocrx_word' id='word_1_287' title='bbox 399 3497 511 3582; x_wconf 86' lang='lat' dir='ltr'>inquit,</span> <span class='ocrx_word' id='word_1_288' title='bbox 544 3495 622 3582; x_wconf 87' lang='lat' dir='ltr'>loqui</span> <span class='ocrx_word' id='word_1_289' title='bbox 651 3495 694 3559; x_wconf 90' lang='lat' dir='ltr'>sic</span> <span class='ocrx_word' id='word_1_290' title='bbox 717 3495 819 3581; x_wconf 91' lang='lat' dir='ltr'>capio,</span> <span class='ocrx_word' id='word_1_291' title='bbox 852 3506 884 3561; x_wconf 91' lang='lat' dir='ltr'>ut</span> <span class='ocrx_word' id='word_1_292' title='bbox 906 3517 952 3560; x_wconf 89' lang='lat' dir='ltr'>me</span> <span class='ocrx_word' id='word_1_293' title='bbox 974 3497 1098 3562; x_wconf 86' lang='lat' dir='ltr'>eeclesia</span> <span class='ocrx_word' id='word_1_294' title='bbox 1122 3500 1217 3566; x_wconf 90' lang='lat' dir='ltr'>omnis</span> 
     </span>
     <span class='ocr_line' id='line_1_33' title="bbox 64 3595 1215 3687; baseline 0.003 -23"><span class='ocrx_word' id='word_1_295' title='bbox 64 3601 183 3679; x_wconf 76' lang='lat' dir='ltr'>aaudiat,</span> <span class='ocrx_word' id='word_1_296' title='bbox 214 3610 244 3664; x_wconf 88' lang='lat' dir='ltr'>et</span> <span class='ocrx_word' id='word_1_297' title='bbox 265 3600 410 3665; x_wconf 77' lang='lat' dir='ltr'>aedificari</span> <span class='ocrx_word' id='word_1_298' title='bbox 433 3599 540 3685; x_wconf 87' lang='lat' dir='ltr'>possit,</span> <span class='ocrx_word' id='word_1_299' title='bbox 575 3619 632 3662; x_wconf 87' lang='lat' dir='ltr'>aon</span> <span class='ocrx_word' id='word_1_300' title='bbox 650 3609 681 3662; x_wconf 89' lang='lat' dir='ltr'>ut</span> <span class='ocrx_word' id='word_1_301' title='bbox 702 3595 836 3662; x_wconf 83' lang='lat' dir='ltr'>Graecae</span> <span class='ocrx_word' id='word_1_302' title='bbox 852 3609 902 3663; x_wconf 93' lang='lat' dir='ltr'>aut</span> <span class='ocrx_word' id='word_1_303' title='bbox 918 3597 1082 3664; x_wconf 87' lang='lat' dir='ltr'>Hebraicae</span> <span class='ocrx_word' id='word_1_304' title='bbox 1099 3601 1215 3687; x_wconf 80' lang='lat' dir='ltr'>linguae</span> 
     </span>
     <span class='ocr_line' id='line_1_34' title="bbox 63 3699 1214 3786; baseline 0.003 -20"><span class='ocrx_word' id='word_1_305' title='bbox 63 3701 189 3766; x_wconf 87' lang='lat' dir='ltr'>seientia</span> <span class='ocrx_word' id='word_1_306' title='bbox 204 3701 298 3766; x_wconf 88' lang='lat' dir='ltr'>elatus</span> <span class='ocrx_word' id='word_1_307' title='bbox 315 3723 483 3779; x_wconf 87' lang='lat' dir='ltr'>mennam,</span> <span class='ocrx_word' id='word_1_308' title='bbox 514 3701 562 3786; x_wconf 86' lang='lat' dir='ltr'>qni</span> <span class='ocrx_word' id='word_1_309' title='bbox 580 3721 643 3765; x_wconf 88' lang='lat' dir='ltr'>eam</span> <span class='ocrx_word' id='word_1_310' title='bbox 661 3699 774 3766; x_wconf 84' lang='lat' dir='ltr'>scilicet</span> <span class='ocrx_word' id='word_1_311' title='bbox 788 3702 963 3786; x_wconf 77' lang='lat' dir='ltr'>intelligam,</span> <span class='ocrx_word' id='word_1_312' title='bbox 987 3723 1045 3767; x_wconf 89' lang='lat' dir='ltr'>non</span> <span class='ocrx_word' id='word_1_313' title='bbox 1062 3704 1214 3770; x_wconf 88' lang='lat' dir='ltr'>eeclesiam</span> 
     </span>
     <span class='ocr_line' id='line_1_35' title="bbox 63 3801 1214 3894; baseline 0.001 -26"><span class='ocrx_word' id='word_1_314' title='bbox 63 3805 172 3889; x_wconf 87' lang='lat' dir='ltr'>ipsam,</span> <span class='ocrx_word' id='word_1_315' title='bbox 193 3804 353 3868; x_wconf 84' lang='lat' dir='ltr'>aedificem.</span> <span class='ocrx_word' id='word_1_316' title='bbox 398 3802 446 3868; x_wconf 89' lang='grc' dir='ltr'>Τιι</span> <span class='ocrx_word' id='word_1_317' title='bbox 460 3823 533 3868; x_wconf 81' lang='lat' dir='ltr'>reru</span> <span class='ocrx_word' id='word_1_318' title='bbox 548 3803 616 3868; x_wconf 92' lang='lat' dir='ltr'>illud</span> <span class='ocrx_word' id='word_1_319' title='bbox 633 3803 778 3883; x_wconf 89' lang='lat' dir='ltr'>addidisti,</span> <span class='ocrx_word' id='word_1_320' title='bbox 797 3801 924 3883; x_wconf 90' lang='lat' dir='ltr'>Marcio,</span> <span class='ocrx_word' id='word_1_321' title='bbox 950 3807 990 3868; x_wconf 86' lang='lat' dir='ltr'>Ob</span> <span class='ocrx_word' id='word_1_322' title='bbox 1004 3809 1109 3888; x_wconf 76' lang='lat' dir='ltr'>legem,-</span> <span class='ocrx_word' id='word_1_323' title='bbox 1132 3807 1214 3894; x_wconf 88' lang='lat' dir='ltr'>qnasi</span> 
     </span>
     <span class='ocr_line' id='line_1_36' title="bbox 64 3906 1210 3994; baseline 0.001 -24"><span class='ocrx_word' id='word_1_324' title='bbox 64 3907 109 3971; x_wconf 86' lang='lat' dir='ltr'>ita</span> <span class='ocrx_word' id='word_1_325' title='bbox 124 3906 278 3993; x_wconf 82' lang='lat' dir='ltr'>scripserit</span> <span class='ocrx_word' id='word_1_326' title='bbox 292 3907 457 3994; x_wconf 79' lang='lat' dir='ltr'>apostolus:</span> <span class='ocrx_word' id='word_1_327' title='bbox 483 3909 551 3969; x_wconf 88' lang='lat' dir='ltr'>Volo</span> <span class='ocrx_word' id='word_1_328' title='bbox 569 3912 691 3990; x_wconf 75' lang='lat' dir='ltr'>quotque</span> <span class='ocrx_word' id='word_1_329' title='bbox 705 3909 789 3970; x_wconf 86' lang='lat' dir='ltr'>oerbc</span> <span class='ocrx_word' id='word_1_330' title='bbox 804 3911 833 3970; x_wconf 71' lang='grc' dir='ltr'>ιιι</span> <span class='ocrx_word' id='word_1_331' title='bbox 847 3911 965 3970; x_wconf 69' lang='lat' dir='ltr'>rectem</span> <span class='ocrx_word' id='word_1_332' title='bbox 976 3921 1094 3991; x_wconf 83' lang='lat' dir='ltr'>propter</span> <span class='ocrx_word' id='word_1_333' title='bbox 1112 3914 1210 3993; x_wconf 75' lang='lat' dir='ltr'>legem</span> 
     </span>
    </p>
   </div>
   <div class='ocr_carea' id='block_1_3' title="bbox 59 4123 1214 4590">
    <p class='ocr_par' dir='ltr' id='par_1_16' title="bbox 59 4123 1214 4590">
     <span class='ocr_line' id='line_1_37' title="bbox 63 4123 1214 4197; baseline 0.003 -15"><span class='ocrx_word' id='word_1_334' title='bbox 63 4132 152 4182; x_wconf 82' lang='lat' dir='ltr'>tabeel</span> <span class='ocrx_word' id='word_1_335' title='bbox 166 4129 215 4196; x_wconf 80' lang='grc' dir='ltr'>τῆς</span> <span class='ocrx_word' id='word_1_336' title='bbox 238 4123 294 4183; x_wconf 81' lang='lat' dir='ltr'>siml</span> <span class='ocrx_word' id='word_1_337' title='bbox 316 4123 455 4196; x_wconf 70' lang='grc' dir='ltr'>ιῖγιιῦσιῳ,</span> <span class='ocrx_word' id='word_1_338' title='bbox 479 4143 539 4194; x_wconf 80' lang='lat' dir='ltr'>pace</span> <span class='ocrx_word' id='word_1_339' title='bbox 554 4133 625 4182; x_wconf 85' lang='lat' dir='ltr'>uerbo</span> <span class='ocrx_word' id='word_1_340' title='bbox 693 4128 733 4182; x_wconf 84' lang='grc'>56.</span> <span class='ocrx_word' id='word_1_341' title='bbox 751 4125 855 4185; x_wconf 70' lang='grc' dir='ltr'>εἰδώλου</span> <span class='ocrx_word' id='word_1_342' title='bbox 872 4133 924 4183; x_wconf 88' lang='lat' dir='ltr'>eod.</span> <span class='ocrx_word' id='word_1_343' title='bbox 941 4133 1031 4197; x_wconf 63' lang='lat' dir='ltr'>Vetto„</span> <span class='ocrx_word' id='word_1_344' title='bbox 1054 4139 1076 4186; x_wconf 92' lang='lat' dir='ltr'>el</span> <span class='ocrx_word' id='word_1_345' title='bbox 1090 4135 1145 4185; x_wconf 85' lang='lat' dir='ltr'>inde</span> <span class='ocrx_word' id='word_1_346' title='bbox 1160 4135 1214 4185; x_wconf 81' lang='lat' dir='ltr'>edit.</span> 
     </span>
     <span class='ocr_line' id='line_1_38' title="bbox 62 4198 1212 4266; baseline 0.003 -15"><span class='ocrx_word' id='word_1_347' title='bbox 62 4201 178 4251; x_wconf 78' lang='lat' dir='ltr'>Petuntur</span> <span class='ocrx_word' id='word_1_348' title='bbox 189 4213 242 4250; x_wconf 89' lang='lat' dir='ltr'>eum</span> <span class='ocrx_word' id='word_1_349' title='bbox 253 4213 300 4250; x_wconf 82' lang='lat' dir='ltr'>con</span> <span class='ocrx_word' id='word_1_350' title='bbox 312 4201 463 4262; x_wconf 74' lang='lat' dir='ltr'>touueperu,</span> <span class='ocrx_word' id='word_1_351' title='bbox 480 4201 571 4250; x_wconf 81' lang='lat' dir='ltr'>uastata</span> <span class='ocrx_word' id='word_1_352' title='bbox 583 4213 625 4250; x_wconf 85' lang='lat' dir='ltr'>no·</span> <span class='ocrx_word' id='word_1_353' title='bbox 659 4201 740 4250; x_wconf 88' lang='lat' dir='ltr'>Petou.</span> <span class='ocrx_word' id='word_1_354' title='bbox 763 4198 875 4253; x_wconf 73' lang='lat' dir='ltr'>cloeliae</span> <span class='ocrx_word' id='word_1_355' title='bbox 884 4203 934 4252; x_wconf 86' lang='lat' dir='ltr'>eod.</span> <span class='ocrx_word' id='word_1_356' title='bbox 942 4203 1038 4266; x_wconf 79' lang='lat' dir='ltr'>tthedtp.</span> <span class='ocrx_word' id='word_1_357' title='bbox 1049 4205 1212 4266; x_wconf 80' lang='lat' dir='ltr'>stertitprlac.</span> 
     </span>
     <span class='ocr_line' id='line_1_39' title="bbox 63 4265 1127 4331; baseline 0.01 -22"><span class='ocrx_word' id='word_1_358' title='bbox 63 4269 132 4317; x_wconf 69' lang='lat' dir='ltr'>motu</span> <span class='ocrx_word' id='word_1_359' title='bbox 691 4265 732 4318; x_wconf 81' lang='grc'>57.</span> <span class='ocrx_word' id='word_1_360' title='bbox 750 4269 886 4318; x_wconf 77' lang='grc' dir='ltr'>σαιιιιιιιιιιι</span> <span class='ocrx_word' id='word_1_361' title='bbox 902 4271 987 4331; x_wconf 74' lang='lat' dir='ltr'>Hyrca.</span> <span class='ocrx_word' id='word_1_362' title='bbox 1004 4273 1028 4320; x_wconf 85' lang='lat' dir='ltr'>ln</span> <span class='ocrx_word' id='word_1_363' title='bbox 1042 4273 1090 4322; x_wconf 87' lang='lat' dir='ltr'>lcn.</span> <span class='ocrx_word' id='word_1_364' title='bbox 1103 4273 1127 4320; x_wconf 77' lang='lat' dir='ltr'>a.</span> 
     </span>
     <span class='ocr_line' id='line_1_40' title="bbox 98 4329 1212 4404; baseline 0.007 -19"><span class='ocrx_word' id='word_1_365' title='bbox 98 4331 141 4385; x_wconf 79' lang='grc'>54.</span> <span class='ocrx_word' id='word_1_366' title='bbox 159 4335 224 4385; x_wconf 79' lang='lat' dir='ltr'>Libri</span> <span class='ocrx_word' id='word_1_367' title='bbox 239 4336 324 4386; x_wconf 87' lang='lat' dir='ltr'>hebent</span> <span class='ocrx_word' id='word_1_368' title='bbox 339 4329 483 4401; x_wconf 72' lang='lat' dir='ltr'>dpsuicronr.</span> <span class='ocrx_word' id='word_1_369' title='bbox 691 4329 732 4385; x_wconf 66' lang='lat' dir='ltr'>bh</span> <span class='ocrx_word' id='word_1_370' title='bbox 755 4337 867 4398; x_wconf 69' lang='lat' dir='ltr'>lofimttut</span> <span class='ocrx_word' id='word_1_371' title='bbox 892 4337 1000 4401; x_wconf 77' lang='grc' dir='ltr'>λαλῆσαι</span> <span class='ocrx_word' id='word_1_372' title='bbox 1026 4343 1048 4388; x_wconf 86' lang='lat' dir='ltr'>et</span> <span class='ocrx_word' id='word_1_373' title='bbox 1074 4335 1212 4404; x_wconf 74' lang='lat' dir='ltr'>elaedcueis</span> 
     </span>
     <span class='ocr_line' id='line_1_41' title="bbox 99 4401 1210 4471; baseline 0.006 -19"><span class='ocrx_word' id='word_1_374' title='bbox 99 4401 195 4453; x_wconf 78' lang='grc' dir='ltr'>55.1ια</span> <span class='ocrx_word' id='word_1_375' title='bbox 216 4407 325 4466; x_wconf 78' lang='lat' dir='ltr'>rescripsi</span> <span class='ocrx_word' id='word_1_376' title='bbox 345 4419 389 4466; x_wconf 85' lang='lat' dir='ltr'>pro</span> <span class='ocrx_word' id='word_1_377' title='bbox 413 4401 466 4471; x_wconf 66' lang='lat' dir='ltr'>beri</span> <span class='ocrx_word' id='word_1_378' title='bbox 489 4405 552 4466; x_wconf 85' lang='lat' dir='ltr'>puod</span> <span class='ocrx_word' id='word_1_379' title='bbox 572 4405 626 4452; x_wconf 78' lang='lat' dir='ltr'>labri</span> <span class='ocrx_word' id='word_1_380' title='bbox 655 4404 985 4466; x_wconf 84' lang='lat' dir='ltr'>pendersuidenlurcoerbc</span> <span class='ocrx_word' id='word_1_381' title='bbox 1001 4404 1076 4468; x_wconf 70' lang='lat' dir='ltr'>amo,</span> <span class='ocrx_word' id='word_1_382' title='bbox 1095 4411 1157 4470; x_wconf 75' lang='lat' dir='ltr'>quod</span> <span class='ocrx_word' id='word_1_383' title='bbox 1172 4422 1210 4460; x_wconf 87' lang='lat' dir='ltr'>ec·</span> 
     </span>
     <span class='ocr_line' id='line_1_42' title="bbox 59 4473 985 4535; baseline 0.002 -14"><span class='ocrx_word' id='word_1_384' title='bbox 59 4473 175 4535; x_wconf 82' lang='lat' dir='ltr'>praebeat</span> <span class='ocrx_word' id='word_1_385' title='bbox 191 4485 275 4522; x_wconf 83' lang='lat' dir='ltr'>omres.</span> <span class='ocrx_word' id='word_1_386' title='bbox 308 4473 419 4522; x_wconf 86' lang='lat' dir='ltr'>Petccius</span> <span class='ocrx_word' id='word_1_387' title='bbox 433 4473 540 4523; x_wconf 78' lang='lat' dir='ltr'>voculam</span> <span class='ocrx_word' id='word_1_388' title='bbox 559 4474 625 4522; x_wconf 84' lang='lat' dir='ltr'>unct·</span> <span class='ocrx_word' id='word_1_389' title='bbox 657 4475 768 4535; x_wconf 83' lang='lat' dir='ltr'>pitottoae</span> <span class='ocrx_word' id='word_1_390' title='bbox 783 4473 929 4535; x_wconf 79' lang='lat' dir='ltr'>rspstmdmn</span> <span class='ocrx_word' id='word_1_391' title='bbox 945 4478 985 4523; x_wconf 88' lang='lat' dir='ltr'>est.</span> 
     </span>
     <span class='ocr_line' id='line_1_43' title="bbox 61 4541 215 4590; baseline -0.019 0"><span class='ocrx_word' id='word_1_392' title='bbox 61 4542 101 4590; x_wconf 83' lang='lat' dir='ltr'>ais</span> <span class='ocrx_word' id='word_1_393' title='bbox 117 4541 215 4590; x_wconf 78' lang='lat' dir='ltr'>comum</span> 
     </span>
    </p>
   </div>
   <div class='ocr_carea' id='block_1_4' title="bbox 0 0 1544 5002">
    <p class='ocr_par' dir='ltr' id='par_1_17' title="bbox 0 0 1544 5002">
     <span class='ocr_line' id='line_1_44' title="bbox 0 0 1544 5002; baseline 0 2"><span class='ocrx_word' id='word_1_394' title='bbox 0 0 1544 5002; x_wconf 95' lang='lat' dir='ltr'> </span> 
     </span>
    </p>
   </div>
  </div>
 </body>
</html>
