3080 5002
300 289 361 350 646
727 296 849 348 SANCTI
866 295 1036 349 EPIPH'ANII

175 444 226 489 ηις.
240 435 285 481 σει.
384 414 409 501 γ’
426 418 476 482 καί
493 414 531 481 ια’
542 413 651 501 Ἔλεγχ.
686 417 729 480 Εἰ
742 413 878 500 ἀρχοντες
893 422 947 480 τοῦ
965 417 1074 491 αἰῶνος
1087 413 1195 481 τούτου
1210 417 1328 496 πολλοί,
1348 441 1458 501 καταρ

298 525 421 604 χοῦντσι
433 520 465 584 δὲ
482 521 513 586 σί
524 524 663 596 τοιοῦτοι,
679 516 905 606 ἀναγκασθήσῃ,
920 509 945 582 ῶ
958 521 1117 602 Μαρκίων,
1130 515 1230 584 οάκίτι
1240 526 1331 605 τριῶν
1346 527 1383 566 ⁹⁹
1392 517 1457 602 ’Δρ

298 630 358 706 χῶν
375 629 469 704 ζητεῖν
485 620 538 696 τός
555 624 649 704 ῥίζας,
671 618 729 686 ἀλλ’
748 622 925 706 1ἐρευνῆσαι
943 617 1029 686 ἀλλον
1045 627 1147 702 μῦθον
1164 628 1279 686 πολλῶν
1294 619 1391 709 ἀρχῶν
1407 621 1458 686 καὶ

299 732 413 790 πολλῶν
436 727 522 807 ῥιζῶν
544 724 595 788 καλ
615 729 724 807 πολλῆς
743 726 915 811 τραγῳδίας.
961 724 1022 787 Καὶ
1040 720 1112 788 όταν
1129 731 1326 805 συκοφαντεῖν
1341 723 1459 813 πλάσνχς

301 824 349 906 (οό
365 825 421 912 γάρ
441 825 568 910 εὕροις),
592 823 790 908 λσσναντήσει
806 847 853 892 σοι
871 823 903 891 τό
922 827 1192 912 Καταργουμίνων,
1217 829 1273 892 ’ἐκ
1290 828 1325 892 δέ
1341 835 1395 892 τοῦ
1410 825 1458 892 λό·

298 957 352 1016 γον
369 936 422 994 τοῦ
439 931 575 1013 λέγοντος
593 930 850 1014 Κατσργουμίνοον
864 926 1091 1014 ἀναιρεθήσεται
1109 926 1129 1011 ή
1144 928 1225 1014 πσρά
1242 952 1297 994 σου
1315 937 1458 1012 φανταζο-
1527 993 1528 1020 ,

299 1033 371 1115 με’νη
389 1030 516 1116 ἀνσρχος
530 1038 590 1097 τῶν
604 1029 701 1116 ἀρχῶν
717 1035 789 1115 ῥίζα.
835 1037 904 1096 Πᾶν
917 1029 971 1117 γάρ
987 1029 1021 1096 τό
1035 1038 1123 1117 λῆγον
1139 1029 1195 1098 οάκ
1210 1030 1307 1098 ἀΐδιον
1322 1030 1457 1118 ἀπάρχει,
1527 1031 1528 1052 ¹

300 1132 370 1200 ἀλλά
387 1137 415 1200 εἰ
428 1132 522 1218 ἀρχήν
541 1136 603 1217 ἐσχε
617 1141 671 1200 τοῦ
687 1131 775 1212 εἶναι,
797 1137 849 1200 καλ
863 1135 944 1211 τέλος
957 1131 1067 1215 ἀφίξει.
1109 1131 1270 1202 ’Λδόνατον
1284 1134 1343 1222 γάρ
1358 1133 1390 1200 τό
1407 1133 1457 1218 ἀρ-
1527 1123 1528 1186 ί

299 1234 353 1322 χήν
369 1235 490 1319 ἐσχηκός
506 1240 679 1316 διαιωνίζειν
695 1235 814 1318 ἀϊδίως,
842 1239 870 1300 ελ
885 1235 926 1320 μή
942 1262 968 1302 τι
984 1235 1022 1302 ἀν
1036 1239 1122 1302 θίλοι
1137 1235 1196 1302 4τό
1213 1236 1265 1318 δν,
1296 1241 1394 1304 αἶσιον
1412 1262 1456 1322 γε·
1526 1245 1528 1286 ι

299 1339 423 1420 νόμενον
443 1346 497 1405 τοῦ
519 1338 560 1422 μή
582 1365 652 1405 ποτε
674 1337 775 1418 όντος,
804 1337 971 1424 ἀρξαμένου
993 1341 1025 1406 δὲ
1041 1348 1096 1405 τοῦ
1111 1337 1194 1406 εἶναι.
1243 1339 1283 1407 To*
1299 1339 1384 1408 δέδν
1399 1341 1457 1406 ἐστι

299 1441 396 1527 πατήρ
418 1444 468 1508 καλ
485 1440 551 1518 υἱός
565 1443 617 1506 καὶ
632 1441 717 1528 ἀγιον
732 1449 864 1524 πνεῦμα,
895 1440 927 1508 τό
944 1443 977 1508 δὲ
993 1440 1036 1526 μή
1051 1440 1087 1508 όν
1102 1445 1162 1509 ἐστι
1174 1444 1272 1509 πάντα
1286 1441 1323 1510 τά
1340 1450 1456 1508 ὖιιενιτι-

300 1547 407 1628 σμένσ,
437 1543 529 1632 ἀρχήν
551 1544 693 1629 ἐσχηκότα
714 1551 768 1611 τοῦ
789 1541 877 1610 εἶναι·
907 1548 939 1612 ἐν
954 1543 1001 1622 οἷς
1018 1545 1057 1610 ἀν
1075 1549 1127 1611 καλ
1142 1543 1175 1613 τό
1191 1545 1350 1632 λεγόμενον
1366 1543 1459 1611 κακόν

300 1650 351 1714 καλ
369 1647 404 1713 όν
419 1647 529 1728 κακόν,
559 1646 618 1714 ἀπό
637 1645 809 1733 ἀνθριόπων
828 1645 990 1735 ἀρξάμενον
1007 1655 1066 1714 τῶν
1080 1651 1260 1735 γενομένων,
1291 1647 1348 1715 οάκ
1364 1647 1459 1716 όντων

301 1752 380 1816 ποτέ.
424 1747 528 1836 Ἀρχήν
551 1753 583 1816 δέ
604 1759 658 1816 τοῦ
679 1758 773 1817 κακοῦ
791 1749 949 1835 ἐσχηκότος
966 1750 1046 1831 ἐξότε
1062 1753 1113 1817 καλ
1130 1750 1343 1838 δάνθρωντος,
1374 1748 1459 1818 όοάκ

302 1851 343 1918 ῶν
360 1878 445 1934 ποτε,
467 1851 566 1920 οάκέτι
580 1856 660 1920 ἔσται
674 1852 707 1920 τό
723 1853 830 1920 κακόν·
853 1853 1065 1938 ἀναμφιβόλως
1078 1853 1133 1941 γάρ
1151 1852 1385 1941 ἀναιρεθήσεται,
1408 1852 1459 1918 διό

301 1953 333 2021 τό
351 1954 392 2038 μή
409 1961 596 2023 συνευδοκεῖν
612 1955 664 2022 τόν
683 1955 777 2023 6όντα
791 1965 831 2046 τῷ
846 1956 938 2044 ἀρχήν
952 1955 1083 2042 ἐσχηκόσι
1100 1960 1151 2024 καλ
1167 1961 1199 2024 ἐν
1211 1959 1340 2040 φαόλοις
1355 1955 1461 2022 ἑαυτόν
1527 1969 1528 2040 Τ

301 2058 520 2142 καταστήσαντι.
567 2059 763 2144 Πανθήσεται
780 2058 835 2147 γάρ
855 2058 927 2144 μετά
943 2061 997 2144 τήν
1015 2058 1173 2127 ἀνάστασιν
1192 2059 1230 2127 οά
1248 2059 1360 2144 μόνον,
1390 2055 1461 2124 ἀλλά
1527 2099 1528 2120 .

304 2164 353 2227 καλ
375 2159 435 2228 ἀπό
456 2167 509 2246 τῆς
524 2171 578 2229 τοῦ
596 2162 692 2246 νόμον
710 2164 874 2250 κηρόξεως,
906 2166 956 2229 καὶ
974 2161 1032 2248 πρό
1051 2168 1137 2230 τοῦδε
1154 2162 1249 2246 νόμον
1267 2162 1328 2230 ἀπό
1345 2171 1461 2230 πολλῶν

303 2271 364 2330 τῶν
381 2263 455 2331 κατά
471 2263 524 2331 τόν
537 2266 665 2346 φυσικόν
679 2267 774 2350 νόμον
788 2269 1051 2349 πεπολιτευμένων,
1081 2268 1132 2331 καλ
1146 2269 1188 2332 ἔτι
1203 2293 1234 2353 γε
1246 2269 1461 2352 περισσοτέρως

303 2366 362 2434 ἀπό
377 2376 429 2450 τῆς
444 2376 497 2434 τοῦ
518 2376 649 2456 Χριστοῦ
667 2369 813 2456 δνσάρκοσ
828 2373 1008 2457 παρουσίας,
1031 2368 1192 2454 τελειότατα
1208 2369 1240 2435 δέ
1255 2367 1316 2435 ἀπό
1335 2377 1390 2452 τῆς
1403 2378 1461 2436 τῶν

302 2479 417 2554 νεκρῶν
439 2469 632 2550 ἀναστάσεως.
674 2471 810 2557 Ἐπειδή,
841 2477 1021 2559 Σπείρονται
1042 2473 1073 2538 ἐν
1094 2479 1215 2560 φθορᾷ,
1247 2475 1410 2559 ἐγείρονται
1431 2475 1462 2538 ἐν

304 2572 473 2663 ἀφθαρσίᾳ,
496 2578 599 2658 μηκέτι
613 2575 647 2641 τό
664 2574 759 2643 κακόν
774 2575 971 2663 ἐργαζόμενοι,
994 2577 1097 2659 μηκέτι
1110 2573 1361 2658 ἀποθνήσκοντες.
1401 2577 1462 2640 Καὶ

305 2675 350 2742 ότι
366 2678 398 2741 δὲ
414 2677 617 2760 πεισθήσεται,
647 2679 824 2767 μαρτυρήσει
839 2676 960 2754 δαιίτός
972 2677 1058 2764 λόγος
1074 2684 1127 2744 τοῦ
1144 2674 1312 2745 ἀποστόλου
1326 2677 1461 2762 φάσκοτν,

310 2785 375 2844 Τῶν
392 2776 541 2864 ἀρχόντων
557 2789 611 2847 τοῦ
627 2785 736 2858 αἰῶνος
754 2781 876 2861 τούτου,
897 2787 956 2848 τῶν
971 2782 1224 2868 καταργουμένων.
1270 2784 1335 2846 Καὶ
1351 2779 1460 2872 ἀνῄρη-

305 2909 354 2948 ται
367 2883 554 2966 πανταχόθεν
572 2882 591 2966 ή
607 2885 682 2950 κατά
696 2886 742 2964 σέ,
766 2878 972 2971 ῶΜαρκίοιν,
1003 2882 1166 2964 ἀπόθεσις,
1195 2885 1462 2968 φαντασιῶδηςεις

306 2979 382 3052 οὖσα
401 2988 452 3052 καί
474 2986 589 3070 ψευδής
610 2989 661 3053 καὶ
682 2986 806 3066 ἀστατος
826 2990 876 3054 καί
898 2986 1011 3076 ἀλογος.

393 3801 417 3867 δ’
433 3806 485 3870 καλ
497 3803 536 3887 ιβ’
553 3805 639 3890 Σχόλ.
670 3808 833 3893 Γέγραπται
848 3805 921 3893 γάρ,
948 3802 981 3870 Ὁ
995 3801 1194 3891 δρασσόμενος
1209 3803 1279 3880 τεός
1297 3803 1415 3885 σοφοός
1431 3808 1463 3870 ἐν

186 3935 236 3983 ηις.
249 3929 294 3976 ωε,
308 3913 345 3996 τῇ
360 3911 528 3996 πανουργίᾳ
542 3906 650 3982 αὐτῶν.
685 3911 756 3976 ,Καὶ
772 3908 871 3989 πόλιν,
895 3905 1008 3995 Κόριος
1021 3905 1157 3994 γινῶσκιι
1172 3904 1242 3984 τοός
1256 3905 1464 3995 δισλογισμοός

308 4017 366 4076 τῶν
388 4007 560 4097 ἀνθρώπων
582 4010 629 4077 ὅτι
649 4014 705 4078 εἰσί
727 4011 853 4095 μάταιοι.

395 4111 419 4178 δ
433 4115 483 4179 καί
500 4112 539 4196 ιβ
546 4111 655 4200 Ἔλεγχ.
693 4113 732 4181 Τό
750 4117 915 4203 Γέγραπται
931 4115 973 4190 είς
986 4121 1090 4201 χρῆσιν
1105 4111 1341 4200 προφερόμενον,
1363 4115 1415 4180 καί
1430 4111 1462 4178 τό

341 4267 382 4322 99.
399 4264 484 4340 ἀρχῶν
498 4273 548 4322 cod.
562 4273 644 4335 λὀίλο,
658 4278 678 4322 τι
690 4275 746 4324 inde
758 4275 813 4324 edit.
823 4275 868 4324 Pe·
901 4287 973 4336 ρασυι
991 4273 1054 4322 editi.

309 4341 356 4388 ίαν.
390 4333 516 4407 ἀρχόντων
530 4342 580 4390 cod.
591 4341 687 4404 Βλισλρ.
699 4347 721 4391 ει
731 4344 867 4404 odiam.
935 4341 959 4393 3.
979 4343 1053 4392 Verbo
1068 4337 1099 4394 ίκ
1113 4337 1143 4393 δὲ
1159 4339 1204 4392 τοῦ
1220 4365 1253 4378 -·
1266 4365 1300 4378 -
1313 4367 1348 4380 -
1361 4338 1461 4406 Καταρ-

345 4405 365 4456 1.
384 4409 484 4470 Reposui
501 4407 636 4474 ἐρευνῆσαι
655 4424 698 4470 pro
722 4405 868 4475 ἐρευνήσας,
901 4407 1044 4478 χοσμένων,
1061 4423 1121 4472 quae
1137 4411 1161 4458 ι’νι
1175 4410 1230 4458 edit.
1244 4411 1319 4470 ρτλαο.
1336 4423 1382 4460 τινα
1397 4423 1463 4471 νερε-

309 4475 371 4536 ηυοδ
388 4477 412 4522 λιι
429 4479 534 4526 omnibus
550 4480 614 4528 libris
628 4479 747 4538 reperitur.
901 4483 1008 4538 ήνσίστ,
1023 4492 1052 4528 αα
1069 4479 1120 4527 nod.
1139 4479 1212 4527 λ’σλλο.
1228 4479 1328 4526 reditui!
1343 4479 1462 4528 θιλσνλσι.

344 4541 367 4592 ’λ
386 4544 537 4610 συναντῆσαι
552 4559 629 4597 omnes
642 4547 712 4607 libri,
725 4550 774 4596 ισαι
789 4549 870 4608 scripti
936 4543 960 4598 4.
980 4542 1008 4599 τδ
1030 4545 1180 4598 atum-md.
1199 4547 1272 4596 θοθο.
1308 4546 1388 4596 Vm:
1416 4545 1462 4596 nisi
1527 4615 1528 4620 ρ
