3080 5002
374 354 511 412 ιιιιιιιιιι
528 333 591 411 uri.
602 359 620 412 ι.
638 359 718 432 rou.
731 359 775 413 ιιι.
792 357 891 412 naua.
902 359 996 412 xurv.
1201 349 1262 414 697

103 495 180 541 vers
196 475 226 541 iu
245 497 333 542 eruce
348 479 470 544 suffixus
488 491 545 560 cst,
571 499 693 566 eamque
710 481 803 567 ipsam
820 499 939 544 earnem
957 479 1107 567 discipulis
1120 483 1259 548 ostendit.

104 577 218 644 Postea
235 581 388 644 bomauaur
405 581 483 645 illurn
500 603 586 666 quam
603 595 769 670 sumpserat
785 595 917 648 usturam
934 583 1089 649 resolvens
1108 586 1263 672 unicuique

107 685 257 747 eleneutu
280 685 355 768 quod
378 685 526 770 proprium
547 696 611 750 erat
630 688 776 766 restituit,
800 687 882 752 velut
903 686 998 750 calido
1016 685 1157 766 calidum,
1183 689 1264 774 frigi·

105 787 175 850 dom
195 786 312 870 frigido,
337 787 446 851 siccum
463 788 555 869 sicco,
581 789 726 854 humidum
746 789 873 854 bumido.
922 785 966 852 lla
983 809 1106 874 corpore
1120 789 1171 854 illo
1187 793 1263 875 quod

105 909 198 954 carne
221 889 374 954 couslabat
396 892 526 956 resoluto
549 892 578 954 in
602 893 734 970 coelum,
759 892 835 956 unde
858 904 998 971 venerat,
1022 891 1166 956 ascendit.

192 989 220 1057 0
237 993 392 1058 mendaces
409 993 477 1057 talia
496 993 663 1058 lactantium
683 994 813 1060 fabulas!
839 995 906 1078 qui,
932 1006 963 1058 ut
977 1014 1064 1058 ueuro
1080 1015 1138 1058 non
1154 995 1262 1058 iutelli-
1281 1007 1340 1076 cap.
1357 1011 1399 1061 ιιι.

103 1097 168 1182 git,
193 1097 344 1160 mimorum
364 1096 461 1160 ludum
478 1105 566 1180 atque
583 1095 726 1160 officinam
745 1097 860 1180 aperire
878 1097 974 1182 potius
993 1117 1078 1181 quam
1095 1097 1175 1160 vitae
1192 1119 1262 1162 cou-

103 1199 273 1285 sequendac
293 1199 504 1285 professionem
524 1209 574 1262 aut
589 1199 801 1284 intelligentiae
821 1201 942 1264 formam
960 1199 1094 1263 obtinere
1111 1200 1259 1265 videntur.

102 1300 223 1366 Etenim
243 1301 268 1364 ai
286 1303 405 1366 coruino
423 1302 499 1386 quod
518 1301 666 1365 asciverat
683 1302 737 1366 sibi
756 1321 861 1387 corpus
881 1302 1033 1382 dissolvit,
1064 1324 1118 1367 our
1131 1303 1160 1366 id
1178 1303 1261 1366 initio

104 1403 280 1468 lubricavill
323 1401 409 1486 Quod
427 1404 452 1466 si
469 1404 504 1468 ad
524 1424 606 1468 usum
625 1403 780 1468 fabricarit
795 1404 940 1488 aliquem,
972 1405 1027 1468 boc
1044 1406 1108 1490 ipsu
1125 1427 1180 1470 usu
1196 1427 1262 1493 per-

103 1508 222 1570 inuctus
245 1507 411 1590 relinquere
434 1507 502 1572 illud
524 1507 553 1570 iu
573 1507 661 1570 terris
677 1507 793 1584 debuit,
825 1507 997 1592 praesertim
1019 1528 1083 1571 cum
1108 1521 1276 1575 exaestua

101 1609 253 1679 sententia
278 1611 370 1674 lurnra
391 1611 453 1694 ipsa
472 1609 697 1672 resurrectionis
718 1609 816 1674 caruis
834 1609 934 1694 perlici
950 1611 1030 1674 oullo
1047 1622 1131 1696 pecto
1148 1612 1262 1677 desidu-

101 1721 162 1775 ret.
208 1713 296 1797 Atqui
317 1713 385 1775 illod
405 1713 546 1776 excitavit
565 1714 678 1791 denuo,
711 1733 768 1797 quo
787 1713 927 1776 maiorem
948 1711 1001 1776 sibi
1021 1715 1151 1778 laborem
1170 1717 1260 1800 impu«

102 1826 208 1894 neret,
233 1815 317 1900 idque
336 1815 400 1880 siue
416 1815 475 1878 ullo
495 1817 590 1880 lructu
608 1826 796 1895 contentum,
819 1826 908 1899 atqua
922 1815 952 1878 iu
970 1817 1153 1902 sepulchrum
1173 1820 1262 1904 depo·

102 1920 192 1982 siturn
210 1928 310 2004 postea
327 1929 489 1997 retexeret,
515 1929 613 2003 atque,
639 1929 669 1982 ιιι
684 1917 879 2002 aequissimus
894 1917 1020 1998 debitur,
1044 1921 1120 2003 qood
1137 1922 1172 1984 ab
1188 1943 1261 1986 uno-

101 2041 219 2108 quoque
240 2023 386 2086 elemento
404 2033 570 2107 sumpserat
587 2020 696 2086 eisdem
717 2021 824 2106 optima
847 2020 903 2084 lida
919 2021 1099 2086 restitueret.
1146 2021 1207 2088 lam
1232 2038 1262 2089 ut

102 2145 159 2190 sus
178 2125 281 2209 coique
299 2124 474 2203 reddiderit,
499 2134 566 2210 puta
585 2123 689 2208 frigido
710 2123 861 2208 frigidum,
886 2135 915 2188 et
932 2124 1026 2188 calido
1042 2125 1184 2206 calidum,
1210 2149 1261 2214 po-

101 2229 159 2292 tuit
175 2229 202 2291 id
222 2227 312 2292 latere
328 2228 441 2312 quidem
457 2226 634 2311 discipulos,
667 2227 761 2310 ipsum
778 2237 876 2290 tamen
894 2245 1000 2312 corpus
1016 2228 1125 2292 siccum
1141 2231 1260 2296 minime

100 2329 208 2416 potuit.
254 2327 371 2394 Siarum
389 2329 465 2393 euim
483 2329 567 2414 plane
584 2349 690 2414 eorpus
706 2340 763 2409 est,
787 2348 869 2408 caro,
895 2331 1023 2414 iuquam,
1048 2342 1077 2394 et
1091 2353 1171 2397 ιιιι.
1211 2331 1260 2399 Si·

100 2433 212 2498 militer
229 2443 259 2496 et
277 2434 422 2496 irunriduru
440 2435 538 2496 sanies
557 2442 618 2509 cst,
643 2443 673 2494 et
689 2451 758 2494 caro
775 2451 849 2516 quae
867 2433 895 2493 iu
915 2432 1064 2496 bumorenu
1082 2433 1258 2504 entabesoit.

100 2535 190 2622 Quae
207 2537 303 2600 omnia
320 2555 384 2598 cunr
399 2535 554 2598 nrauiieste
574 2535 751 2620 deponeret,
776 2533 918 2618 apostolis
933 2535 996 2598 suia
1015 2536 1134 2600 omnino
1149 2537 1260 2623 signib-

100 2652 219 2717 cosset,
250 2652 280 2702 ut
299 2650 383 2702 autea
403 2641 529 2717 lacerat,
562 2657 625 2701 cunr
640 2637 704 2700 eius
722 2655 829 2722 eorpus
844 2636 1000 2722 sepulcbro
1017 2639 1181 2703 mandatum
1199 2654 1256 2706 est.

97 2739 179 2807 Τιιιιι
203 2743 279 2805 euim
298 2739 423 2828 losepbo
441 2739 677 2806 Arimatbaeeusi
697 2741 889 2824 permissum,
923 2739 1047 2804 sindone
1070 2742 1187 2808 utillud
1207 2746 1259 2808 ob-

99 2845 237 2908 volveret
254 2855 340 2928 atque
358 2843 387 2907 in
407 2857 595 2908 monumento
613 2843 784 2928 deponeret.
831 2839 991 2908 Praeterea
1008 2843 1145 2910 mulieres
1163 2846 1257 2911 locum

97 2947 183 3012 illum
206 2947 440 3011 animadvertere
465 2947 644 3032 potuissent,
678 2946 723 3008 cui
746 2946 887 3031 reliquiae
906 2948 1126 3012 commendatae
1148 2950 1255 3028 iurent,

98 3061 134 3114 ut
157 3071 209 3114 eas
231 3050 387 3134 unguentis
410 3063 438 3114 et
461 3047 640 3113 aromatibus
661 3049 820 3114 honorilice
840 3049 1002 3114 condirent.
1050 3047 1110 3114 Sed
1133 3050 1188 3113 boo
1207 3071 1257 3116 ve·

97 3163 210 3230 strum,
236 3152 418 3238 Apelleiani,
443 3152 624 3216 mendacium
641 3171 677 3214 ue
695 3173 770 3216 uuus
786 3153 900 3236 quidem
918 3172 956 3217 ax
974 3151 1115 3237 apostolis
1132 3173 1258 3217 comme-

98 3256 240 3321 nuuravit.
288 3251 403 3340 Quippe
422 3275 567 3340 nunquam
591 3257 630 3319 ita
648 3266 762 3338 gestum
780 3255 849 3319 illud
872 3266 928 3318 est.
975 3252 1086 3318 Verum
1106 3256 1178 3320 duos
1195 3257 1257 3341 qni·

98 3361 168 3424 dem
184 3379 237 3444 per
254 3379 322 3422 sese
340 3357 457 3422 minime
473 3358 685 3443 aspectabilee,
710 3367 835 3420 externa
854 3367 951 3420 tamen
967 3358 1065 3442 specie
1083 3370 1257 3444 apparentes

98 3464 184 3528 virus
203 3461 299 3526 iuluiti
316 3473 401 3538 suut,
425 3463 575 3546 ipsumque
592 3461 622 3523 iu
639 3460 752 3523 coelom
769 3462 993 3538 ascendentem,
1018 3481 1052 3524 ae
1067 3461 1162 3525 lueida
1180 3459 1256 3526 nubo
1272 3481 1318 3524 ιιι.
1335 3445 1352 3523 ι’.

97 3567 325 3644 circumfusum,
361 3564 499 3648 reliquias
525 3583 597 3627 vero
626 3583 767 3647 nusquam
796 3572 937 3628 terrarum
964 3562 1082 3628 relictas
1108 3566 1254 3630 viderunt.

97 3667 207 3754 Neque
229 3667 305 3732 enirn
335 3667 398 3732 lieri
421 3667 495 3732 istud
520 3666 690 3754 oportebat,
725 3678 777 3730 aot
798 3687 870 3730 reru
895 3677 1019 3751 poterat.
1072 3665 1255 3751 Querulum

97 3771 222 3859 Apelles
244 3773 307 3857 ipse
329 3791 414 3856 quarn
438 3769 602 3855 Apelleiaci
625 3768 737 3834 mentiti
761 3780 840 3833 sunt.

186 3871 295 3940 Cetera
317 3895 405 3960 porro
423 3893 487 3938 curu
511 3883 700 3960 praeceptore
719 3892 774 3936 suo
794 3869 948 3936 Marcione
969 3883 1167 3940 consentanea
1188 3897 1254 3962 pro·
1275 3885 1333 3954 cop.
1349 3885 1391 3936 lv.

97 3981 209 4057 litetur,
234 3997 308 4063 quac
323 3977 494 4042 eduliorum
510 3997 640 4056 carnem,
664 3997 699 4040 ac
713 3975 824 4060 reliqua
839 3975 867 4038 id
884 3995 977 4058 genus
995 3975 1153 4063 pertinent.
1192 3977 1256 4042 Ne·

97 4093 149 4166 gat
168 4081 245 4144 eniur
265 4101 418 4166 corporum
438 4099 505 4144 esse
525 4079 791 4155 resurrectionem,
823 4087 979 4164 ceteraque
996 4080 1032 4145 od
1051 4082 1175 4145 euudem
1193 4103 1256 4144 mu·

97 4185 186 4262 dom,
211 4205 268 4268 quo
283 4183 332 4248 ille
348 4203 412 4246 cunr
430 4183 459 4246 iu
478 4184 555 4247 vivis
571 4193 674 4266 egeret
689 4183 718 4246 in
736 4181 874 4268 opinione
891 4203 943 4247 sua
961 4184 1068 4268 posuit.
1114 4181 1174 4250 Sed
1194 4185 1255 4270 opi-

97 4287 219 4351 nionum
243 4287 310 4352 illae
340 4306 434 4370 nugae
463 4307 496 4348 au
521 4286 669 4350 mendacia
693 4287 847 4352 manifeste
871 4286 1095 4369 redarguentur.
1147 4283 1254 4372 Neque

98 4390 178 4456 euim
199 4389 304 4454 ririurn
327 4391 478 4476 quicquam
503 4390 610 4452 bubent
629 4389 786 4467 tenebrae,
818 4389 866 4452 ubi
886 4389 1024 4475 spleudur
1045 4389 1118 4453 lucis
1136 4390 1252 4469 emicat,

99 4513 156 4557 nec
171 4493 320 4578 operiente
334 4514 367 4557 ιι
384 4493 509 4556 veritate
527 4491 639 4556 falsitas
656 4491 801 4557 consistit.
846 4489 932 4578 Quod
949 4492 973 4556 si
990 4513 1140 4558 sacrarum
1154 4493 1254 4556 litero-

99 4615 165 4660 rum
185 4593 228 4658 uti
247 4594 413 4660 testimonio
432 4597 543 4682 placet,
575 4595 713 4686 Apelles,
743 4617 854 4682 vosque
872 4593 1052 4681 Apelleiaui,
1083 4595 1151 4661 illae
1170 4597 1253 4682 ipsae
