3112 4984
351 382 486 434 nauanu
504 383 566 433 uro.
579 385 600 434 1.
618 385 978 438 rou.1r.usua.xxrx.
1175 377 1236 440 tte

233 638 605 716 ADVERSUS
649 641 1080 738 NAZARAEOS,

342 783 425 853 quae
451 767 503 836 est
528 761 644 834 ordine
661 759 743 853 lX.,
770 763 824 836 rel
838 763 968 836 XXIX.

163 906 282 970 Exinde
298 907 447 972 Nazaraei
470 912 595 996 proximi
612 925 697 990 suut,
721 913 768 996 qai
787 913 850 977 sive
869 913 981 997 priores
999 915 1074 990 illis,
1098 917 1161 979 sive
1181 939 1230 981 ae·
1249 927 1308 996 Cap.
1326 930 1346 980 t.

90 1009 198 1089 quales,
223 1010 288 1074 sire
306 1015 486 1095 posteriores
504 1015 673 1089 extiterint,
704 1015 734 1077 iu
753 1014 829 1077 idem
850 1017 912 1078 lere
932 1025 1044 1100 tempus
1063 1017 1226 1084 incurrunt.

89 1107 184 1194 Neque
203 1113 280 1174 oraim
297 1113 442 1176 affirmare
459 1126 539 1178 certo
566 1137 719 1200 possumus
742 1117 799 1179 utri
823 1118 897 1180 utris
915 1118 1124 1182 successerint.
1170 1119 1229 1185 Ea-

89 1211 143 1273 dem
160 1214 238 1276 enim
257 1225 289 1276 ur.
303 1215 430 1277 diximus
449 1227 545 1279 aetate
561 1219 718 1296 vixerunt,
742 1229 773 1280 et
787 1218 817 1281 in
836 1219 937 1282 iisdem
956 1219 1137 1302 dogmatibus
1159 1234 1229 1288 sunt

89 1315 322 1400 opinionibusque
343 1318 463 1380 versati.
508 1318 607 1402 Atque
624 1319 664 1381 illi
683 1319 797 1403 quidem
816 1342 873 1382 non
891 1341 908 1384 a
925 1316 1056 1400 Christo,
1081 1344 1174 1406 neque
1190 1326 1227 1388 ab

88 1411 146 1479 lesu
162 1439 269 1480 nomen
294 1431 488 1503 acceperunt,
520 1421 570 1484 sed
593 1441 626 1484 se
644 1419 818 1486 Nazaraeos
836 1421 1029 1507 appellarunt.
1075 1420 1226 1509 Siquidem

88 1513 238 1582 Christiani
254 1532 312 1582 tum
330 1541 433 1584 omnes
447 1520 596 1586 Nazaraei
616 1523 806 1587 vocabantur.
847 1521 1029 1609 Quamquam
1047 1547 1098 1611 pro
1116 1529 1225 1612 exigno

87 1627 220 1704 tempore,
246 1618 430 1686 lessaeorarn
448 1645 538 1707 peries
557 1625 623 1687 illos
639 1646 744 1688 nomen
761 1627 882 1704 resedit,
899 1638 1053 1709 autequam
1064 1624 1225 1694 Christiani

86 1719 254 1786 Antioohiae
276 1725 420 1787 nominari
447 1727 610 1811 coeperint.
653 1728 700 1789 Ac
722 1723 849 1805 lessaei,
881 1739 912 1790 ut
935 1729 1055 1814 opinor,
1090 1731 1126 1793 ah
1145 1729 1226 1796 lesse

86 1825 170 1886 uocati
188 1836 269 1888 snut.
312 1823 406 1889 David
425 1828 501 1890 onim
522 1826 604 1891 lesse
623 1828 696 1891 lilius
716 1839 792 1907 erat,
816 1850 904 1912 aquo
923 1831 1042 1912 generis
1057 1834 1224 1897 continuata

86 1923 153 1986 serie
165 1923 266 1991 Maria
283 1929 400 2012 prodiit,
420 1930 449 1991 in
467 1951 561 2013 eoque
580 1929 743 2014 scripturae
759 1951 862 1994 sacrae
877 1932 1043 1996 vaticinium
1061 1935 1096 1997 ad
1113 1935 1224 2000 exitum

85 2027 244 2104 perductum
269 2041 331 2109 est,
362 2052 427 2093 ‹rrrm
451 2032 481 2094 iu
504 2042 605 2094 vetere
624 2041 800 2096 testamento
817 2029 923 2096 Davidi
943 2033 1076 2098 dominus
1100 2035 1156 2102 ista
1178 2059 1225 2100 re·

85 2129 259 2208 spondisset:
281 2135 325 2194 lte
335 2133 440 2214 fructu
459 2139 564 2195 ventres
583 2139 628 2194 tcr'
640 2155 744 2214 porram
764 2156 850 2214 super
868 2139 960 2196 sedem
982 2147 1067 2196 maru.
1342 2204 1348 2215 ,

157 2228 219 2296 Sed
242 2233 310 2296 illud
336 2234 366 2296 in
392 2234 515 2317 singulis
537 2235 699 2322 scripturae
725 2235 824 2300 verbis
852 2237 1010 2300 afferendis
1032 2237 1131 2301 vereri
1154 2241 1221 2303 mihi
1241 2240 1299 2308 cap.
1319 2247 1349 2297 Η·

84 2335 236 2411 succurrit,
260 2335 296 2397 de
315 2357 373 2418 quo
392 2337 510 2420 saepius
528 2357 714 2400 commouere
731 2337 831 2417 soleo,
856 2359 893 2402 ne
911 2339 978 2401 dum
991 2359 1041 2402 eas
1059 2361 1132 2422 quae
1156 2363 1222 2404 ver·

83 2429 121 2495 his
141 2436 213 2520 ipsis
235 2437 336 2500 insunt
354 2439 517 2502 sententias
539 2439 707 2523 expendere
733 2439 867 2503 veritatis
890 2440 1016 2503 studium
1034 2441 1129 2524 cogit,
1157 2442 1222 2506 lon·

82 2534 137 2615 gius
154 2559 242 2620 quam
259 2561 310 2623 par
326 2540 364 2602 sit
380 2539 504 2604 instituti
524 2542 615 2603 moles
632 2540 730 2624 operis
750 2552 916 2604 excrescat.
963 2538 1037 2606 Cum
1060 2543 1149 2626 igitur
1170 2547 1221 2608 do-

84 2637 167 2702 minus
185 2639 293 2704 [laridi
309 2641 434 2705 dixerita
458 2647 500 2704 lle
509 2646 614 2726 fructu
630 2647 735 2704 ceuma's
752 2647 797 2702 teri
806 2665 909 2723 ponam
924 2666 1009 2724 super
1022 2649 1112 2707 eedem
1130 2659 1217 2722 tuear,

82 2749 107 2800 et
121 2741 207 2822 illud,
238 2747 351 2804 Iuravit
364 2749 492 2806 domairac
509 2749 615 2817 Dauid,
640 2755 669 2806 et
683 2765 737 2806 aaa
753 2747 906 2824 poenitebit
924 2768 1002 2820 eam,
1034 2748 1220 2814 manifestum
1256 2767 1339 2814 reatu.

82 2851 120 2902 est
141 2844 185 2908 dei
212 2846 436 2930 promissionem
458 2847 592 2909 revocari
617 2867 674 2908 uon
697 2867 796 2929 posse.
841 2847 940 2930 Atque
965 2848 1104 2934 imprimis
1131 2851 1221 2916 iusiu-
1253 2821 1297 2877 Μ’
1314 2823 1333 2866 t.

82 2945 192 3008 randum
210 2948 293 3027 illud,
313 2951 389 3032 quod
404 2950 459 3012 deo
474 2949 621 3025 tribuitur,
642 2947 776 3032 quidnam
793 2958 839 3012 est
851 2947 942 3028 aliud,
962 2950 1017 3014 nisi
1035 2951 1110 3015 istud
1126 2953 1220 3038 ipsum

82 3048 146 3125 quud
169 3049 239 3112 alibi
263 3049 386 3128 dicitur,
416 3055 472 3112 Per
489 3056 675 3131 memetipsum
696 3055 804 3124 ehruvr',
832 3055 903 3112 dicit
923 3057 1072 3114 dometius?
1113 3053 1219 3138 Neque

81 3148 147 3212 enim
164 3173 219 3236 per
235 3151 374 3215 maiorem
393 3152 517 3236 aliquem
535 3151 734 3215 iusiurandum
751 3151 822 3215 deus
837 3152 975 3236 concipit,
1001 3155 1051 3218 sed
1071 3176 1125 3218 nec
1143 3157 1221 3220 iurat

81 3251 183 3330 quidem
204 3253 336 3316 omuino.
383 3250 443 3316 Sed
460 3274 495 3316 ea
519 3251 654 3337 loquendi
676 3253 750 3317 ratio
773 3253 808 3316 ad
827 3255 1014 3318 astruendam
1036 3255 1079 3318 rei
1100 3257 1219 3320 lirmita·

80 3359 127 3414 teu
142 3355 282 3438 pertinet.
319 3353 398 3417 Nam
418 3351 524 3418 llaridi
542 3356 730 3419 iureiurando
745 3355 877 3440 promisit
895 3355 1040 3433 domiuus,
1064 3360 1219 3439 Desruetu

81 3463 172 3517 reatrr's
187 3461 278 3538 aperies
292 3461 482 3537 supersedere
501 3461 561 3518 eries
575 3479 606 3518 se
623 3479 683 3518 esse
693 3462 863 3538 poertwam.
908 3454 954 3520 lte
972 3477 1059 3542 porro
1074 3468 1219 3521 testantur

79 3559 191 3636 apostati
211 3559 249 3620 de
269 3555 393 3621 Davidis
409 3558 501 3642 stirpe
517 3558 597 3620 nasci
616 3554 765 3622 Christum
784 3559 965 3642 oportuisse3
990 3559 1031 3622 nti
1048 3579 1154 3621 revera
1171 3557 1218 3622 le-

80 3673 121 3717 sus
136 3655 275 3724 Christus
290 3661 424 3723 dominus
447 3671 548 3722 noster
569 3659 696 3722 indidem
711 3659 852 3723 oriundus
868 3672 925 3724 est.
971 3657 1083 3724 Verum
1102 3681 1158 3744 ego
1180 3682 1218 3726 ne

79 3759 273 3838 prolixiorem,
297 3772 329 3823 ut
348 3773 416 3824 aute
432 3763 506 3839 dixi,
530 3782 695 3824 sermonem
715 3760 883 3839 instituam,
908 3761 1139 3826 testimoniorum
1157 3785 1218 3828 am-

79 3857 227 3938 plissimam
243 3863 353 3946 copiam
369 3863 581 3947 praetermitto.
625 3863 764 3940 Ateuirn,
789 3863 866 3926 dicat
880 3861 996 3946 aliquis,
1020 3885 1085 3926 eum
1099 3885 1139 3928 ex
1155 3863 1217 3929 lla·

78 3959 142 4025 ridis
157 3965 269 4050 stirpe,
302 3977 444 4048 quatenus
466 3985 555 4028 carae
577 3975 710 4042 constat,
740 3973 910 4048 procreatus
927 3963 965 4027 sit
982 3961 1137 4044 Christus,
1161 3967 1217 4030 hcc

79 4071 125 4140 tst,
149 4085 165 4128 e
181 4065 268 4128 beata
286 4067 400 4150 virgine
414 4065 523 4145 Maria,
549 4067 615 4151 quid
632 4067 671 4129 ita
688 4066 804 4128 taudem
818 4064 849 4126 in
866 4062 988 4128 Davidis
1005 4067 1081 4130 solio
1099 4068 1216 4130 minime

78 4167 219 4230 consedit?
253 4171 396 4230 Venerunt
410 4174 499 4243 enrhr,
524 4168 567 4231 ait
583 4166 784 4250 evangelium,
808 4177 840 4227 ret
857 4172 946 4248 rpeiam
964 4181 1102 4250 ungerent
1124 4173 1153 4229 rie
1169 4189 1215 4228 re-
1223 4181 1326 4240 teuna,
1336 4185 1364 4229 15.

74 4283 145 4341 um,-
178 4277 209 4330 et
224 4289 289 4330 eum
306 4269 335 4331 id
353 4272 558 4352 cognovisset,
582 4267 724 4347 recessit,
748 4279 834 4352 atque
850 4267 1020 4354 Ephraimi,
1043 4269 1118 4354 quod
1135 4268 1217 4354 oppi-

76 4367 132 4428 dum
157 4369 189 4432 in
208 4369 325 4433 deserto
351 4372 437 4433 situm
455 4383 518 4449 est,
542 4370 665 4433 delituit.
711 4367 812 4453 ltaque
837 4372 971 4454 quoniam
996 4384 1156 4457 opportune
1179 4373 1213 4436 ad

74 4463 150 4534 huius
167 4471 332 4556 evarrgeliei
353 4472 421 4536 dieti
438 4471 614 4536 mentionem
630 4491 729 4535 sumus
746 4473 873 4557 delapsi,
899 4475 992 4556 deque
1007 4473 1147 4536 eiusmodi
1170 4484 1214 4536 te-

73 4569 206 4636 stimonio
225 4584 455 4658 argumentoque
478 4584 545 4637 nata
563 4572 775 4657 quaestinem,
808 4595 860 4637 eur
880 4573 993 4636 scilicet
1013 4573 1087 4656 quod
1112 4595 1214 4659 apro·

72 4670 149 4752 pheta
165 4675 345 4760 praedictum
361 4675 468 4752 luerat,
486 4672 646 4739 inllsvidis
662 4674 737 4738 solio
751 4697 957 4741 consessurum
973 4693 1039 4736 esse
1050 4671 1213 4756 Christum,
