3100 4984
325 322 461 375 Pehhhtt
478 323 541 374 Lib.
557 324 576 374 l.
594 323 675 376 Tott.
691 325 722 374 11.
739 323 839 376 fleat.
853 325 978 379 xxxht.
1172 321 1234 383 407

77 469 139 510 ram
160 455 328 510 uestrorum.
376 441 442 507 Hoc
463 444 557 529 ipsum
582 443 782 528 pronuntiavit
805 442 928 525 Esaias,
961 446 1078 530 dicens,
1110 456 1385 533 Popatnsenrnnn.

77 556 123 614 hie
139 552 223 613 lobiis
238 571 281 610 me
297 552 434 623 honorat,
468 569 518 610 cor
534 559 625 609 oeten
644 570 739 610 eornm
756 553 898 629 longeest
914 571 931 612 n
950 573 1002 612 me.
1049 557 1119 616 Sthe
1133 577 1233 618 causeo

79 667 171 716 cratem
185 655 285 716 colunt
295 675 339 714 me
352 657 481 714 docentes
496 655 640 714 doctrinas
654 656 826 714 otmundum
840 655 990 716 homonum.
1029 653 1079 718 Ex
1091 657 1129 719 iis
1143 657 1234 741 liquet

77 777 194 822 omnem
214 754 293 820 illam
311 775 379 820 esse
399 755 493 838 legem
512 753 635 816 divisam
656 754 685 816 iu
703 765 800 838 partes
821 765 899 833 tres,
930 756 959 818 in
977 776 1070 840 eaque
1089 769 1120 820 ot
1137 755 1232 824 Musis

78 861 171 947 ipsius
188 870 218 922 et
235 858 384 922 seniorum
406 866 436 920 et
451 857 496 922 dei
515 857 651 920 mandata
670 857 825 920 contineri.
871 859 969 942 Atque
988 859 1060 923 haec
1077 859 1232 926 universae

76 963 152 1048 legis
174 983 193 1026 a
214 959 298 1024 uobis
321 960 452 1024 instituta
476 958 593 1044 partitio
615 959 693 1023 illius
716 959 800 1024 uobis
822 959 975 1025 veritatem
999 962 1139 1026 ostendit.

161 1266 223 1334 Sed
240 1289 273 1332 ea
289 1289 357 1354 pars
372 1267 457 1352 legis,
477 1287 552 1352 qnae
569 1289 586 1330 a
602 1267 657 1330 deo
674 1269 805 1352 prolecta
820 1279 876 1347 est,
899 1268 956 1334 tria
969 1290 1083 1333 rursum
1099 1270 1128 1333 in
1143 1290 1232 1334 mem·
1253 1281 1312 1351 cap.
1330 1282 1360 1333 v.

76 1375 130 1438 bra
148 1370 297 1436 dividitur.
329 1370 398 1435 Alia
416 1370 493 1434 enim
510 1381 578 1434 suut
592 1371 707 1434 sineere
724 1383 879 1456 praecepta
894 1382 923 1435 et
938 1370 973 1436 ab
990 1373 1067 1437 omni
1085 1372 1151 1437 mali
1167 1394 1233 1460 per-

74 1477 215 1540 mistione
234 1451 368 1552 deoreta,
403 1493 477 1558 quoe
497 1473 614 1558 proprie
636 1473 686 1536 lex
703 1474 881 1558 appellatur,
915 1495 1000 1559 quam
1022 1475 1152 1540 salvator
1174 1498 1232 1540 non

74 1579 159 1643 veuit
176 1578 313 1656 solvere,
338 1576 390 1640 sed
408 1576 578 1662 adimplere.
623 1574 693 1639 Nou
713 1576 789 1638 euim
808 1597 826 1640 a
842 1597 875 1640 se
890 1589 954 1640 erat
971 1577 1067 1641 aliena
1082 1600 1165 1662 quam
1183 1580 1383 1655 adulantem.

71 1679 224 1766 implevit3
249 1679 356 1764 alioqui
376 1678 475 1764 perfici
491 1679 661 1764 implerique
678 1699 736 1742 non
753 1688 863 1763 posset.
909 1679 979 1743 Alia
995 1691 1064 1744 sum
1080 1682 1233 1745 deteriori·

72 1785 130 1847 bos
154 1782 318 1867 implicata,
350 1781 443 1866 qualis
465 1781 607 1845 iniustitia
630 1791 691 1858 cst,
727 1802 811 1864 quam
834 1782 966 1846 salvator
987 1782 1192 1848 abhorrentem
1216 1805 1233 1848 a

72 1897 180 1950 natura
198 1907 251 1950 soa
268 1885 397 1950 funditus
413 1884 541 1948 sustulit.
580 1882 735 1948 Postremo
749 1884 805 1948 alia
822 1895 890 1948 sunt
903 1907 977 1968 quae
994 1886 1091 1971 typice
1105 1907 1139 1950 ao
1154 1908 1233 1973 sym·

71 1989 169 2054 bulica
187 1999 350 2065 uocantur,
381 1987 436 2051 boo
455 1997 502 2052 est
522 1985 641 2050 umbrae
661 1987 799 2071 quaedam
819 1988 1063 2072 praestantiorum
1083 2000 1113 2052 et
1130 1990 1233 2074 imagi·

72 2113 145 2169 nes;
179 2092 254 2174 quod
274 2110 367 2174 genus
384 2089 515 2155 salvator
532 2089 567 2154 ab
586 2111 622 2152 eo
640 2090 716 2174 quod
733 2091 868 2154 sensibus
887 2092 1051 2176 expositum
1070 2101 1117 2155 est
1133 2103 1163 2154 et
1178 2113 1232 2156 ex·

71 2205 191 2258 ternum
215 2194 251 2256 ad
273 2193 402 2278 spiritale
428 2215 483 2258 neo
506 2193 683 2278 aspectabile
707 2194 864 2256 convertit.
910 2190 972 2257 lam
997 2213 1069 2257 uero
1090 2215 1161 2279 pura
1182 2194 1231 2258 illa

72 2299 252 2382 sinceraque
273 2297 325 2360 lex
352 2297 415 2373 dei,
449 2317 504 2360 uec
530 2317 594 2360 oum
619 2295 765 2359 deteriore
788 2296 961 2374 coniuncta,
995 2293 1163 2378 Deoalogus
1185 2306 1232 2359 est

72 2400 154 2484 ipse,
179 2399 245 2462 siue
263 2388 363 2462 decem
383 2398 431 2463 illa
451 2408 606 2484 praecepto
627 2398 738 2463 duabus
757 2396 892 2462 distincta
912 2398 1034 2477 tabulis,
1059 2399 1162 2482 quibus
1182 2407 1232 2462 aut

71 2501 204 2565 cavenda
228 2501 418 2586 probibentur
439 2514 489 2565 aut
509 2502 641 2566 iacienda
661 2503 845 2565 mandentur.
892 2498 977 2583 Quae
999 2501 1054 2564 etsi
1076 2522 1148 2587 pura
1171 2501 1230 2564 sint
1267 2571 1270 2585 ,

70 2627 104 2668 ao
128 2603 256 2688 liquida,
290 2613 387 2667 tauma
410 2605 485 2688 quod
507 2604 633 2667 nondum
653 2605 783 2688 perlecta
803 2604 879 2683 sint,
913 2604 1026 2690 impleri
1047 2625 1063 2668 a
1082 2604 1229 2669 salvatore

72 2707 247 2773 debuerant.
294 2707 341 2770 Ad
357 2707 426 2771 illud
446 2727 517 2770 vero
533 2729 643 2792 genos,
668 2708 743 2792 quod
761 2706 921 2771 iniustitiae
937 2707 1044 2792 aliquid
1060 2707 1163 2786 habet,
1188 2708 1229 2772 le·

71 2830 124 2892 ges
146 2809 218 2873 illae
238 2811 413 2874 relereudae
432 2821 520 2888 suut,
552 2809 655 2894 quibus
674 2810 844 2874 iniuriarum
864 2810 1047 2896 persecutio,
1072 2831 1230 2894 eorumque

72 2913 120 2995 qui
139 2913 255 2998 priores
273 2933 327 2976 nos
344 2912 504 2991 laeserint,
527 2912 685 2976 vindicatio
702 2913 922 2998 praescribitur.
968 2911 1059 2976 Velut
1076 2934 1140 2976 eum
1159 2918 1230 2976 Ocn-
1242 2923 1381 2980 beateae.

72 3017 129 3076 lam
143 3037 199 3097 pro
218 3019 314 3090 oculo,
346 3020 454 3078 dentem
471 3018 555 3078 euelli
566 3037 622 3096 pro
639 3019 737 3091 dente,
769 3039 804 3080 cc
821 3021 931 3078 cuedem
948 3020 1033 3078 coede
1046 3017 1229 3100 compensari

73 3117 228 3201 praecipit.
274 3116 380 3201 Neque
401 3118 478 3181 enim
497 3118 593 3182 minus
610 3118 718 3182 iniuste
739 3118 798 3203 agit
818 3119 867 3203 qui
889 3118 917 3181 id
936 3129 1002 3203 post
1021 3118 1143 3182 alterum
1163 3138 1229 3202 per-

73 3231 186 3303 petrat,
211 3239 276 3283 oum
294 3220 387 3284 solius
402 3219 513 3284 ordinis
531 3221 663 3298 intersit,
688 3232 775 3305 atque
792 3220 866 3284 idem
886 3221 1004 3283 omuino
1023 3220 1135 3284 lacinus
1150 3241 1229 3284 com·

72 3323 179 3384 mittat.
227 3319 286 3386 Sed
304 3321 373 3385 illud
389 3333 575 3406 praeceptum
591 3323 699 3407 alioqui
715 3324 821 3386 iustum
839 3333 914 3401 erat,
936 3332 1026 3386 otest
1041 3323 1137 3400 modo,
1162 3342 1228 3406 pro-

73 3435 140 3506 pter
155 3445 256 3488 eorum
274 3424 471 3488 infirmitatem
490 3425 594 3509 quibus
612 3427 719 3490 editum
741 3424 809 3503 luit,
840 3447 904 3488 cum
920 3424 959 3488 sit
975 3426 1117 3489 adversus
1133 3425 1228 3488 siuce-

72 3525 163 3590 rioris
178 3527 253 3611 legis
271 3528 459 3591 violationem
479 3528 707 3612 praescriptum,
739 3528 808 3590 liuet
823 3547 839 3588 a
856 3526 1017 3590 communis
1034 3525 1161 3592 omnium
1172 3548 1228 3612 ‚pa-

72 3629 166 3693 rentis
184 3639 288 3693 nature
308 3651 344 3693 ac
363 3629 494 3694 bonitate
512 3631 551 3695 sit
567 3631 712 3709 alienum;
744 3630 792 3693 vel
808 3640 1037 3696 cousentaneum
1055 3629 1151 3715 potius
1169 3643 1226 3712 est,

72 3733 123 3795 sed
142 3732 318 3796 neccessitate
334 3734 457 3816 quadam
473 3754 658 3817 expressum.
690 3731 831 3818 Numqui
848 3733 894 3797 vel
909 3732 1026 3796 unicum
1044 3733 1226 3800 homicidium

73 3844 156 3897 vetat
169 3836 249 3913 lieri,
275 3835 341 3898 dum
358 3836 400 3898 ita
416 3837 534 3915 statuit,
564 3835 633 3900 Noa
651 3837 784 3915 occides,
813 3859 878 3902 uum
896 3847 995 3921 postea
1013 3839 1111 3902 caedis
1128 3848 1228 3902 aucto·

72 3957 137 4000 rem
155 3936 285 4002 vicissim
303 3938 426 4001 intenlioi
446 3939 526 4002 iubet
544 3959 581 4002 ac
598 3941 754 4003 secundam
773 3938 867 4024 legem
887 3942 985 4004 loreas
1002 3941 1143 4028 duplicem
1161 3963 1227 4006 cac-

72 4039 139 4102 dem
158 4039 298 4126 imperat,
331 4040 379 4125 qui
403 4062 488 4105 uuam
508 4041 711 4128 prohibuerat,
745 4043 780 4105 ad
803 4063 838 4106 ea
858 4043 1035 4108 necessitate
1057 4055 1175 4109 coactus
1197 4055 1227 4108 et

70 4141 239 4228 imprudens
257 4144 424 4208 decurrisse
444 4144 570 4208 videtur.
616 4143 715 4229 Atque
734 4144 800 4208 ideo
817 4145 924 4210 missus
945 4146 980 4208 ab
999 4147 1048 4212 illo
1068 4148 1141 4212 lilius
1162 4169 1225 4212 eam

72 4244 147 4328 legis
165 4257 278 4331 partem
296 4244 459 4330 antiquavit.
477 4267 563 4330 quam
583 4248 697 4331 quidem
719 4268 736 4311 a
759 4249 814 4311 deo
832 4249 919 4312 latam
942 4259 973 4312 et
989 4247 1053 4336 ipse
1072 4252 1225 4316 confessus

69 4437 104 4495 po
117 4433 230 4486 Petooios
244 4447 274 4484 ec
287 4436 338 4484 cod.
355 4435 429 4486 Vetto.
452 4437 532 4486 Etiam
548 4437 638 4488 Onno-
672 4439 698 4487 ιιι
715 4434 888 4488 nefandorum.

70 4505 121 4552 sins
144 4506 211 4553 oer'tlt
235 4500 268 4551 ad
291 4501 457 4554 sublationem
481 4503 631 4554 interdicto·
698 4499 722 4555 4.
742 4507 799 4556 Cod.
813 4507 886 4556 Venti.
904 4501 933 4559 sd
951 4503 1108 4574 πρόςταγμα.

71 4587 134 4621 rum.
170 4573 274 4622 &obius
285 4575 366 4623 senae
379 4567 532 4640 ἅφθέγκτων
546 4578 567 4624 ιι
579 4587 631 4626 uer·
698 4573 722 4625 5.
742 4573 960 4642 contansteris.
