3106 4990
292 291 353 353 510
715 303 836 356 ειιιοτι
854 303 1022 355 nummu

294 418 423 495 στάσεως
435 417 576 503 κυμάτων
590 415 770 502 ὁρμώμενοι,
794 419 849 486 ούκ
867 423 923 498 ἔξω
936 419 1021 498 ύντες
1033 427 1086 487 τού
1101 417 1195 486 adro&
1211 419 1301 486 σάλου
1314 421 1369 486 κοιλ
1384 418 1455 485 κλύ-

293 526 403 600 δωνος,
434 523 485 586 καλ
500 519 541 598 ῶς
556 519 617 588 ἀπδ
636 520 837 599 άκονθῶδους
852 522 924 606 ὕλης
940 525 1164 609 προκιίψαντες,
1193 520 1250 589 οὐκ
1265 521 1350 598 έκτδς
1367 521 1456 598 ὄντες

289 622 404 700 παντδς
423 628 476 690 τοῦ
499 628 599 710 σωροῦ
619 633 680 690 τῶν
700 622 860 704 ἀκανθῶν,
892 629 919 690 εί
938 629 988 690 καί
1006 626 1147 708 διάφοροι
1168 633 1210 715 τῷ
1226 624 1350 708 α’νάματί
1369 627 1454 689 τίσιν.

292 725 449 792 Ἀκανθῶν
467 727 520 807 μέν
534 725 591 813 γάρ
608 728 677 811 γένη
695 726 803 808 πολλῶ,
835 725 915 810 ὅμως
931 731 964 794 έν
982 727 1073 795 ῶπασι
1088 727 1122 796 τδ
1141 727 1297 814 μοχθηράν
1310 735 1369 811 τῆς
1389 751 1454 792 κεν-

292 826 424 913 τρῶδους
445 825 562 905 ἀδικίας
583 831 701 894 ίνεστιν.
724 811 728 824 .

379 921 470 996 Οὗτοί
492 953 566 1012 φασι
588 929 639 996 τδν
664 930 744 996 Κάϊν
766 933 799 998 ίκ
820 939 874 1014 τῆς
898 935 1085 1016 ἰσχυροτέρας
1110 932 1271 1016 Δυνάμεως
1293 930 1453 1016 ύπάρχειν,

290 1038 339 1100 καλ
362 1043 415 1116 τῆς
437 1033 554 1100 ἀνωθεν
574 1030 746 1110 αύθεντίας·
778 1031 850 1098 ἀλλά
871 1037 921 1100 καί
942 1033 994 1100 τδν
1011 1033 1104 1101 Ἠσαῦ
1123 1039 1175 1101 καί
1195 1034 1265 1112 τούς
1283 1040 1352 1121 περί
1373 1035 1454 1118 Κορὲ

291 1139 342 1201 καί
363 1136 641 1217 τοιδςΣοδομίτας,
672 1135 726 1202 τδν
753 1137 785 1201 δὲ
801 1135 890 1220 ’Ἅβελ
920 1141 953 1203 ἒκ
976 1143 1029 1220 τῆς
1052 1136 1263 1223 ἀσθενεστέρας
1284 1136 1454 1220 Δυνάμειος

291 1239 443 1324 ύπιίρχειν.
488 1236 577 1304 Είναι
600 1239 631 1303 δέ
648 1237 772 1314 τούτους
788 1239 901 1316 πάντας
918 1239 988 1326 παρ’
1004 1237 1106 1316 αύτοῑς
1121 1237 1306 1318 ίπαινετούς,
1328 1243 1385 1305 καλ
1400 1245 1454 1322 τῆς

292 1341 390 1408 αύτῶν
404 1347 577 1428 συγγενείας.
622 1341 825 1424 Σεμνύνονται
838 1341 895 1427 γάρ
910 1353 1057 1427 συγγενεῖς
1071 1341 1145 1408 είναι
1159 1351 1214 1409 τοῦ
1228 1342 1307 1408 Κάϊν
1323 1345 1380 1407 καί
1394 1351 1453 1408 τῶν

292 1449 467 1527 Σοδομιτῶν
483 1445 534 1510 καλ
548 1441 640 1508 Ἠσαῦ
657 1449 708 1509 καί
725 1447 813 1530 Κορέ.
859 1446 920 1510 Καὶ
936 1437 1034 1526 ούτοι,
1062 1449 1169 1527 φασίν,
1200 1449 1254 1510 είολ
1270 1453 1323 1529 τῆς
1339 1451 1452 1520 τελείας

290 1550 340 1612 καλ
360 1545 479 1613 ἀνωθεν
495 1544 638 1632 γνῶσεως.
683 1545 741 1612 Ano*
758 1549 810 1612 καί
824 1545 878 1612 τδν
895 1546 1023 1629 ποιητήν
1043 1556 1098 1613 τοῦ
1115 1547 1230 1629 κόσμου
1246 1547 1355 1613 τούτου
1375 1548 1452 1626 φασὶ

233 1669 237 1676 “
292 1651 360 1732 περί
381 1649 435 1733 τήν
456 1649 571 1714 τούτων
588 1647 730 1716 ἀνάλυσιν
747 1648 923 1732 έοχολακιίτα
940 1650 1030 1732 μηδὲν
1048 1653 1230 1732 δεδυνῆσθαι
1248 1648 1360 1726 αύτούς
1379 1649 1452 1732 βλά·

291 1771 357 1832 ψαι.
387 1750 571 1836 Ἐκρύβησαν
583 1751 639 1838 γάρ
655 1749 706 1818 ἀπ’
719 1749 821 1830 αὐτοῦ,
835 1753 886 1816 καί
899 1750 1123 1835 μετεβλήθησαν
1136 1755 1178 1828 είς
1189 1751 1243 1818 τδν
1256 1751 1319 1817 ἀνω
1332 1755 1450 1829 Mn,

292 1854 367 1920 ὅθεν
383 1851 401 1937 ή
414 1853 518 1938 ίσχνρά
533 1855 669 1937 Δύναμίς
683 1858 750 1921 ἐστι.
797 1853 881 1940 Πρδς
895 1851 1003 1935 ἑαυτήν
1017 1853 1073 1938 γάρ
1086 1853 1108 1938 ή
1120 1860 1224 1936 Σοφία
1236 1852 1347 1930 αύτούς
1360 1879 1451 1937 τερος

294 1957 400 2040 ήκατο,
431 1960 525 2034 ίδίους
546 1955 637 2040 αὐτῆς
658 1955 754 2034 ὄντας.
800 1960 858 2021 Καί
875 1955 983 2023 τούτου
1000 1959 1096 2022 ἕνεκεν
1114 1958 1166 2024 τῶν
1182 1955 1299 2024 Ἰούδαν
1316 1954 1452 2039 ἀκριβῶς

292 2059 328 2125 τοί
345 2061 412 2142 περί
430 2059 543 2126 τούτων
559 2063 751 2146 ἐπεγνωκέναι
768 2063 891 2144 λέγουσι.
939 2062 999 2124 Καὶ
1016 2067 1122 2126 τοῦτον
1140 2057 1196 2146 γάρ
1214 2063 1357 2126 θέλουσιν
1373 2057 1452 2124 είναι

292 2170 417 2249 συγγενῆ
433 2165 561 2242 ἑαυτῶν,
582 2165 634 2228 καί
653 2165 686 2227 ἐν
703 2163 838 2248 γνῶσεως
855 2159 1005 2252 ὑπερβολή
1021 2161 1074 2228 τδν
1090 2161 1182 2228 αύτδν
1196 2169 1449 2248 καταριθμοῦσιν·

293 2265 366 2342 ιίίςτε
388 2268 439 2330 καλ
459 2265 672 2350 συνταγμάτιόν
694 2271 720 2330 τι
738 2266 840 2349 φέρειν
863 2267 893 2342 ίξ
916 2263 1062 2347 ὀνόματος
1085 2263 1194 2345 αὐτοῦ,
1227 2264 1244 2332 δ
1267 2262 1452 2350 myram

292 2376 345 2434 τοῦ
359 2366 458 2433 Ἰούδα
473 2373 601 2434 καλοῦσι.
647 2370 709 2432 Καί
727 2366 797 2432 ἀλλα
811 2365 877 2432 τινά
892 2365 1104 2453 συγγράμματα
1119 2365 1258 2444 ῶςαύτως
1272 2364 1451 2432 πλάττονται

291 2468 367 2536 κατά
388 2477 441 2553 τῆς
456 2467 604 2555 ’Τατίρας
636 2469 674 2553 ήν
690 2467 828 2554 ’Υστίραν
849 2468 901 2534 τδν
920 2467 1045 2553 ποιητήν
1065 2477 1119 2535 τοῦ
1137 2467 1249 2546 παντδς
1267 2468 1375 2536 τούτου
1394 2475 1450 2534 τοῦ

293 2571 417 2652 κύτους,
441 2571 571 2658 ούρανοῦ
585 2597 614 2636 τε
630 2573 681 2637 καί
695 2577 765 2657 γῆς,
788 2577 915 2638 καλοῦσι.
960 2575 1022 2636 Καί
1038 2571 1078 2654 μή
1095 2571 1245 2637 δύνασθαί
1259 2593 1334 2651 φασι
1348 2569 1451 2654 σωθή-

292 2680 398 2740 σεσθαί
415 2701 493 2752 τινα,
525 2671 576 2741 έάν
592 2672 634 2758 μή
650 2673 701 2741 διαί
716 2673 836 2740 πάντων
853 2671 1039 2760 χωρήσωσιν,
1069 2672 1112 2751 ῶς
1128 2676 1179 2740 καί
1194 2670 1212 2740 ύ
1229 2674 1451 2760 Καρτεοκράτης

291 2781 374 2864 λέγει.

157 2895 224 2962 Κεφ.
244 2891 275 2960 β.
355 2878 502 2954 Ἕκαστος
513 2878 569 2964 γάρ
582 2877 680 2944 αὐτῶν
693 2883 788 2962 δήθεν
803 2878 854 2945 διά
868 2878 922 2962 τήν
935 2877 1087 2960 πρόφασιν
1099 2877 1209 2962 ταύτην
1222 2876 1338 2963 ῶρρητα
1353 2885 1450 2945 ποιῶν

171 2989 221 3034 Ν·
233 2976 278 3019 ²²¹·
292 2985 343 3048 καλ
356 2985 562 3068 αἰσχρουργίας
574 2985 723 3060 ἐπιτελῶν,
742 2980 937 3067 ἁμαρτήματά
951 3007 981 3046 τε
994 2980 1051 3047 ὅσα
1066 2982 1126 3046 ἔστί
1140 2979 1287 3065 πράττων,
1305 2985 1448 3047 ἐπικαλεῖ-

292 3113 340 3151 ται
354 3083 480 3150 ἑκάστου
495 3083 617 3170 ἀγγέλου
633 3082 739 3168 ὄνομα,
762 3091 821 3149 τῶν
832 3109 863 3149 τε
875 3083 970 3150 ὄντων
984 3081 1112 3168 α’γγέλων
1126 3086 1250 3150 καὶτῶν
1263 3082 1333 3168 παρ’
1347 3082 1450 3160 αύτοῖς

293 3194 428 3262 πλαστῶς
443 3189 622 3274 λεγομένων·
644 3189 695 3252 καί
716 3185 850 3275 1έκοίστῳ
864 3185 977 3252 τούτων
990 3185 1150 3272 προςάπτει
1162 3212 1189 3252 τι
1204 3189 1291 3270 ἔργον
1304 3185 1449 3270 ἀθέμιτον

292 3297 351 3354 τῶν
372 3292 422 3355 ἐπὶ
437 3296 491 3375 γῆς
507 3288 739 3372 ἀμαρτημάτων,
770 3288 824 3371 τήν
841 3293 948 3373 πρᾶξιν
963 3287 1016 3370 τήν
1031 3291 1110 3354 ίδίαν
1125 3293 1168 3365 είς
1184 3287 1278 3371 ὄνομα
1292 3281 1330 3354 οὖ
1348 3287 1448 3371 βούλε-

291 3419 337 3458 ται
357 3392 477 3479 ἀγγέλου
493 3389 656 3476 ἀναφέρων.
702 3395 762 3457 Καὶ
778 3390 850 3456 ὅταν
866 3396 958 3456 ταῦτα
974 3390 1157 3476 πράττωσιν,
1188 3390 1283 3467 οὕτως
1300 3393 1447 3476 λέγουσιν·

290 3494 323 3560 Ὁ
338 3499 420 3560 δεῖνα
437 3493 551 3580 ῶγγελε,
579 3499 769 3577 καταχρῶμαί
781 3516 837 3559 σου
853 3493 885 3559 τὰ
903 3495 1003 3579 έργον·
1032 3491 1052 3576 ή
1067 3497 1150 3558 δεῖνα
1166 3496 1299 3572 ίξονσία,
1328 3493 1448 3578 πράττω

293 3619 348 3662 σον
365 3595 420 3679 τήν
436 3601 551 3681 πρᾶξιν.
596 3599 657 3661 Καί
674 3603 761 3662 τοῦτο
778 3603 885 3680 γνῶσις
900 3599 991 3660 τελεία
1006 3592 1074 3678 παρ’
1089 3593 1191 3672 αὐτοῖς
1205 3599 1265 3661 ίστι
1278 3595 1448 3681 λεγόμενον·

293 3697 393 3780 ἐπειδή
406 3696 500 3774 ἀδεῶς
516 3701 564 3764 ἐπί
579 3699 632 3776 τῶς
646 3696 807 3781 ἀθεμίτους
823 3701 1028 3783 αἰσχρουργίας
1041 3695 1137 3780 ὁρμᾶν
1150 3696 1203 3774 τάς
1217 3696 1383 3782 προφάσεις
1396 3701 1447 3780 δῆ-

292 3812 348 3867 θεν
364 3797 422 3864 ἀπδ
439 3808 497 3866 τῶν
511 3803 732 3888 προειρημένων
747 3803 879 3882 μητέρων
893 3803 942 3865 καὶ
956 3802 1091 3884 πατέρων
1105 3803 1254 3885 αἱρέσεων,
1274 3803 1353 3882 φημί
1369 3808 1448 3866 nor

292 3909 398 3969 στικῶν
419 3904 469 3966 καί
489 3903 640 3970 Νικολάου
661 3905 788 3974 καὶτῶν
807 3901 863 3966 σδν
881 3901 983 3977 αὐτοῖς
1002 3900 1198 3970 Ουάλεντίνου
1213 3928 1242 3968 τε
1257 3905 1310 3967 καί
1325 3909 1448 3988 Καραο·

292 4005 436 4092 κράτονς,
459 4003 621 4088 ἐσχήκασιν.
657 4003 735 4087 ’Ήδη
750 4006 782 4070 δέ
796 4008 916 4088 διῆλθεν
932 4007 974 4080 είς
990 4001 1069 4088 ἡμᾶς
1084 4008 1136 4070 καὶ
1150 4009 1263 4088 βιβλίον
1278 4007 1310 4070 έν
1323 3997 1348 4095 ηδ
1363 4003 1448 4072 ίιτλά-

293 4131 380 4174 σαντο
395 4105 512 4190 ῥήματά
527 4135 591 4172 τινα
606 4106 729 4189 α’νομίας
744 4105 851 4192 πλήρη,
876 4105 972 4181 οὕτως
988 4109 1122 4194 περιέχον
1135 4105 1196 4185 ὅτι,
1219 4109 1326 4190 φησίν,
1351 4099 1449 4183 Οὗτός

293 4213 370 4276 ίστιν
385 4207 404 4276 o‘
416 4207 535 4296 ἀγγελος
552 4206 570 4274 o‘
583 4207 635 4274 τάν
650 4211 785 4275 Μωϋσέα
798 4207 969 4288 τνφλῶσας,
991 4211 1043 4275 καλ
1058 4202 1141 4277 οὗτοί
1155 4211 1228 4276 τίσιν
1243 4212 1276 4275 οί
1289 4207 1404 4296 ῶγγιλοι
1421 4211 1451 4274 οί

293 4309 363 4389 τούς
377 4314 445 4399 περὶ
462 4311 541 4399 Κορὲ
553 4312 606 4377 καί
619 4309 729 4378 Δαθάν
741 4313 792 4377 καί
805 4309 946 4397 Ἀβειρῶν
959 4309 1131 4397 κρύψαντες
1144 4314 1197 4380 καί
1209 4309 1446 4396 μεταστήσαντες.

327 4537 387 4589 cn.
401 4538 433 4588 ΙΙ.
453 4564 483 4576 -
504 4538 524 4590 1.
544 4541 602 4590 οντα
619 4539 716 4590 Ρτιονίο
731 4540 815 4602 mimi
832 4535 933 4606 ἑκάστῳ
950 4553 994 4602 μω
1012 4535 1135 4602 ίκάοτου,
1154 4541 1217 4604 ηυοσ
1232 4541 1287 4590 libra·
1303 4540 1396 4591 λοοτιι
