3106 4990
334 286 470 340 rinnon
488 286 585 340 men
602 287 683 340 ron.
696 287 741 338 nr.
757 287 858 340 nunu.
871 288 1009 342 xxxvio
1189 279 1250 344 50³

89 427 150 491 que
167 407 210 471 sio
225 407 375 472 immissus
397 405 488 472 Evnm
508 407 620 472 lelellit.
667 404 744 470 Huic
761 407 838 470 euim
857 409 1027 473 euncnltnns
1046 409 1096 476 illu
1113 420 1250 496 tunquam

90 510 140 572 dei
161 509 219 574 blio
238 510 322 574 lucilc
344 520 375 574 ut
391 511 428 573 de
447 510 554 574 erbore
574 509 715 574 scientiae
735 520 908 574 vesceretur
925 511 954 573 in
974 511 1101 576 oninium
1121 513 1248 580 induxit.

177 711 292 778 Deinde
312 726 462 801 postquem
483 715 577 778 eniles
596 715 669 778 istos
688 735 781 798 noges
802 736 836 778 no
856 714 976 779 ridicule
995 717 1150 782 ellectetes
1169 718 1252 784 lobu·
1271 721 1331 792 cop.
1348 725 1379 776 V·

87 818 135 882 les
153 816 207 880 boc
222 818 309 882 modo
322 828 549 903 proposuerunt,
570 817 710 900 tregioum
726 819 868 900 quendem
883 817 1045 882 istiusmodi
1060 831 1168 898 sotum,
1186 823 1251 888 sive

87 919 234 982 comicum
251 921 359 1004 potius,
383 918 571 984 instituentes
588 918 726 982 nornnulln
743 921 777 982 ed
794 919 876 984 lictus
890 919 954 982 illos
971 921 1042 984 deos
1058 924 1251 1008 connprobeu·

87 1021 144 1083 dos
160 1019 189 1083 in
209 1022 332 1086 medium
346 1021 483 1086 nll'eruut.
529 1019 656 1099 Nonne,
680 1021 826 1105 inquiunt,
850 1033 880 1084 et
894 1020 1033 1086 intestino
1047 1035 1161 1103 nostre,
1186 1027 1250 1110 qui·

86 1123 145 1186 bns
165 1123 291 1188 vivimus
308 1133 340 1186 ct
356 1123 478 1200 nlimur,
503 1123 648 1208 serpentis
667 1124 789 1206 effigiem
808 1124 962 1188 relevent?
1006 1125 1128 1190 Addunt
1145 1138 1176 1191 et
1192 1129 1250 1193 ulie

85 1225 246 1308 pleraque,
281 1245 355 1310 quoe
380 1227 416 1288 ud
441 1247 574 1289 errorum
599 1246 633 1289 nc
656 1225 824 1290 deliciorum
845 1246 964 1290 suorum
987 1228 1145 1293 laciendum
1164 1231 1249 1298 lideun

84 1328 286 1392 secutoribus
308 1328 370 1392 snis
392 1327 543 1391 obiiciunt.
589 1325 750 1411 Propterea
775 1328 870 1407 enim,
900 1327 1050 1413 inquiunt,
1080 1344 1248 1417 serpentem

83 1430 230 1508 colimus,
260 1433 336 1515 quod
354 1430 426 1494 deus
444 1431 501 1494 iste
519 1429 692 1493 multitudini
713 1430 859 1494 bominum
876 1430 1019 1496 scientiae
1036 1436 1249 1517 {recognitioni

84 1553 227 1596 caussam
244 1532 352 1598 attulit.
398 1530 567 1596 luldobeotb
584 1553 739 1616 supremae
754 1530 862 1598 Matris
877 1555 911 1598 oo
926 1531 1062 1599 Parentis
1078 1537 1249 1602 memorium

84 1637 250 1700 extinctum
271 1637 349 1700 inter
371 1635 503 1698 bomines
526 1655 594 1698 esse
612 1633 759 1720 cupiebat.
806 1632 865 1699 Sed
886 1633 922 1698 iis
945 1638 1092 1720 persuasit
1109 1659 1245 1724 serpens,

82 1761 124 1802 uc
145 1737 298 1802 seiontiom
321 1737 506 1823 importavit,
535 1747 683 1821 totamque
699 1738 772 1800 edeo
790 1738 954 1802 divinorum
973 1741 1180 1826 mysteriorum
1197 1764 1248 1807 oo·

81 1841 251 1926 gnitiuncm
272 1861 338 1903 cum
362 1841 426 1904 viro
448 1861 483 1904 ec
505 1839 627 1904 muliere
646 1840 882 1904 communicavit.
928 1837 976 1905 Ob
997 1842 1026 1906 id
1045 1842 1139 1908 iratus
1158 1842 1248 1910 l’nler

82 1942 277 2021 leldnbnotb,
310 1963 345 2006 sc
368 1943 529 2006 derivatum
551 1942 580 2006 io
602 1941 668 2006 illos
690 1943 832 2006 eiusmodi
854 1943 1005 2008 scientium
1029 1945 1128 2030 iniquo
1148 1948 1247 2012 animo

85 2047 208 2123 tereus,
241 2066 257 2106 e
279 2045 363 2108 coelo
382 2044 462 2110 illum
482 2044 628 2110 deturbet.
675 2041 746 2108 lude
763 2065 863 2128 regem
881 2066 898 2108 e
916 2046 1000 2110 coelo
1016 2048 1164 2134 delapsum
1181 2071 1247 2114 ser·

82 2157 206 2234 pentem
229 2168 296 2210 esse
315 2145 448 2210 dictitent
470 2149 489 2212 ii
513 2147 562 2231 qui
585 2167 644 2210 non
662 2147 784 2211 ulterius
801 2169 835 2210 se
853 2169 937 2232 qurum
953 2152 1100 2234 serpentis
1115 2153 1246 2238 portibus

82 2250 276 2321 addixerunt.
322 2247 418 2333 igitur
435 2261 555 2335 propter
576 2250 651 2314 benc
673 2251 710 2312 nb
729 2249 778 2314 illo
796 2271 966 2314 concessum
984 2253 1136 2317 scientiem
1154 2277 1246 2320 vene-

81 2353 147 2418 rari
167 2373 201 2416 se
219 2364 384 2438 serpentem
401 2355 544 2432 intentur,
568 2352 653 2436 cique
671 2373 775 2437 portem
795 2353 915 2437 insuper
932 2354 1084 2418 obiiciunt.
1130 2355 1244 2422 Verum

81 2456 193 2542 quippe
211 2469 376 2540 serpentem
397 2457 427 2518 in
447 2456 519 2520 cistn
539 2455 686 2530 nutriunt,
718 2475 803 2537 quem
821 2455 1026 2540 mysteriorum
1045 2468 1176 2543 tempore
1191 2458 1245 2524 sti·

38 2543 52 2628 ,¹
81 2558 162 2644 petis
177 2559 215 2622 ed
230 2557 293 2622 eius
310 2579 466 2622 nevernum
483 2559 511 2622 iu
526 2578 627 2622 meuse
646 2557 768 2642 panibus
783 2557 922 2621 invitent:
947 2557 1030 2642 isque
1047 2572 1150 2645 aperto
1166 2563 1245 2627 lorn-

80 2662 166 2726 mine
182 2682 199 2722 c
216 2660 335 2724 latebris
352 2662 493 2747 erumpit,
517 2671 605 2744 utque
621 2659 668 2722 ubi
686 2681 739 2743 pro
756 2681 809 2722 site
827 2660 984 2726 calliditate
1001 2661 1190 2728 stoliditatem
1209 2665 1245 2730 il·

80 2765 181 2828 lorum
196 2765 329 2845 ognovit,
353 2783 480 2828 mensem
496 2763 700 2826 coruscendeus
715 2763 823 2828 circum
840 2785 930 2848 penes
946 2764 1122 2849 implicetur.
1156 2765 1244 2832 lintre

81 2865 336 2930 absolutissimum
359 2886 426 2928 esse
449 2864 622 2928 sucrificium
644 2875 777 2928 censent.
824 2865 926 2947 Unde,
960 2879 990 2931 ut
1011 2889 1029 2932 e
1051 2869 1175 2953 quodum
1196 2891 1244 2934 ec·

80 2967 168 3052 cepi,
201 2991 258 3032 uon
282 2971 368 3031 modo
390 2989 479 3054 penes
502 2967 575 3030 istos
594 2969 699 3052 quibos
718 2969 944 3034 circumvolutus
962 2981 1008 3034 est
1023 2991 1147 3056 serpens
1164 2974 1243 3036 irunt·

80 3082 158 3156 gunt
180 3092 216 3132 ec
237 3071 430 3149 distribuunt,
461 3071 511 3134 sed
536 3071 623 3134 etium
649 3072 770 3156 quilibet
791 3073 907 3136 ndmoto
930 3096 981 3138 ore
1000 3087 1167 3161 serpentem
1189 3095 1243 3139 ex·

81 3173 253 3252 osculetur,
276 3175 340 3236 sive
358 3173 540 3238 contionibus
558 3171 728 3258 quibusdum
744 3174 778 3236 nd
795 3175 1045 3240 manusuetudiuem
1062 3177 1154 3240 bestie
1170 3177 1243 3240 mol-

81 3277 170 3354 litur,
203 3276 267 3339 sive
283 3277 346 3340 'elio
369 3276 519 3340 daemonis
542 3278 665 3342 ertibcio
685 3278 809 3341 innocuo
833 3279 973 3341 redditur.
1018 3276 1105 3343 Hono
1127 3277 1242 3362 quidem

80 3383 212 3443 adorent
227 3378 325 3442 miseri
342 3389 372 3442 et
386 3379 590 3442 eucharistiam
609 3391 727 3458 vocem,
750 3401 814 3441 com
830 3380 979 3464 oppositos
996 3401 1086 3465 penes
1102 3379 1242 3444 tortuosis

80 3481 212 3546 flexibus
234 3501 269 3546 uc
287 3480 595 3546 circumvolutionibus
613 3481 760 3544 ambierit.
807 3481 852 3544 Ac
870 3482 983 3546 demum
1000 3503 1167 3566 supremum
1191 3503 1242 3567 ps·

81 3595 199 3648 rentem
224 3583 392 3668 perillum,
418 3593 449 3646 ut
470 3584 568 3660 uiuunt,
593 3583 776 3647 celebrantes
800 3584 939 3671 mysterio
961 3603 1015 3648 sue
1037 3581 1202 3668 perliciunt.

168 3787 254 3872 Quos
276 3788 391 3872 quidem
416 3789 539 3875 ineptias
563 3790 739 3854 vanissimos
762 3811 829 3855 esse
850 3790 1032 3874 ludibrioque
1054 3789 1241 3876 dignissimus
1259 3797 1319 3866 Cup·
1334 3797 1377 3848 Vl·

79 3913 170 3956 nemo
189 3913 248 3954 nou
266 3892 393 3971 dixerit,
425 3913 519 3976 oeque
537 3914 609 3958 vero
627 3893 733 3958 divinis
751 3913 791 3958 ex
806 3893 950 3978 scripture
966 3895 1144 3980 depromptis
1160 3895 1242 3960 testi·

79 3993 190 4058 moniis
214 3993 311 4056 uerius
331 3995 525 4074 refellendas,
561 4017 626 4059 cum
648 4018 701 4082 per
722 4017 790 4060 sese
809 3996 944 4074 cuilibet,
977 3995 1024 4080 qui
1044 3998 1083 4062 sit
1100 3998 1240 4062 nonnnullo

78 4095 204 4181 iugenio
228 4096 377 4181 praeditus
402 4117 487 4181 quem
509 4097 661 4162 ridiculum
685 4098 723 4161 sit
745 4110 836 4162 totum
859 4098 928 4162 illud
951 4101 1097 4184 negotium
1120 4101 1240 4166 demon·

77 4199 169 4262 strnri
189 4199 294 4282 possit.
339 4197 422 4262 Nibil
441 4202 518 4264 enim
539 4211 655 4285 practer
673 4201 934 4286 contemptissimus
955 4203 1067 4267 lnbules
1085 4224 1119 4267 ec
1138 4204 1239 4269 delirio

76 4385 232 4452 πανουργίαν
246 4379 300 4453 ἤδη
310 4384 441 4454 γινώσκων
456 4387 502 4456 τήν
512 4391 647 4440 deslderon·
717 4389 775 4440 Cin.
790 4389 832 4440 Vl.
851 4419 881 4430 -·
907 4391 928 4442 l.
946 4394 1062 4454 nempe
1078 4394 1121 4446 bel
1132 4407 1177 4456 pro
1194 4391 1241 4454 εἰς,

76 4463 118 4506 tur
139 4459 165 4506 tn
186 4457 243 4504 edlt.
260 4459 335 4517 princ.
369 4461 479 4521 Repnrutl
494 4473 523 4509 eo
538 4462 649 4510 Petuntur
681 4460 744 4521 quood
758 4473 836 4509 omnes
848 4465 923 4512 tenent
936 4463 1004 4522 tibet,
1021 4463 1062 4510 sed
1074 4465 1167 4524 procur
1177 4467 1240 4514 dru-

77 4539 109 4576 er
126 4525 178 4576 cod
198 4525 319 4576 rodomo.
680 4532 772 4578 ctorom
789 4533 857 4594 utque
873 4532 1017 4582 embolium.
