<?xml version="1.0" encoding="UTF-8"?>
<!DOCTYPE html PUBLIC "-//W3C//DTD XHTML 1.0 Transitional//EN"
    "http://www.w3.org/TR/xhtml1/DTD/xhtml1-transitional.dtd">
<html xmlns="http://www.w3.org/1999/xhtml" xml:lang="en" lang="en">
 <head>
  <title>
</title>
<meta http-equiv="Content-Type" content="text/html;charset=utf-8" />
  <meta name='ocr-system' content='tesseract 3.04.00' />
  <meta name='ocr-capabilities' content='ocr_page ocr_carea ocr_par ocr_line ocrx_word'/>
</head>
<body>
  <div class='ocr_page' id='page_1' title='image "./corporishaerese01oehlgoog_0248.png"; bbox 0 0 3112 4984; ppageno 0'>
   <div class='ocr_carea' id='block_1_1' title="bbox 370 353 1258 417">
    <p class='ocr_par' dir='ltr' id='par_1_1' title="bbox 370 353 1258 417">
     <span class='ocr_line' id='line_1_1' title="bbox 370 353 1258 417; baseline -0.001 0"><span class='ocrx_word' id='word_1_1' title='bbox 370 364 505 417; x_wconf 79' lang='lat' dir='ltr'><strong>Panaatt</strong></span> <span class='ocrx_word' id='word_1_2' title='bbox 523 365 585 417; x_wconf 73' lang='lat' dir='ltr'><strong>tau.</strong></span> <span class='ocrx_word' id='word_1_3' title='bbox 598 365 618 417; x_wconf 91' lang='lat' dir='ltr'><strong>l.</strong></span> <span class='ocrx_word' id='word_1_4' title='bbox 634 363 715 416; x_wconf 80' lang='lat' dir='ltr'>TOM.</span> <span class='ocrx_word' id='word_1_5' title='bbox 730 363 762 416; x_wconf 88' lang='lat' dir='ltr'><strong>tt.</strong></span> <span class='ocrx_word' id='word_1_6' title='bbox 778 363 877 415; x_wconf 71' lang='lat' dir='ltr'><strong>naute</strong></span> <span class='ocrx_word' id='word_1_7' title='bbox 892 363 992 415; x_wconf 81' lang='lat' dir='ltr'><strong>XXIX.</strong></span> <span class='ocrx_word' id='word_1_8' title='bbox 1197 353 1258 416; x_wconf 77' lang='lat'><strong>235</strong></span> 
     </span>
    </p>
   </div>
   <div class='ocr_carea' id='block_1_2' title="bbox 106 482 1384 3316">
    <p class='ocr_par' dir='ltr' id='par_1_2' title="bbox 106 482 1384 3316">
     <span class='ocr_line' id='line_1_2' title="bbox 190 482 1384 569; baseline 0.001 -19"><span class='ocrx_word' id='word_1_9' title='bbox 190 483 277 569; x_wconf 79' lang='lat' dir='ltr'><strong>Quod</strong></span> <span class='ocrx_word' id='word_1_10' title='bbox 302 485 418 569; x_wconf 85' lang='lat' dir='ltr'><strong>quidem</strong></span> <span class='ocrx_word' id='word_1_11' title='bbox 443 495 646 567; x_wconf 71' lang='lat' dir='ltr'><strong>argumentum</strong></span> <span class='ocrx_word' id='word_1_12' title='bbox 672 483 791 547; x_wconf 84' lang='lat' dir='ltr'><strong>uberius</strong></span> <span class='ocrx_word' id='word_1_13' title='bbox 814 493 1041 567; x_wconf 79' lang='lat' dir='ltr'><strong>pertractatum,</strong></span> <span class='ocrx_word' id='word_1_14' title='bbox 1071 482 1202 567; x_wconf 81' lang='lat' dir='ltr'><strong>quisquis</strong></span> <span class='ocrx_word' id='word_1_15' title='bbox 1226 504 1258 546; x_wconf 85' lang='lat' dir='ltr'><strong>es</strong></span> <span class='ocrx_word' id='word_1_16' title='bbox 1278 499 1338 569; x_wconf 80' lang='lat' dir='ltr'><strong>cap.</strong></span> <span class='ocrx_word' id='word_1_17' title='bbox 1354 501 1384 552; x_wconf 85' lang='lat' dir='ltr'><strong>v.</strong></span> 
     </span>
     <span class='ocr_line' id='line_1_3' title="bbox 106 583 1260 670; baseline -0.004 -17"><span class='ocrx_word' id='word_1_18' title='bbox 106 589 256 654; x_wconf 87' lang='lat' dir='ltr'><strong>studiosus</strong></span> <span class='ocrx_word' id='word_1_19' title='bbox 276 587 307 650; x_wconf 93' lang='lat' dir='ltr'><strong>iu</strong></span> <span class='ocrx_word' id='word_1_20' title='bbox 327 583 459 650; x_wconf 84' lang='lat' dir='ltr'><strong>Philonis</strong></span> <span class='ocrx_word' id='word_1_21' title='bbox 480 584 697 650; x_wconf 83' lang='lat' dir='ltr'><strong>commentariis</strong></span> <span class='ocrx_word' id='word_1_22' title='bbox 718 584 873 664; x_wconf 82' lang='lat' dir='ltr'><strong>invenies,</strong></span> <span class='ocrx_word' id='word_1_23' title='bbox 901 605 996 669; x_wconf 87' lang='lat' dir='ltr'><strong>eoque</strong></span> <span class='ocrx_word' id='word_1_24' title='bbox 1018 583 1092 650; x_wconf 79' lang='lat' dir='ltr'><strong>libro</strong></span> <span class='ocrx_word' id='word_1_25' title='bbox 1115 605 1200 670; x_wconf 85' lang='lat' dir='ltr'><strong>quem</strong></span> <span class='ocrx_word' id='word_1_26' title='bbox 1223 585 1260 649; x_wconf 83' lang='lat' dir='ltr'><strong>da</strong></span> 
     </span>
     <span class='ocr_line' id='line_1_4' title="bbox 106 685 1260 772; baseline -0.005 -16"><span class='ocrx_word' id='word_1_27' title='bbox 106 687 235 756; x_wconf 80' lang='lat' dir='ltr'><strong>lassaris</strong></span> <span class='ocrx_word' id='word_1_28' title='bbox 257 687 423 772; x_wconf 68' lang='lat' dir='ltr'><strong>inscripsit,</strong></span> <span class='ocrx_word' id='word_1_29' title='bbox 457 687 505 751; x_wconf 90' lang='lat' dir='ltr'><strong>uhi</strong></span> <span class='ocrx_word' id='word_1_30' title='bbox 526 687 642 750; x_wconf 90' lang='lat' dir='ltr'><strong>illorum</strong></span> <span class='ocrx_word' id='word_1_31' title='bbox 665 687 743 751; x_wconf 84' lang='lat' dir='ltr'><strong>ritae</strong></span> <span class='ocrx_word' id='word_1_32' title='bbox 764 685 946 772; x_wconf 75' lang='lat' dir='ltr'><strong>disciplinam</strong></span> <span class='ocrx_word' id='word_1_33' title='bbox 973 707 1009 750; x_wconf 88' lang='lat' dir='ltr'><strong>ae</strong></span> <span class='ocrx_word' id='word_1_34' title='bbox 1032 686 1189 770; x_wconf 75' lang='lat' dir='ltr'><strong>praeconia</strong></span> <span class='ocrx_word' id='word_1_35' title='bbox 1211 707 1260 750; x_wconf 83' lang='lat' dir='ltr'><strong>ee·</strong></span> 
     </span>
     <span class='ocr_line' id='line_1_5' title="bbox 107 787 1260 875; baseline -0.005 -19"><span class='ocrx_word' id='word_1_36' title='bbox 107 791 244 868; x_wconf 80' lang='lat' dir='ltr'><strong>lelrraus,</strong></span> <span class='ocrx_word' id='word_1_37' title='bbox 276 811 435 875; x_wconf 85' lang='lat' dir='ltr'><strong>eorumque</strong></span> <span class='ocrx_word' id='word_1_38' title='bbox 466 789 662 868; x_wconf 81' lang='lat' dir='ltr'><strong>monasteria,</strong></span> <span class='ocrx_word' id='word_1_39' title='bbox 695 809 770 872; x_wconf 86' lang='lat' dir='ltr'><strong>qnae</strong></span> <span class='ocrx_word' id='word_1_40' title='bbox 797 790 832 852; x_wconf 90' lang='lat' dir='ltr'><strong>ad</strong></span> <span class='ocrx_word' id='word_1_41' title='bbox 855 787 1020 854; x_wconf 86' lang='lat' dir='ltr'><strong>Marianam</strong></span> <span class='ocrx_word' id='word_1_42' title='bbox 1049 787 1180 872; x_wconf 77' lang='lat' dir='ltr'><strong>paludem</strong></span> <span class='ocrx_word' id='word_1_43' title='bbox 1203 788 1260 852; x_wconf 87' lang='lat' dir='ltr'><strong>uir-</strong></span> 
     </span>
     <span class='ocr_line' id='line_1_6' title="bbox 108 887 1261 978; baseline -0.004 -21"><span class='ocrx_word' id='word_1_44' title='bbox 108 913 291 976; x_wconf 84' lang='lat' dir='ltr'><strong>eamqnaque</strong></span> <span class='ocrx_word' id='word_1_45' title='bbox 312 893 408 978; x_wconf 87' lang='lat' dir='ltr'><strong>posita</strong></span> <span class='ocrx_word' id='word_1_46' title='bbox 429 901 498 956; x_wconf 90' lang='lat' dir='ltr'><strong>suat</strong></span> <span class='ocrx_word' id='word_1_47' title='bbox 511 891 682 955; x_wconf 78' lang='lat' dir='ltr'><strong>describens</strong></span> <span class='ocrx_word' id='word_1_48' title='bbox 705 911 764 954; x_wconf 90' lang='lat' dir='ltr'><strong>non</strong></span> <span class='ocrx_word' id='word_1_49' title='bbox 779 891 814 954; x_wconf 89' lang='lat' dir='ltr'><strong>de</strong></span> <span class='ocrx_word' id='word_1_50' title='bbox 831 890 896 956; x_wconf 85' lang='lat' dir='ltr'><strong>aliis</strong></span> <span class='ocrx_word' id='word_1_51' title='bbox 913 891 998 970; x_wconf 89' lang='lat' dir='ltr'><strong>ullis,</strong></span> <span class='ocrx_word' id='word_1_52' title='bbox 1022 911 1106 974; x_wconf 82' lang='lat' dir='ltr'><strong>quam</strong></span> <span class='ocrx_word' id='word_1_53' title='bbox 1126 892 1161 953; x_wconf 91' lang='lat' dir='ltr'><strong>de</strong></span> <span class='ocrx_word' id='word_1_54' title='bbox 1174 887 1261 954; x_wconf 83' lang='lat' dir='ltr'><strong>Clari·</strong></span> 
     </span>
     <span class='ocr_line' id='line_1_7' title="bbox 107 989 1261 1078; baseline -0.003 -20"><span class='ocrx_word' id='word_1_55' title='bbox 107 995 212 1058; x_wconf 80' lang='lat' dir='ltr'><strong>etiams</strong></span> <span class='ocrx_word' id='word_1_56' title='bbox 232 995 289 1058; x_wconf 88' lang='lat' dir='ltr'><strong>ista</strong></span> <span class='ocrx_word' id='word_1_57' title='bbox 306 993 449 1058; x_wconf 87' lang='lat' dir='ltr'><strong>narrarit.</strong></span> <span class='ocrx_word' id='word_1_58' title='bbox 489 991 565 1058; x_wconf 88' lang='lat' dir='ltr'><strong>Nam</strong></span> <span class='ocrx_word' id='word_1_59' title='bbox 584 1015 649 1056; x_wconf 77' lang='lat' dir='ltr'><strong>eiam</strong></span> <span class='ocrx_word' id='word_1_60' title='bbox 669 1014 733 1056; x_wconf 86' lang='lat' dir='ltr'><strong>eam</strong></span> <span class='ocrx_word' id='word_1_61' title='bbox 750 993 901 1078; x_wconf 78' lang='lat' dir='ltr'><strong>regionem</strong></span> <span class='ocrx_word' id='word_1_62' title='bbox 919 993 1075 1056; x_wconf 77' lang='lat' dir='ltr'><strong>lustrasset</strong></span> <span class='ocrx_word' id='word_1_63' title='bbox 1097 989 1261 1072; x_wconf 75' lang='lat' dir='ltr'><strong>(Mareotes</strong></span> 
     </span>
     <span class='ocr_line' id='line_1_8' title="bbox 108 1094 1262 1180; baseline -0.004 -20"><span class='ocrx_word' id='word_1_64' title='bbox 108 1095 153 1160; x_wconf 86' lang='lat' dir='ltr'><strong>irie</strong></span> <span class='ocrx_word' id='word_1_65' title='bbox 169 1096 260 1180; x_wconf 81' lang='lat' dir='ltr'><strong>vulgo</strong></span> <span class='ocrx_word' id='word_1_66' title='bbox 275 1096 357 1161; x_wconf 83' lang='lat' dir='ltr'><strong>loona</strong></span> <span class='ocrx_word' id='word_1_67' title='bbox 375 1097 492 1180; x_wconf 90' lang='lat' dir='ltr'><strong>dieitur)</strong></span> <span class='ocrx_word' id='word_1_68' title='bbox 511 1108 597 1180; x_wconf 84' lang='lat' dir='ltr'><strong>atque</strong></span> <span class='ocrx_word' id='word_1_69' title='bbox 616 1096 766 1179; x_wconf 74' lang='lat' dir='ltr'><strong>adipem,</strong></span> <span class='ocrx_word' id='word_1_70' title='bbox 791 1115 948 1179; x_wconf 85' lang='lat' dir='ltr'><strong>eorumque</strong></span> <span class='ocrx_word' id='word_1_71' title='bbox 966 1094 1142 1158; x_wconf 87' lang='lat' dir='ltr'><strong>monasteria</strong></span> <span class='ocrx_word' id='word_1_72' title='bbox 1164 1094 1262 1156; x_wconf 86' lang='lat' dir='ltr'><strong>diver·</strong></span> 
     </span>
     <span class='ocr_line' id='line_1_9' title="bbox 109 1195 1262 1282; baseline -0.003 -22"><span class='ocrx_word' id='word_1_73' title='bbox 109 1197 213 1276; x_wconf 73' lang='lat' dir='ltr'><strong>tieret,</strong></span> <span class='ocrx_word' id='word_1_74' title='bbox 238 1217 372 1282; x_wconf 80' lang='lat' dir='ltr'><strong>magnam</strong></span> <span class='ocrx_word' id='word_1_75' title='bbox 389 1197 479 1262; x_wconf 85' lang='lat' dir='ltr'><strong>abiis</strong></span> <span class='ocrx_word' id='word_1_76' title='bbox 496 1195 649 1262; x_wconf 76' lang='lat' dir='ltr'><strong>utilitatem</strong></span> <span class='ocrx_word' id='word_1_77' title='bbox 667 1196 792 1282; x_wconf 84' lang='lat' dir='ltr'><strong>aeaepit.</strong></span> <span class='ocrx_word' id='word_1_78' title='bbox 837 1195 955 1262; x_wconf 83' lang='lat' dir='ltr'><strong>Etenim</strong></span> <span class='ocrx_word' id='word_1_79' title='bbox 972 1217 1038 1260; x_wconf 87' lang='lat' dir='ltr'><strong>enm</strong></span> <span class='ocrx_word' id='word_1_80' title='bbox 1057 1196 1126 1281; x_wconf 86' lang='lat' dir='ltr'><strong>ipsis</strong></span> <span class='ocrx_word' id='word_1_81' title='bbox 1141 1195 1262 1280; x_wconf 82' lang='lat' dir='ltr'><strong>paseha·</strong></span> 
     </span>
     <span class='ocr_line' id='line_1_10' title="bbox 109 1295 1262 1378; baseline -0.004 -16"><span class='ocrx_word' id='word_1_82' title='bbox 109 1299 183 1365; x_wconf 84' lang='lat' dir='ltr'><strong>libas</strong></span> <span class='ocrx_word' id='word_1_83' title='bbox 202 1299 285 1364; x_wconf 87' lang='lat' dir='ltr'><strong>leriis</strong></span> <span class='ocrx_word' id='word_1_84' title='bbox 301 1300 371 1364; x_wconf 89' lang='lat' dir='ltr'><strong>illua</strong></span> <span class='ocrx_word' id='word_1_85' title='bbox 388 1301 584 1378; x_wconf 86' lang='lat' dir='ltr'><strong>aeeessisset,</strong></span> <span class='ocrx_word' id='word_1_86' title='bbox 609 1319 725 1362; x_wconf 89' lang='lat' dir='ltr'><strong>omnem</strong></span> <span class='ocrx_word' id='word_1_87' title='bbox 748 1319 850 1364; x_wconf 88' lang='lat' dir='ltr'><strong>eorum</strong></span> <span class='ocrx_word' id='word_1_88' title='bbox 872 1298 951 1363; x_wconf 82' lang='lat' dir='ltr'><strong>vitae</strong></span> <span class='ocrx_word' id='word_1_89' title='bbox 972 1298 1116 1362; x_wconf 81' lang='lat' dir='ltr'><strong>rationem</strong></span> <span class='ocrx_word' id='word_1_90' title='bbox 1139 1295 1262 1378; x_wconf 80' lang='lat' dir='ltr'><strong>diligen·</strong></span> 
     </span>
     <span class='ocr_line' id='line_1_11' title="bbox 109 1397 1262 1486; baseline -0.004 -22"><span class='ocrx_word' id='word_1_91' title='bbox 109 1411 156 1464; x_wconf 88' lang='lat' dir='ltr'><strong>ter</strong></span> <span class='ocrx_word' id='word_1_92' title='bbox 172 1399 316 1486; x_wconf 84' lang='lat' dir='ltr'><strong>inspexit,</strong></span> <span class='ocrx_word' id='word_1_93' title='bbox 339 1401 567 1486; x_wconf 83' lang='lat' dir='ltr'><strong>observavitque</strong></span> <span class='ocrx_word' id='word_1_94' title='bbox 582 1401 741 1465; x_wconf 85' lang='lat' dir='ltr'><strong>nonnullos</strong></span> <span class='ocrx_word' id='word_1_95' title='bbox 756 1411 847 1464; x_wconf 90' lang='lat' dir='ltr'><strong>totam</strong></span> <span class='ocrx_word' id='word_1_96' title='bbox 861 1401 939 1464; x_wconf 91' lang='lat' dir='ltr'><strong>illam</strong></span> <span class='ocrx_word' id='word_1_97' title='bbox 955 1410 1172 1464; x_wconf 81' lang='lat' dir='ltr'><strong>saerosanetam</strong></span> <span class='ocrx_word' id='word_1_98' title='bbox 1192 1397 1262 1461; x_wconf 83' lang='lat' dir='ltr'><strong>laeb-</strong></span> 
     </span>
     <span class='ocr_line' id='line_1_12' title="bbox 110 1501 1263 1586; baseline -0.003 -20"><span class='ocrx_word' id='word_1_99' title='bbox 110 1503 263 1566; x_wconf 88' lang='lat' dir='ltr'><strong>domadem</strong></span> <span class='ocrx_word' id='word_1_100' title='bbox 285 1501 349 1567; x_wconf 84' lang='lat' dir='ltr'><strong>siue</strong></span> <span class='ocrx_word' id='word_1_101' title='bbox 370 1504 429 1568; x_wconf 90' lang='lat' dir='ltr'><strong>ullo</strong></span> <span class='ocrx_word' id='word_1_102' title='bbox 449 1503 515 1568; x_wconf 74' lang='lat' dir='ltr'><strong>eilia</strong></span> <span class='ocrx_word' id='word_1_103' title='bbox 539 1503 719 1586; x_wconf 80' lang='lat' dir='ltr'><strong>transigere,</strong></span> <span class='ocrx_word' id='word_1_104' title='bbox 750 1503 824 1568; x_wconf 90' lang='lat' dir='ltr'><strong>alios</strong></span> <span class='ocrx_word' id='word_1_105' title='bbox 842 1502 964 1567; x_wconf 88' lang='lat' dir='ltr'><strong>alternis</strong></span> <span class='ocrx_word' id='word_1_106' title='bbox 989 1501 1069 1566; x_wconf 92' lang='lat' dir='ltr'><strong>illum</strong></span> <span class='ocrx_word' id='word_1_107' title='bbox 1089 1501 1191 1564; x_wconf 85' lang='lat' dir='ltr'><strong>diebus</strong></span> <span class='ocrx_word' id='word_1_108' title='bbox 1211 1519 1263 1562; x_wconf 88' lang='lat' dir='ltr'><strong>ea·</strong></span> 
     </span>
     <span class='ocr_line' id='line_1_13' title="bbox 111 1601 1262 1689; baseline -0.004 -22"><span class='ocrx_word' id='word_1_109' title='bbox 111 1625 198 1689; x_wconf 85' lang='lat' dir='ltr'><strong>pera,</strong></span> <span class='ocrx_word' id='word_1_110' title='bbox 222 1605 361 1689; x_wconf 87' lang='lat' dir='ltr'><strong>quosdam</strong></span> <span class='ocrx_word' id='word_1_111' title='bbox 385 1625 457 1669; x_wconf 88' lang='lat' dir='ltr'><strong>vero</strong></span> <span class='ocrx_word' id='word_1_112' title='bbox 475 1605 530 1669; x_wconf 84' lang='lat' dir='ltr'><strong>sub</strong></span> <span class='ocrx_word' id='word_1_113' title='bbox 551 1625 719 1689; x_wconf 81' lang='lat' dir='ltr'><strong>vesperam.</strong></span> <span class='ocrx_word' id='word_1_114' title='bbox 765 1601 962 1687; x_wconf 75' lang='lat' dir='ltr'><strong>Quamobrem</strong></span> <span class='ocrx_word' id='word_1_115' title='bbox 980 1623 1178 1688; x_wconf 66' lang='lat' dir='ltr'><strong>manuumque</strong></span> <span class='ocrx_word' id='word_1_116' title='bbox 1200 1611 1262 1664; x_wconf 90' lang='lat' dir='ltr'><strong>toto</strong></span> 
     </span>
     <span class='ocr_line' id='line_1_14' title="bbox 110 1703 1264 1792; baseline -0.005 -22"><span class='ocrx_word' id='word_1_117' title='bbox 110 1705 160 1770; x_wconf 92' lang='lat' dir='ltr'><strong>illo</strong></span> <span class='ocrx_word' id='word_1_118' title='bbox 178 1727 270 1792; x_wconf 86' lang='lat' dir='ltr'><strong>opere</strong></span> <span class='ocrx_word' id='word_1_119' title='bbox 285 1727 302 1770; x_wconf 90' lang='lat' dir='ltr'><strong>a</strong></span> <span class='ocrx_word' id='word_1_120' title='bbox 318 1703 440 1771; x_wconf 84' lang='lat' dir='ltr'><strong>Philone</strong></span> <span class='ocrx_word' id='word_1_121' title='bbox 459 1716 580 1770; x_wconf 83' lang='lat' dir='ltr'><strong>tractata</strong></span> <span class='ocrx_word' id='word_1_122' title='bbox 595 1715 680 1786; x_wconf 84' lang='lat' dir='ltr'><strong>suut,</strong></span> <span class='ocrx_word' id='word_1_123' title='bbox 704 1725 739 1770; x_wconf 88' lang='lat' dir='ltr'><strong>ea</strong></span> <span class='ocrx_word' id='word_1_124' title='bbox 757 1703 991 1770; x_wconf 85' lang='lat' dir='ltr'><strong>Christianorum</strong></span> <span class='ocrx_word' id='word_1_125' title='bbox 1008 1707 1043 1772; x_wconf 91' lang='lat' dir='ltr'><strong>ad</strong></span> <span class='ocrx_word' id='word_1_126' title='bbox 1058 1706 1142 1768; x_wconf 87' lang='lat' dir='ltr'><strong>tidem</strong></span> <span class='ocrx_word' id='word_1_127' title='bbox 1160 1704 1264 1768; x_wconf 82' lang='lat' dir='ltr'><strong>viven-</strong></span> 
     </span>
     <span class='ocr_line' id='line_1_15' title="bbox 112 1803 1264 1893; baseline -0.003 -22"><span class='ocrx_word' id='word_1_128' title='bbox 112 1807 197 1892; x_wconf 81' lang='lat' dir='ltr'><strong>dique</strong></span> <span class='ocrx_word' id='word_1_129' title='bbox 213 1809 358 1873; x_wconf 86' lang='lat' dir='ltr'><strong>rationem</strong></span> <span class='ocrx_word' id='word_1_130' title='bbox 376 1807 494 1872; x_wconf 89' lang='lat' dir='ltr'><strong>omuino</strong></span> <span class='ocrx_word' id='word_1_131' title='bbox 512 1807 670 1893; x_wconf 87' lang='lat' dir='ltr'><strong>pertinent.</strong></span> <span class='ocrx_word' id='word_1_132' title='bbox 716 1803 790 1872; x_wconf 85' lang='lat' dir='ltr'><strong>Cum</strong></span> <span class='ocrx_word' id='word_1_133' title='bbox 809 1806 899 1891; x_wconf 83' lang='lat' dir='ltr'><strong>igitur</strong></span> <span class='ocrx_word' id='word_1_134' title='bbox 912 1805 1024 1872; x_wconf 80' lang='lat' dir='ltr'><strong>lassari</strong></span> <span class='ocrx_word' id='word_1_135' title='bbox 1039 1818 1109 1872; x_wconf 86' lang='lat' dir='ltr'><strong>tune</strong></span> <span class='ocrx_word' id='word_1_136' title='bbox 1125 1803 1264 1889; x_wconf 83' lang='lat' dir='ltr'><strong>temporie</strong></span> 
     </span>
     <span class='ocr_line' id='line_1_16' title="bbox 112 1905 1265 1995; baseline -0.003 -23"><span class='ocrx_word' id='word_1_137' title='bbox 112 1910 299 1990; x_wconf 73' lang='lat' dir='ltr'><strong>timeantur,</strong></span> <span class='ocrx_word' id='word_1_138' title='bbox 322 1910 490 1995; x_wconf 84' lang='lat' dir='ltr'><strong>paulopost</strong></span> <span class='ocrx_word' id='word_1_139' title='bbox 510 1930 665 1974; x_wconf 79' lang='lat' dir='ltr'><strong>assensum</strong></span> <span class='ocrx_word' id='word_1_140' title='bbox 686 1907 797 1974; x_wconf 85' lang='lat' dir='ltr'><strong>Christi</strong></span> <span class='ocrx_word' id='word_1_141' title='bbox 820 1910 946 1987; x_wconf 91' lang='lat' dir='ltr'><strong>domiui,</strong></span> <span class='ocrx_word' id='word_1_142' title='bbox 971 1921 1121 1994; x_wconf 86' lang='lat' dir='ltr'><strong>postquam</strong></span> <span class='ocrx_word' id='word_1_143' title='bbox 1143 1905 1265 1971; x_wconf 80' lang='lat' dir='ltr'><strong>Murrus</strong></span> 
     </span>
     <span class='ocr_line' id='line_1_17' title="bbox 113 2009 1266 2097; baseline -0.004 -22"><span class='ocrx_word' id='word_1_144' title='bbox 113 2011 142 2075; x_wconf 88' lang='lat' dir='ltr'><strong>iu</strong></span> <span class='ocrx_word' id='word_1_145' title='bbox 163 2014 305 2097; x_wconf 71' lang='lat' dir='ltr'><strong>Aegypto</strong></span> <span class='ocrx_word' id='word_1_146' title='bbox 327 2013 455 2078; x_wconf 85' lang='lat' dir='ltr'><strong>divinum</strong></span> <span class='ocrx_word' id='word_1_147' title='bbox 478 2012 599 2076; x_wconf 88' lang='lat' dir='ltr'><strong>verbnm</strong></span> <span class='ocrx_word' id='word_1_148' title='bbox 621 2011 820 2096; x_wconf 74' lang='lat' dir='ltr'><strong>praedicavit,</strong></span> <span class='ocrx_word' id='word_1_149' title='bbox 851 2011 981 2074; x_wconf 90' lang='lat' dir='ltr'><strong>nonnulli</strong></span> <span class='ocrx_word' id='word_1_150' title='bbox 1005 2021 1073 2074; x_wconf 87' lang='lat' dir='ltr'><strong>tune</strong></span> <span class='ocrx_word' id='word_1_151' title='bbox 1094 2009 1266 2094; x_wconf 87' lang='lat' dir='ltr'><strong>prodierant</strong></span> 
     </span>
     <span class='ocr_line' id='line_1_18' title="bbox 113 2112 1265 2198; baseline -0.003 -23"><span class='ocrx_word' id='word_1_152' title='bbox 113 2114 312 2198; x_wconf 84' lang='lat' dir='ltr'><strong>apostolorum</strong></span> <span class='ocrx_word' id='word_1_153' title='bbox 339 2114 490 2194; x_wconf 82' lang='lat' dir='ltr'><strong>asseelae,</strong></span> <span class='ocrx_word' id='word_1_154' title='bbox 520 2112 671 2178; x_wconf 82' lang='lat' dir='ltr'><strong>Nazaraei</strong></span> <span class='ocrx_word' id='word_1_155' title='bbox 699 2113 835 2177; x_wconf 87' lang='lat' dir='ltr'><strong>videlieet</strong></span> <span class='ocrx_word' id='word_1_156' title='bbox 861 2112 912 2176; x_wconf 90' lang='lat' dir='ltr'><strong>isti</strong></span> <span class='ocrx_word' id='word_1_157' title='bbox 933 2113 970 2176; x_wconf 91' lang='lat' dir='ltr'><strong>de</strong></span> <span class='ocrx_word' id='word_1_158' title='bbox 993 2112 1097 2195; x_wconf 86' lang='lat' dir='ltr'><strong>quibus</strong></span> <span class='ocrx_word' id='word_1_159' title='bbox 1125 2129 1265 2196; x_wconf 86' lang='lat' dir='ltr'><strong>praeseus</strong></span> 
     </span>
     <span class='ocr_line' id='line_1_19' title="bbox 114 2211 1265 2298; baseline -0.005 -20"><span class='ocrx_word' id='word_1_160' title='bbox 114 2215 265 2280; x_wconf 84' lang='lat' dir='ltr'><strong>institutas</strong></span> <span class='ocrx_word' id='word_1_161' title='bbox 293 2228 338 2280; x_wconf 88' lang='lat' dir='ltr'><strong>est</strong></span> <span class='ocrx_word' id='word_1_162' title='bbox 366 2237 476 2280; x_wconf 85' lang='lat' dir='ltr'><strong>sermo.</strong></span> <span class='ocrx_word' id='word_1_163' title='bbox 521 2213 616 2278; x_wconf 88' lang='lat' dir='ltr'><strong>Erant</strong></span> <span class='ocrx_word' id='word_1_164' title='bbox 641 2214 684 2278; x_wconf 92' lang='lat' dir='ltr'><strong>illi</strong></span> <span class='ocrx_word' id='word_1_165' title='bbox 705 2235 814 2298; x_wconf 77' lang='lat' dir='ltr'><strong>genere</strong></span> <span class='ocrx_word' id='word_1_166' title='bbox 836 2214 951 2298; x_wconf 88' lang='lat' dir='ltr'><strong>quidem</strong></span> <span class='ocrx_word' id='word_1_167' title='bbox 973 2211 1091 2290; x_wconf 81' lang='lat' dir='ltr'><strong>ludaei,</strong></span> <span class='ocrx_word' id='word_1_168' title='bbox 1121 2223 1207 2295; x_wconf 84' lang='lat' dir='ltr'><strong>atque</strong></span> <span class='ocrx_word' id='word_1_169' title='bbox 1229 2211 1265 2273; x_wconf 89' lang='lat' dir='ltr'><strong>ud</strong></span> 
     </span>
     <span class='ocr_line' id='line_1_20' title="bbox 114 2312 1264 2402; baseline -0.005 -23"><span class='ocrx_word' id='word_1_170' title='bbox 114 2316 208 2402; x_wconf 71' lang='lat' dir='ltr'><strong>legem</strong></span> <span class='ocrx_word' id='word_1_171' title='bbox 238 2329 271 2382; x_wconf 86' lang='lat' dir='ltr'><strong>et</strong></span> <span class='ocrx_word' id='word_1_172' title='bbox 296 2315 548 2382; x_wconf 75' lang='lat' dir='ltr'><strong>circumsisionem</strong></span> <span class='ocrx_word' id='word_1_173' title='bbox 578 2317 791 2395; x_wconf 87' lang='lat' dir='ltr'><strong>adhaeserant,</strong></span> <span class='ocrx_word' id='word_1_174' title='bbox 823 2317 875 2379; x_wconf 90' lang='lat' dir='ltr'><strong>sed</strong></span> <span class='ocrx_word' id='word_1_175' title='bbox 904 2315 1143 2400; x_wconf 85' lang='lat' dir='ltr'><strong>quemadmodum</strong></span> <span class='ocrx_word' id='word_1_176' title='bbox 1172 2312 1219 2394; x_wconf 86' lang='lat' dir='ltr'><strong>qui</strong></span> <span class='ocrx_word' id='word_1_177' title='bbox 1247 2331 1264 2374; x_wconf 95' lang='lat' dir='ltr'><strong>e</strong></span> 
     </span>
     <span class='ocr_line' id='line_1_21' title="bbox 113 2412 1265 2504; baseline -0.009 -20"><span class='ocrx_word' id='word_1_178' title='bbox 113 2421 231 2504; x_wconf 85' lang='lat' dir='ltr'><strong>specula</strong></span> <span class='ocrx_word' id='word_1_179' title='bbox 254 2421 354 2504; x_wconf 81' lang='lat' dir='ltr'><strong>procul</strong></span> <span class='ocrx_word' id='word_1_180' title='bbox 375 2419 473 2504; x_wconf 79' lang='lat' dir='ltr'><strong>ignem</strong></span> <span class='ocrx_word' id='word_1_181' title='bbox 496 2417 658 2503; x_wconf 78' lang='lat' dir='ltr'><strong>aspiciunt,</strong></span> <span class='ocrx_word' id='word_1_182' title='bbox 683 2439 778 2503; x_wconf 86' lang='lat' dir='ltr'><strong>noque</strong></span> <span class='ocrx_word' id='word_1_183' title='bbox 794 2417 878 2481; x_wconf 87' lang='lat' dir='ltr'><strong>euius</strong></span> <span class='ocrx_word' id='word_1_184' title='bbox 894 2416 937 2481; x_wconf 88' lang='lat' dir='ltr'><strong>rei</strong></span> <span class='ocrx_word' id='word_1_185' title='bbox 950 2417 1063 2502; x_wconf 82' lang='lat' dir='ltr'><strong>gratia,</strong></span> <span class='ocrx_word' id='word_1_186' title='bbox 1088 2434 1211 2498; x_wconf 85' lang='lat' dir='ltr'><strong>quemve</strong></span> <span class='ocrx_word' id='word_1_187' title='bbox 1228 2412 1265 2475; x_wconf 85' lang='lat' dir='ltr'><strong>ad</strong></span> 
     </span>
     <span class='ocr_line' id='line_1_22' title="bbox 116 2515 1267 2598; baseline -0.007 -12"><span class='ocrx_word' id='word_1_188' title='bbox 116 2543 198 2586; x_wconf 86' lang='lat' dir='ltr'><strong>usum</strong></span> <span class='ocrx_word' id='word_1_189' title='bbox 223 2523 278 2586; x_wconf 85' lang='lat' dir='ltr'><strong>hoe</strong></span> <span class='ocrx_word' id='word_1_190' title='bbox 299 2523 464 2586; x_wconf 79' lang='lat' dir='ltr'><strong>incendium</strong></span> <span class='ocrx_word' id='word_1_191' title='bbox 487 2519 647 2584; x_wconf 80' lang='lat' dir='ltr'><strong>exeitatum</strong></span> <span class='ocrx_word' id='word_1_192' title='bbox 676 2520 765 2583; x_wconf 85' lang='lat' dir='ltr'><strong>luerit</strong></span> <span class='ocrx_word' id='word_1_193' title='bbox 785 2519 899 2598; x_wconf 82' lang='lat' dir='ltr'><strong>seiuut,</strong></span> <span class='ocrx_word' id='word_1_194' title='bbox 933 2529 1097 2582; x_wconf 89' lang='lat' dir='ltr'><strong>utrumnam</strong></span> <span class='ocrx_word' id='word_1_195' title='bbox 1120 2517 1156 2579; x_wconf 87' lang='lat' dir='ltr'><strong>ad</strong></span> <span class='ocrx_word' id='word_1_196' title='bbox 1179 2515 1267 2580; x_wconf 85' lang='lat' dir='ltr'><strong>obso-</strong></span> 
     </span>
     <span class='ocr_line' id='line_1_23' title="bbox 116 2615 1267 2709; baseline -0.008 -22"><span class='ocrx_word' id='word_1_197' title='bbox 116 2624 162 2687; x_wconf 89' lang='lat' dir='ltr'><strong>aia</strong></span> <span class='ocrx_word' id='word_1_198' title='bbox 183 2625 354 2709; x_wconf 80' lang='lat' dir='ltr'><strong>coquenda,</strong></span> <span class='ocrx_word' id='word_1_199' title='bbox 386 2624 526 2706; x_wconf 78' lang='lat' dir='ltr'><strong>cibosque</strong></span> <span class='ocrx_word' id='word_1_200' title='bbox 547 2621 638 2686; x_wconf 86' lang='lat' dir='ltr'><strong>vietui</strong></span> <span class='ocrx_word' id='word_1_201' title='bbox 661 2620 894 2706; x_wconf 85' lang='lat' dir='ltr'><strong>praeparandos,</strong></span> <span class='ocrx_word' id='word_1_202' title='bbox 926 2642 964 2684; x_wconf 89' lang='lat' dir='ltr'><strong>au</strong></span> <span class='ocrx_word' id='word_1_203' title='bbox 987 2631 1019 2684; x_wconf 88' lang='lat' dir='ltr'><strong>at</strong></span> <span class='ocrx_word' id='word_1_204' title='bbox 1040 2619 1149 2682; x_wconf 72' lang='lat' dir='ltr'><strong>eremis</strong></span> <span class='ocrx_word' id='word_1_205' title='bbox 1171 2615 1267 2680; x_wconf 90' lang='lat' dir='ltr'><strong>arida·</strong></span> 
     </span>
     <span class='ocr_line' id='line_1_24' title="bbox 116 2718 1268 2810; baseline -0.01 -20"><span class='ocrx_word' id='word_1_206' title='bbox 116 2747 171 2810; x_wconf 83' lang='lat' dir='ltr'><strong>que</strong></span> <span class='ocrx_word' id='word_1_207' title='bbox 192 2727 340 2810; x_wconf 74' lang='lat' dir='ltr'><strong>virgulta,</strong></span> <span class='ocrx_word' id='word_1_208' title='bbox 374 2735 403 2787; x_wconf 89' lang='lat' dir='ltr'><strong>ut</strong></span> <span class='ocrx_word' id='word_1_209' title='bbox 426 2725 555 2802; x_wconf 84' lang='lat' dir='ltr'><strong>assolet,</strong></span> <span class='ocrx_word' id='word_1_210' title='bbox 587 2733 826 2802; x_wconf 80' lang='lat' dir='ltr'><strong>conmemorant,</strong></span> <span class='ocrx_word' id='word_1_211' title='bbox 859 2722 902 2788; x_wconf 84' lang='lat' dir='ltr'><strong>sie</strong></span> <span class='ocrx_word' id='word_1_212' title='bbox 923 2723 965 2786; x_wconf 90' lang='lat' dir='ltr'><strong>illi</strong></span> <span class='ocrx_word' id='word_1_213' title='bbox 987 2722 1064 2785; x_wconf 84' lang='lat' dir='ltr'><strong>istud</strong></span> <span class='ocrx_word' id='word_1_214' title='bbox 1085 2721 1181 2805; x_wconf 86' lang='lat' dir='ltr'><strong>ipsum</strong></span> <span class='ocrx_word' id='word_1_215' title='bbox 1202 2718 1268 2781; x_wconf 88' lang='lat' dir='ltr'><strong>imi·</strong></span> 
     </span>
     <span class='ocr_line' id='line_1_25' title="bbox 117 2819 1268 2912; baseline -0.005 -22"><span class='ocrx_word' id='word_1_216' title='bbox 117 2829 166 2892; x_wconf 91' lang='lat' dir='ltr'><strong>tati</strong></span> <span class='ocrx_word' id='word_1_217' title='bbox 188 2827 366 2912; x_wconf 81' lang='lat' dir='ltr'><strong>semetipsos</strong></span> <span class='ocrx_word' id='word_1_218' title='bbox 393 2826 529 2890; x_wconf 85' lang='lat' dir='ltr'><strong>iuoendio</strong></span> <span class='ocrx_word' id='word_1_219' title='bbox 557 2836 811 2910; x_wconf 77' lang='lat' dir='ltr'><strong>consumpserunt.</strong></span> <span class='ocrx_word' id='word_1_220' title='bbox 858 2821 1009 2908; x_wconf 88' lang='lat' dir='ltr'><strong>Siquidem</strong></span> <span class='ocrx_word' id='word_1_221' title='bbox 1035 2822 1100 2888; x_wconf 86' lang='lat' dir='ltr'><strong>solo</strong></span> <span class='ocrx_word' id='word_1_222' title='bbox 1124 2819 1193 2886; x_wconf 91' lang='lat' dir='ltr'><strong>lesu</strong></span> <span class='ocrx_word' id='word_1_223' title='bbox 1214 2841 1268 2884; x_wconf 90' lang='lat' dir='ltr'><strong>uo-</strong></span> 
     </span>
     <span class='ocr_line' id='line_1_26' title="bbox 117 2923 1267 3016; baseline -0.007 -24"><span class='ocrx_word' id='word_1_224' title='bbox 117 2933 195 2995; x_wconf 84' lang='lat' dir='ltr'><strong>mine</strong></span> <span class='ocrx_word' id='word_1_225' title='bbox 217 2930 335 3008; x_wconf 90' lang='lat' dir='ltr'><strong>audito,</strong></span> <span class='ocrx_word' id='word_1_226' title='bbox 366 2929 590 3016; x_wconf 77' lang='lat' dir='ltr'><strong>conspectisque</strong></span> <span class='ocrx_word' id='word_1_227' title='bbox 612 2947 686 3012; x_wconf 84' lang='lat' dir='ltr'><strong>quae</strong></span> <span class='ocrx_word' id='word_1_228' title='bbox 717 2927 754 2990; x_wconf 83' lang='lat' dir='ltr'><strong>ab</strong></span> <span class='ocrx_word' id='word_1_229' title='bbox 775 2926 916 3011; x_wconf 89' lang='lat' dir='ltr'><strong>apostolis</strong></span> <span class='ocrx_word' id='word_1_230' title='bbox 943 2925 1049 2990; x_wconf 84' lang='lat' dir='ltr'><strong>tierent</strong></span> <span class='ocrx_word' id='word_1_231' title='bbox 1069 2923 1213 3010; x_wconf 89' lang='lat' dir='ltr'><strong>portentis</strong></span> <span class='ocrx_word' id='word_1_232' title='bbox 1233 2943 1267 2984; x_wconf 89' lang='lat' dir='ltr'><strong>ae</strong></span> 
     </span>
     <span class='ocr_line' id='line_1_27' title="bbox 117 3021 1268 3117; baseline -0.008 -23"><span class='ocrx_word' id='word_1_233' title='bbox 117 3031 287 3109; x_wconf 75' lang='lat' dir='ltr'><strong>miraculis,</strong></span> <span class='ocrx_word' id='word_1_234' title='bbox 310 3031 341 3093; x_wconf 91' lang='lat' dir='ltr'><strong>in</strong></span> <span class='ocrx_word' id='word_1_235' title='bbox 362 3030 444 3093; x_wconf 89' lang='lat' dir='ltr'><strong>illum</strong></span> <span class='ocrx_word' id='word_1_236' title='bbox 467 3042 497 3094; x_wconf 88' lang='lat' dir='ltr'><strong>et</strong></span> <span class='ocrx_word' id='word_1_237' title='bbox 517 3031 571 3117; x_wconf 89' lang='lat' dir='ltr'><strong>ipsi</strong></span> <span class='ocrx_word' id='word_1_238' title='bbox 589 3048 705 3112; x_wconf 87' lang='lat' dir='ltr'><strong>quoque</strong></span> <span class='ocrx_word' id='word_1_239' title='bbox 725 3028 923 3092; x_wconf 82' lang='lat' dir='ltr'><strong>erediderunt.</strong></span> <span class='ocrx_word' id='word_1_240' title='bbox 968 3023 1063 3109; x_wconf 80' lang='lat' dir='ltr'><strong>Quem</strong></span> <span class='ocrx_word' id='word_1_241' title='bbox 1086 3047 1151 3090; x_wconf 85' lang='lat' dir='ltr'><strong>uum</strong></span> <span class='ocrx_word' id='word_1_242' title='bbox 1166 3021 1268 3087; x_wconf 84' lang='lat' dir='ltr'><strong>Naan-</strong></span> 
     </span>
     <span class='ocr_line' id='line_1_28' title="bbox 116 3126 1269 3218; baseline -0.009 -22"><span class='ocrx_word' id='word_1_243' title='bbox 116 3135 172 3196; x_wconf 85' lang='lat' dir='ltr'><strong>reti</strong></span> <span class='ocrx_word' id='word_1_244' title='bbox 193 3133 309 3196; x_wconf 80' lang='lat' dir='ltr'><strong>seirent</strong></span> <span class='ocrx_word' id='word_1_245' title='bbox 329 3132 361 3195; x_wconf 90' lang='lat' dir='ltr'><strong>iu</strong></span> <span class='ocrx_word' id='word_1_246' title='bbox 382 3133 507 3218; x_wconf 79' lang='lat' dir='ltr'><strong>virginis</strong></span> <span class='ocrx_word' id='word_1_247' title='bbox 530 3143 614 3195; x_wconf 90' lang='lat' dir='ltr'><strong>utero</strong></span> <span class='ocrx_word' id='word_1_248' title='bbox 636 3130 782 3214; x_wconf 72' lang='lat' dir='ltr'><strong>genitam,</strong></span> <span class='ocrx_word' id='word_1_249' title='bbox 813 3139 900 3213; x_wconf 91' lang='lat' dir='ltr'><strong>atque</strong></span> <span class='ocrx_word' id='word_1_250' title='bbox 921 3129 952 3192; x_wconf 92' lang='lat' dir='ltr'><strong>iu</strong></span> <span class='ocrx_word' id='word_1_251' title='bbox 974 3126 1090 3214; x_wconf 80' lang='lat' dir='ltr'><strong>losspii</strong></span> <span class='ocrx_word' id='word_1_252' title='bbox 1107 3127 1194 3190; x_wconf 89' lang='lat' dir='ltr'><strong>domo</strong></span> <span class='ocrx_word' id='word_1_253' title='bbox 1215 3143 1269 3186; x_wconf 89' lang='lat' dir='ltr'><strong>ou-</strong></span> 
     </span>
     <span class='ocr_line' id='line_1_29' title="bbox 119 3227 1269 3316; baseline -0.011 -17"><span class='ocrx_word' id='word_1_254' title='bbox 119 3235 237 3312; x_wconf 75' lang='lat' dir='ltr'><strong>atrum,</strong></span> <span class='ocrx_word' id='word_1_255' title='bbox 262 3244 293 3298; x_wconf 91' lang='lat' dir='ltr'><strong>et</strong></span> <span class='ocrx_word' id='word_1_256' title='bbox 308 3233 419 3298; x_wconf 85' lang='lat' dir='ltr'><strong>ideireo</strong></span> <span class='ocrx_word' id='word_1_257' title='bbox 436 3233 533 3298; x_wconf 85' lang='lat' dir='ltr'><strong>lesura</strong></span> <span class='ocrx_word' id='word_1_258' title='bbox 551 3231 741 3297; x_wconf 86' lang='lat' dir='ltr'><strong>Nazarenum</strong></span> <span class='ocrx_word' id='word_1_259' title='bbox 763 3232 795 3294; x_wconf 90' lang='lat' dir='ltr'><strong>in</strong></span> <span class='ocrx_word' id='word_1_260' title='bbox 813 3231 967 3316; x_wconf 82' lang='lat' dir='ltr'><strong>evaugelio</strong></span> <span class='ocrx_word' id='word_1_261' title='bbox 989 3227 1145 3303; x_wconf 89' lang='lat' dir='ltr'><strong>nominari,</strong></span> <span class='ocrx_word' id='word_1_262' title='bbox 1169 3243 1269 3308; x_wconf 85' lang='lat' dir='ltr'><strong>quem·</strong></span> 
     </span>
    </p>
   </div>
   <div class='ocr_carea' id='block_1_3' title="bbox 117 3327 1399 4030">
    <p class='ocr_par' dir='ltr' id='par_1_3' title="bbox 117 3327 1399 4030">
     <span class='ocr_line' id='line_1_30' title="bbox 117 3327 1399 3421; baseline -0.014 -22"><span class='ocrx_word' id='word_1_263' title='bbox 117 3337 274 3401; x_wconf 83' lang='lat' dir='ltr'><strong>adrandum</strong></span> <span class='ocrx_word' id='word_1_264' title='bbox 302 3337 427 3421; x_wconf 85' lang='lat' dir='ltr'><strong>apostoli</strong></span> <span class='ocrx_word' id='word_1_265' title='bbox 455 3336 627 3421; x_wconf 86' lang='lat' dir='ltr'><strong>loquuntur,</strong></span> <span class='ocrx_word' id='word_1_266' title='bbox 658 3339 750 3396; x_wconf 81' lang='lat' dir='ltr'><strong>Iesum</strong></span> <span class='ocrx_word' id='word_1_267' title='bbox 770 3335 954 3395; x_wconf 70' lang='lat' dir='ltr'><strong>Nazarenum</strong></span> <span class='ocrx_word' id='word_1_268' title='bbox 975 3336 1065 3392; x_wconf 69' lang='lat' dir='ltr'><strong>orrum</strong></span> <span class='ocrx_word' id='word_1_269' title='bbox 1086 3327 1268 3409; x_wconf 68' lang='lat' dir='ltr'><strong>approbantia</strong></span> <span class='ocrx_word' id='word_1_270' title='bbox 1282 3337 1399 3394; x_wconf 72' lang='lat' dir='ltr'><strong>acuam</strong></span> 
     </span>
     <span class='ocr_line' id='line_1_31' title="bbox 118 3425 1268 3519; baseline -0.01 -19"><span class='ocrx_word' id='word_1_271' title='bbox 118 3444 210 3519; x_wconf 71' lang='lat' dir='ltr'><strong>n&#39;prm&#39;r</strong></span> <span class='ocrx_word' id='word_1_272' title='bbox 231 3461 267 3500; x_wconf 84' lang='lat' dir='ltr'><strong>ae</strong></span> <span class='ocrx_word' id='word_1_273' title='bbox 284 3441 442 3519; x_wconf 67' lang='lat' dir='ltr'><strong>proda&#39;griir,</strong></span> <span class='ocrx_word' id='word_1_274' title='bbox 468 3457 507 3501; x_wconf 85' lang='lat' dir='ltr'><strong>ex</strong></span> <span class='ocrx_word' id='word_1_275' title='bbox 522 3458 558 3502; x_wconf 92' lang='lat' dir='ltr'><strong>eo</strong></span> <span class='ocrx_word' id='word_1_276' title='bbox 576 3457 681 3500; x_wconf 87' lang='lat' dir='ltr'><strong>nomen</strong></span> <span class='ocrx_word' id='word_1_277' title='bbox 705 3435 760 3499; x_wconf 86' lang='lat' dir='ltr'><strong>sibi</strong></span> <span class='ocrx_word' id='word_1_278' title='bbox 782 3435 858 3499; x_wconf 87' lang='lat' dir='ltr'><strong>istud</strong></span> <span class='ocrx_word' id='word_1_279' title='bbox 881 3433 1050 3518; x_wconf 90' lang='lat' dir='ltr'><strong>imponunt,</strong></span> <span class='ocrx_word' id='word_1_280' title='bbox 1074 3441 1105 3492; x_wconf 91' lang='lat' dir='ltr'><strong>ut</strong></span> <span class='ocrx_word' id='word_1_281' title='bbox 1117 3425 1268 3492; x_wconf 85' lang='lat' dir='ltr'><strong>Nazaraei</strong></span> 
     </span>
     <span class='ocr_line' id='line_1_32' title="bbox 118 3527 1269 3622; baseline -0.01 -18"><span class='ocrx_word' id='word_1_282' title='bbox 118 3551 282 3618; x_wconf 82' lang='lat' dir='ltr'><strong>vocentur,</strong></span> <span class='ocrx_word' id='word_1_283' title='bbox 315 3561 375 3603; x_wconf 93' lang='lat' dir='ltr'><strong>uon</strong></span> <span class='ocrx_word' id='word_1_284' title='bbox 395 3536 555 3615; x_wconf 85' lang='lat' dir='ltr'><strong>Naziraei,</strong></span> <span class='ocrx_word' id='word_1_285' title='bbox 585 3559 660 3622; x_wconf 83' lang='lat' dir='ltr'><strong>quae</strong></span> <span class='ocrx_word' id='word_1_286' title='bbox 687 3559 748 3602; x_wconf 79' lang='lat' dir='ltr'><strong>vox</strong></span> <span class='ocrx_word' id='word_1_287' title='bbox 775 3535 985 3600; x_wconf 81' lang='lat' dir='ltr'><strong>sanetidoatum</strong></span> <span class='ocrx_word' id='word_1_288' title='bbox 1011 3531 1166 3616; x_wconf 79' lang='lat' dir='ltr'><strong>signifieat.</strong></span> <span class='ocrx_word' id='word_1_289' title='bbox 1212 3527 1269 3594; x_wconf 88' lang='lat' dir='ltr'><strong>Hie</strong></span> 
     </span>
     <span class='ocr_line' id='line_1_33' title="bbox 121 3633 1270 3727; baseline -0.008 -21"><span class='ocrx_word' id='word_1_290' title='bbox 121 3642 199 3706; x_wconf 76' lang='lat' dir='ltr'><strong>roim</strong></span> <span class='ocrx_word' id='word_1_291' title='bbox 222 3643 369 3726; x_wconf 88' lang='lat' dir='ltr'><strong>quondam</strong></span> <span class='ocrx_word' id='word_1_292' title='bbox 391 3640 593 3727; x_wconf 78' lang='lat' dir='ltr'><strong>primogenitis</strong></span> <span class='ocrx_word' id='word_1_293' title='bbox 614 3640 727 3724; x_wconf 88' lang='lat' dir='ltr'><strong>deoque</strong></span> <span class='ocrx_word' id='word_1_294' title='bbox 749 3636 929 3702; x_wconf 87' lang='lat' dir='ltr'><strong>eonseeratis</strong></span> <span class='ocrx_word' id='word_1_295' title='bbox 945 3633 1093 3719; x_wconf 75' lang='lat' dir='ltr'><strong>dignitatis</strong></span> <span class='ocrx_word' id='word_1_296' title='bbox 1116 3635 1209 3696; x_wconf 82' lang='lat' dir='ltr'><strong>honor</strong></span> <span class='ocrx_word' id='word_1_297' title='bbox 1223 3644 1270 3698; x_wconf 85' lang='lat' dir='ltr'><strong>est</strong></span> 
     </span>
     <span class='ocr_line' id='line_1_34' title="bbox 120 3735 1268 3828; baseline -0.007 -22"><span class='ocrx_word' id='word_1_298' title='bbox 120 3743 254 3821; x_wconf 82' lang='lat' dir='ltr'><strong>habitas,</strong></span> <span class='ocrx_word' id='word_1_299' title='bbox 278 3764 399 3828; x_wconf 86' lang='lat' dir='ltr'><strong>quornm</strong></span> <span class='ocrx_word' id='word_1_300' title='bbox 421 3764 440 3806; x_wconf 88' lang='lat' dir='ltr'><strong>e</strong></span> <span class='ocrx_word' id='word_1_301' title='bbox 461 3763 584 3808; x_wconf 84' lang='lat' dir='ltr'><strong>numero</strong></span> <span class='ocrx_word' id='word_1_302' title='bbox 605 3739 769 3826; x_wconf 83' lang='lat' dir='ltr'><strong>Sampson,</strong></span> <span class='ocrx_word' id='word_1_303' title='bbox 800 3738 907 3822; x_wconf 81' lang='lat' dir='ltr'><strong>aliique</strong></span> <span class='ocrx_word' id='word_1_304' title='bbox 928 3746 994 3822; x_wconf 90' lang='lat' dir='ltr'><strong>post</strong></span> <span class='ocrx_word' id='word_1_305' title='bbox 1013 3735 1108 3820; x_wconf 89' lang='lat' dir='ltr'><strong>ipsum</strong></span> <span class='ocrx_word' id='word_1_306' title='bbox 1130 3735 1178 3799; x_wconf 90' lang='lat' dir='ltr'><strong>vel</strong></span> <span class='ocrx_word' id='word_1_307' title='bbox 1200 3745 1268 3799; x_wconf 87' lang='lat' dir='ltr'><strong>aute</strong></span> 
     </span>
     <span class='ocr_line' id='line_1_35' title="bbox 120 3837 1268 3932; baseline -0.006 -25"><span class='ocrx_word' id='word_1_308' title='bbox 120 3845 216 3930; x_wconf 84' lang='lat' dir='ltr'><strong>ipsam</strong></span> <span class='ocrx_word' id='word_1_309' title='bbox 239 3845 404 3932; x_wconf 72' lang='lat' dir='ltr'><strong>complures</strong></span> <span class='ocrx_word' id='word_1_310' title='bbox 426 3845 600 3908; x_wconf 84' lang='lat' dir='ltr'><strong>extiterunt.</strong></span> <span class='ocrx_word' id='word_1_311' title='bbox 646 3841 708 3906; x_wconf 89' lang='lat' dir='ltr'><strong>lmo</strong></span> <span class='ocrx_word' id='word_1_312' title='bbox 730 3853 760 3905; x_wconf 89' lang='lat' dir='ltr'><strong>et</strong></span> <span class='ocrx_word' id='word_1_313' title='bbox 781 3839 909 3906; x_wconf 84' lang='lat' dir='ltr'><strong>loauues</strong></span> <span class='ocrx_word' id='word_1_314' title='bbox 936 3837 1061 3924; x_wconf 84' lang='lat' dir='ltr'><strong>baptista</strong></span> <span class='ocrx_word' id='word_1_315' title='bbox 1082 3859 1123 3902; x_wconf 84' lang='lat' dir='ltr'><strong>ex</strong></span> <span class='ocrx_word' id='word_1_316' title='bbox 1145 3837 1195 3900; x_wconf 90' lang='lat' dir='ltr'><strong>illo</strong></span> <span class='ocrx_word' id='word_1_317' title='bbox 1218 3838 1268 3901; x_wconf 88' lang='lat' dir='ltr'><strong>de-</strong></span> 
     </span>
     <span class='ocr_line' id='line_1_36' title="bbox 123 3942 1268 4030; baseline -0.009 -20"><span class='ocrx_word' id='word_1_318' title='bbox 123 3947 285 4012; x_wconf 86' lang='lat' dir='ltr'><strong>dieatornm</strong></span> <span class='ocrx_word' id='word_1_319' title='bbox 308 3947 364 4010; x_wconf 86' lang='lat' dir='ltr'><strong>deo</strong></span> <span class='ocrx_word' id='word_1_320' title='bbox 386 3947 532 4010; x_wconf 85' lang='lat' dir='ltr'><strong>homiuum</strong></span> <span class='ocrx_word' id='word_1_321' title='bbox 554 3965 665 4030; x_wconf 82' lang='lat' dir='ltr'><strong>gauere</strong></span> <span class='ocrx_word' id='word_1_322' title='bbox 688 3945 758 4024; x_wconf 87' lang='lat' dir='ltr'><strong>luit,</strong></span> <span class='ocrx_word' id='word_1_323' title='bbox 790 3942 959 4026; x_wconf 82' lang='lat' dir='ltr'><strong>quirinum</strong></span> <span class='ocrx_word' id='word_1_324' title='bbox 987 3952 1038 4005; x_wconf 85' lang='lat' dir='ltr'><strong>aut</strong></span> <span class='ocrx_word' id='word_1_325' title='bbox 1063 3943 1187 4004; x_wconf 87' lang='lat' dir='ltr'><strong>sioeram</strong></span> <span class='ocrx_word' id='word_1_326' title='bbox 1211 3961 1268 4002; x_wconf 92' lang='lat' dir='ltr'><strong>nou</strong></span> 
     </span>
    </p>
   </div>
   <div class='ocr_carea' id='block_1_4' title="bbox 123 4042 1269 4214">
    <p class='ocr_par' dir='ltr' id='par_1_4' title="bbox 123 4042 1269 4214">
     <span class='ocr_line' id='line_1_37' title="bbox 123 4042 1269 4128; baseline -0.008 -18"><span class='ocrx_word' id='word_1_327' title='bbox 123 4047 207 4112; x_wconf 79' lang='lat' dir='ltr'><strong>bibit.</strong></span> <span class='ocrx_word' id='word_1_328' title='bbox 251 4045 323 4111; x_wconf 87' lang='lat' dir='ltr'><strong>Fuit</strong></span> <span class='ocrx_word' id='word_1_329' title='bbox 343 4048 421 4111; x_wconf 87' lang='lat' dir='ltr'><strong>enim</strong></span> <span class='ocrx_word' id='word_1_330' title='bbox 442 4049 608 4112; x_wconf 83' lang='lat' dir='ltr'><strong>hominibus</strong></span> <span class='ocrx_word' id='word_1_331' title='bbox 630 4046 771 4110; x_wconf 84' lang='lat' dir='ltr'><strong>eiusmodi</strong></span> <span class='ocrx_word' id='word_1_332' title='bbox 792 4063 893 4108; x_wconf 82' lang='lat' dir='ltr'><strong>eorum</strong></span> <span class='ocrx_word' id='word_1_333' title='bbox 915 4042 1048 4128; x_wconf 78' lang='lat' dir='ltr'><strong>dignitati</strong></span> <span class='ocrx_word' id='word_1_334' title='bbox 1071 4052 1269 4108; x_wconf 79' lang='lat' dir='ltr'><strong>consentanea</strong></span> 
     </span>
     <span class='ocr_line' id='line_1_38' title="bbox 123 4149 533 4214; baseline 0.002 -3"><span class='ocrx_word' id='word_1_335' title='bbox 123 4149 242 4212; x_wconf 80' lang='lat' dir='ltr'><strong>vivendi</strong></span> <span class='ocrx_word' id='word_1_336' title='bbox 264 4150 340 4212; x_wconf 87' lang='lat' dir='ltr'><strong>ratio</strong></span> <span class='ocrx_word' id='word_1_337' title='bbox 363 4149 533 4214; x_wconf 81' lang='lat' dir='ltr'><strong>constituta.</strong></span> 
     </span>
    </p>
   </div>
   <div class='ocr_carea' id='block_1_5' title="bbox 125 4293 1268 4503">
    <p class='ocr_par' dir='ltr' id='par_1_5' title="bbox 125 4293 1268 4503">
     <span class='ocr_line' id='line_1_39' title="bbox 156 4293 1268 4368; baseline -0.011 -14"><span class='ocrx_word' id='word_1_338' title='bbox 156 4306 183 4354; x_wconf 81' lang='lat' dir='ltr'><strong>at.</strong></span> <span class='ocrx_word' id='word_1_339' title='bbox 199 4294 396 4368; x_wconf 76' lang='grc' dir='ltr'>α’φηγιασμέιωι</span> <span class='ocrx_word' id='word_1_340' title='bbox 426 4303 557 4352; x_wconf 80' lang='lat' dir='ltr'><strong>emendatio</strong></span> <span class='ocrx_word' id='word_1_341' title='bbox 582 4306 614 4352; x_wconf 80' lang='lat' dir='ltr'><strong>est</strong></span> <span class='ocrx_word' id='word_1_342' title='bbox 638 4303 682 4352; x_wconf 81' lang='lat' dir='ltr'><strong>loa.</strong></span> <span class='ocrx_word' id='word_1_343' title='bbox 749 4295 773 4350; x_wconf 88' lang='lat'><strong>9.</strong></span> <span class='ocrx_word' id='word_1_344' title='bbox 792 4293 910 4366; x_wconf 66' lang='grc' dir='ltr'><strong>ὑπῆρχεν.</strong></span> <span class='ocrx_word' id='word_1_345' title='bbox 928 4293 990 4351; x_wconf 79' lang='grc' dir='ltr'>οἶνοι</span> <span class='ocrx_word' id='word_1_346' title='bbox 1006 4295 1054 4363; x_wconf 83' lang='grc' dir='ltr'><strong>γὰρ</strong></span> <span class='ocrx_word' id='word_1_347' title='bbox 1069 4295 1112 4350; x_wconf 75' lang='grc' dir='ltr'><strong>καὶ</strong></span> <span class='ocrx_word' id='word_1_348' title='bbox 1126 4297 1175 4346; x_wconf 75' lang='lat' dir='ltr'><strong>aad</strong></span> <span class='ocrx_word' id='word_1_349' title='bbox 1194 4297 1268 4344; x_wconf 82' lang='lat' dir='ltr'><strong>Venet.</strong></span> 
     </span>
     <span class='ocr_line' id='line_1_40' title="bbox 125 4363 1067 4432; baseline -0.004 -12"><span class='ocrx_word' id='word_1_350' title='bbox 125 4371 255 4432; x_wconf 81' lang='lat' dir='ltr'><strong>Seata&#39;prrs&#39;,</strong></span> <span class='ocrx_word' id='word_1_351' title='bbox 279 4383 351 4432; x_wconf 82' lang='lat' dir='ltr'><strong>qaum</strong></span> <span class='ocrx_word' id='word_1_352' title='bbox 364 4371 444 4432; x_wconf 69' lang='lat' dir='ltr'><strong>limmat</strong></span> <span class='ocrx_word' id='word_1_353' title='bbox 458 4373 509 4420; x_wconf 82' lang='lat' dir='ltr'><strong>eod.</strong></span> <span class='ocrx_word' id='word_1_354' title='bbox 525 4371 600 4419; x_wconf 81' lang='lat' dir='ltr'><strong>Venet.</strong></span> <span class='ocrx_word' id='word_1_355' title='bbox 613 4383 683 4431; x_wconf 79' lang='lat' dir='ltr'><strong>pros·</strong></span> <span class='ocrx_word' id='word_1_356' title='bbox 751 4369 790 4418; x_wconf 86' lang='lat'><strong>10.</strong></span> <span class='ocrx_word' id='word_1_357' title='bbox 807 4363 828 4418; x_wconf 83' lang='lat' dir='ltr'><strong>ui</strong></span> <span class='ocrx_word' id='word_1_358' title='bbox 846 4367 910 4429; x_wconf 76' lang='grc' dir='ltr'>[ζετο</span> <span class='ocrx_word' id='word_1_359' title='bbox 925 4369 976 4418; x_wconf 85' lang='lat' dir='ltr'><strong>eod.</strong></span> <span class='ocrx_word' id='word_1_360' title='bbox 992 4369 1067 4417; x_wconf 70' lang='lat' dir='ltr'><strong>Vsum.</strong></span> 
     </span>
     <span class='ocr_line' id='line_1_41' title="bbox 125 4383 1022 4503; baseline -0.006 -15"><span class='ocrx_word' id='word_1_361' title='bbox 125 4439 179 4488; x_wconf 79' lang='lat' dir='ltr'><strong>bras</strong></span> <span class='ocrx_word' id='word_1_362' title='bbox 192 4433 389 4503; x_wconf 77' lang='grc' dir='ltr'>ἀφηγιασμέιοι.</span> <span class='ocrx_word' id='word_1_363' title='bbox 416 4439 471 4489; x_wconf 76' lang='grc' dir='ltr'><strong>0οά</strong></span> <span class='ocrx_word' id='word_1_364' title='bbox 481 4439 578 4500; x_wconf 78' lang='lat' dir='ltr'><strong>ntautp.</strong></span> <span class='ocrx_word' id='word_1_365' title='bbox 594 4443 614 4488; x_wconf 83' lang='lat' dir='ltr'><strong>et</strong></span> <span class='ocrx_word' id='word_1_366' title='bbox 628 4437 685 4486; x_wconf 79' lang='lat' dir='ltr'><strong>editi</strong></span> <span class='ocrx_word' id='word_1_367' title='bbox 751 4435 790 4485; x_wconf 81' lang='lat'><strong>11.</strong></span> <span class='ocrx_word' id='word_1_368' title='bbox 807 4383 1022 4488; x_wconf 67' lang='lat' dir='ltr'><strong>ultramrano.</strong></span> 
     </span>
    </p>
   </div>
   <div class='ocr_carea' id='block_1_6' title="bbox 124 4497 1046 4640">
    <p class='ocr_par' dir='ltr' id='par_1_6' title="bbox 124 4497 1046 4640">
     <span class='ocr_line' id='line_1_42' title="bbox 124 4497 1046 4588; baseline -0.004 -34"><span class='ocrx_word' id='word_1_369' title='bbox 124 4506 178 4586; x_wconf 74' lang='lat' dir='ltr'><strong>titre·</strong></span> <span class='ocrx_word' id='word_1_370' title='bbox 192 4507 276 4555; x_wconf 81' lang='lat' dir='ltr'><strong>tabant</strong></span> <span class='ocrx_word' id='word_1_371' title='bbox 288 4497 503 4588; x_wconf 65' lang='lat' dir='ltr'><strong>ripnpneppdsmu.</strong></span> <span class='ocrx_word' id='word_1_372' title='bbox 522 4507 632 4556; x_wconf 78' lang='lat' dir='ltr'><strong>Patauina</strong></span> <span class='ocrx_word' id='word_1_373' title='bbox 643 4519 682 4554; x_wconf 82' lang='lat' dir='ltr'><strong>ru·</strong></span> <span class='ocrx_word' id='word_1_374' title='bbox 750 4501 789 4556; x_wconf 80' lang='lat'><strong>12</strong></span> <span class='ocrx_word' id='word_1_375' title='bbox 806 4497 826 4568; x_wconf 75' lang='lat' dir='ltr'><strong>ri</strong></span> <span class='ocrx_word' id='word_1_376' title='bbox 843 4517 887 4554; x_wconf 88' lang='lat' dir='ltr'><strong>om.</strong></span> <span class='ocrx_word' id='word_1_377' title='bbox 903 4503 953 4554; x_wconf 78' lang='lat' dir='ltr'><strong>eod.</strong></span> <span class='ocrx_word' id='word_1_378' title='bbox 970 4505 1046 4552; x_wconf 71' lang='lat' dir='ltr'><strong>Venit.</strong></span> 
     </span>
     <span class='ocr_line' id='line_1_43' title="bbox 125 4571 608 4640; baseline -0.002 -16"><span class='ocrx_word' id='word_1_379' title='bbox 125 4575 261 4633; x_wconf 68' lang='lat' dir='ltr'><strong>numerus</strong></span> <span class='ocrx_word' id='word_1_380' title='bbox 278 4588 370 4632; x_wconf 70' lang='lat' dir='ltr'><strong>aurona</strong></span> <span class='ocrx_word' id='word_1_381' title='bbox 386 4571 608 4640; x_wconf 79' lang='lat' dir='ltr'><strong>uptepmrupalnon.</strong></span> 
     </span>
    </p>
   </div>
   <div class='ocr_carea' id='block_1_7' title="bbox 0 0 1582 4984">
    <p class='ocr_par' dir='ltr' id='par_1_7' title="bbox 0 0 1582 4984">
     <span class='ocr_line' id='line_1_44' title="bbox 0 0 1582 4984; baseline 0 0"><span class='ocrx_word' id='word_1_382' title='bbox 0 0 1582 4984; x_wconf 95' lang='lat' dir='ltr'><strong> </strong></span> 
     </span>
    </p>
   </div>
  </div>
 </body>
</html>
