3110 4984
380 344 515 400 rauauu
535 343 614 397 inv.
628 342 796 396 uauussss
814 343 877 397 ets
890 345 910 398 t.
926 341 1006 397 sou.
1021 345 1054 396 rr.
1231 333 1290 398 tto

225 461 322 552 lgitm
345 485 387 530 ex
403 462 454 530 illa
474 463 615 530 malorem
638 464 811 530 daemonum
832 464 948 532 insanis
971 489 1006 532 se
1030 465 1153 552 magicis
1177 465 1291 532 artibus
1310 477 1370 548 cap.
1388 479 1420 532 tt.

140 567 374 634 musceleratsm
398 567 527 632 animum
555 587 681 652 gerens,
713 579 802 653 atque
823 567 937 634 illorum
968 569 1133 654 praestigiis
1156 567 1288 650 delusus,

140 691 207 736 euru
223 668 297 736 uilcil
310 669 433 736 laboret
449 669 609 755 promptius
626 689 710 754 mam
726 681 758 733 ut
773 671 921 756 nequitiae
934 691 1007 736 suae
1023 671 1290 758 veneficiorumqus

139 771 297 838 διώκω
313 773 457 857 quoddam
473 790 508 835 ao
525 771 587 836 suis
601 769 659 834 illis
676 771 844 838 auctoribus
860 773 1051 838 daemonibus
1061 773 1179 857 dignum
1194 775 1290 862 speci·

139 895 209 938 mas
227 873 395 952 exhiberet,
418 873 448 937 in
467 882 599 958 apertum
617 873 765 958 prorupit,
788 895 823 938 oc
836 873 891 938 sub
906 871 1068 941 Christiani
1084 876 1210 942 nominis
1223 897 1290 964 spe·

139 975 204 1056 eie,
227 985 365 1060 tauquam
381 985 500 1040 ueratm
523 975 581 1038 mel
601 974 784 1054 admiscens,
815 975 858 1040 sic
876 974 955 1042 illios
976 978 1178 1064 appellationis
1192 980 1290 1064 splen·

138 1077 204 1142 dori
225 1075 314 1142 letale
334 1097 481 1142 venenum
498 1076 620 1156 infudit,
650 1076 737 1160 idque
754 1077 791 1142 iis
809 1077 913 1141 obtulit
929 1099 1004 1164 quos
1020 1080 1219 1144 fraudolenter
1239 1103 1290 1146 ca·
1424 1079 1430 1100 ’

137 1189 236 1264 ptstos
258 1189 290 1243 et
312 1178 431 1263 impium
455 1178 531 1242 lune
557 1177 586 1242 in
612 1198 743 1242 errorem
767 1189 930 1263 pertrectos
952 1180 982 1244 in
1007 1180 1130 1246 exitium
1152 1183 1286 1249 adduxit.

139 1275 274 1366 Cumque
292 1279 323 1343 in
338 1277 487 1344 Venerem
505 1291 607 1344 ustura
625 1279 784 1365 proclivior
799 1290 897 1360 esset,
925 1302 1027 1346 corum
1045 1303 1120 1366 quae
1136 1284 1289 1367 protitelta·

138 1393 188 1448 tm
204 1383 371 1468 dogmatum
397 1381 573 1446 verecundia
597 1394 758 1448 euronotus
783 1383 977 1468 nequissimas
1004 1383 1171 1470 opinionum
1195 1406 1288 1471 nugm

137 1483 289 1570 discipulis
304 1484 369 1547 suis
384 1485 526 1570 impostor
541 1485 698 1568 persuasit.
742 1481 862 1548 Etenim
885 1507 989 1570 vngenr
1011 1486 1153 1571 quandam
1169 1487 1288 1552 mulier-

136 1586 232 1650 culam
259 1587 377 1650 nomine
393 1583 536 1650 llelenam
559 1596 678 1665 nactus,
709 1586 801 1672 patris
821 1585 963 1673 Tyrium,
995 1586 1050 1651 sibi
1073 1607 1137 1652 eam
1159 1589 1287 1674 copulat,

136 1709 262 1774 quaeum
281 1687 375 1773 palam
392 1688 500 1752 unllam
514 1687 622 1752 habere
639 1707 673 1750 se
689 1689 929 1752 consuetudinem
945 1689 1085 1754 simulans
1102 1689 1189 1754 homo
1204 1693 1289 1756 soler

136 1789 211 1854 ehm
229 1789 311 1855 omui
326 1811 359 1854 se
372 1789 403 1852 in
419 1789 568 1854 libidinum
586 1809 696 1874 genere
713 1789 881 1868 volutabat,
905 1799 993 1875 atque
1007 1789 1095 1856 etiam
1112 1791 1232 1858 ridicula
1249 1794 1287 1858 de

137 1913 174 1958 eo
196 1911 232 1956 re
255 1891 352 1956 fabulo
375 1891 532 1977 discipulos
552 1890 689 1977 aspersit.
735 1888 778 1956 Se
798 1891 876 1958 enim
894 1913 1036 1957 summam
1057 1913 1125 1958 esse
1143 1894 1189 1958 dci
1211 1893 1284 1976 rim,

136 2007 267 2058 nonum
286 2013 358 2057 sero
373 2015 457 2058 snum
474 1993 605 2078 spiritum
622 2013 689 2058 esse
707 2005 840 2058 sanctum
857 1995 1001 2058 affirmare
1015 2015 1105 2058 ausus
1121 2006 1179 2076 est,
1202 1996 1286 2062 euius

135 2096 233 2180 gratia
251 2095 289 2160 de
302 2096 386 2160 coelo
403 2095 605 2160 descenderat.
641 2093 702 2160 Sed
722 2097 751 2159 iu
770 2115 945 2182 unoquoque
963 2095 1046 2160 coelo
1062 2098 1208 2181 propriam
1224 2097 1286 2162 aie-

135 2197 186 2260 bat
199 2198 266 2262 cios
285 2199 361 2262 eceli
378 2199 499 2262 formam
518 2197 614 2276 indui,
639 2219 696 2282 qno
712 2217 794 2262 meos
807 2197 929 2281 angelos
945 2197 1037 2262 latere
1052 2217 1180 2283 possein,
1204 2200 1286 2264 etad

134 2319 233 2364 meam
254 2299 333 2364 illam
357 2298 578 2384 intelligentium
602 2300 829 2378 descenderem,
866 2297 922 2364 hoe
947 2309 993 2363 est
1016 2297 1159 2364 llcleuam
1184 2299 1283 2380 istam,

133 2423 210 2488 qnae
226 2413 257 2465 et
269 2399 415 2466 Pronicus
433 2412 462 2466 et
480 2399 609 2486 Spiritus
627 2397 756 2466 Sanctus
778 2401 956 2488 appellatur,
981 2421 1134 2486 perquam
1153 2401 1286 2486 Angelos

134 2504 254 2584 creari,
280 2504 386 2588 Aegeli
401 2523 489 2588 porro
505 2503 642 2568 mondum
657 2513 744 2588 atque
763 2501 897 2566 homines
912 2501 1114 2567 condiderunt.
1152 2501 1286 2568 Eandem

133 2625 202 2670 esse
217 2605 409 2671 eoutirmnlat
421 2604 564 2670 Helenam
583 2605 666 2668 cuins
684 2625 788 2668 cnosso
804 2604 910 2668 bellum
920 2600 1053 2668 Graecos
1068 2603 1147 2668 inter
1160 2603 1286 2670 ac'l'ro·
1399 2607 1401 2614 '

132 2707 219 2772 ianos
237 2707 361 2771 exarsit.
406 2707 453 2770 Ad
474 2706 546 2770 haee
563 2705 688 2770 tabulam
705 2706 860 2772 adiiciebat
878 2706 986 2790 lapsam
1006 2705 1042 2769 de
1058 2706 1142 2770 coelo
1159 2704 1227 2770 Vim
1249 2705 1285 2772 il·

133 2810 192 2874 lam
209 2809 397 2893 semetipsam
413 2806 625 2889 dissimulasse,
649 2807 742 2893 deque
759 2829 796 2872 eo
812 2819 914 2894 poetas
931 2809 1053 2892 figurate
1069 2808 1185 2872 locutos
1201 2829 1282 2874 csse.

132 2909 219 2976 llaec
234 2911 312 2975 enim
333 2910 370 2974 cl
391 2931 556 2995 supremam
575 2911 653 2975 illem
670 2907 737 2974 Vim
761 2909 904 2976 accidisse
919 2909 1012 2988 bella,
1035 2929 1109 2994 quae
1125 2909 1162 2974 alr
1179 2909 1284 2975 haere·

133 3013 201 3078 tieis
215 3011 283 3076 aliis
295 3007 439 3091 Barbero,
462 3011 527 3077 eive
544 3008 670 3077 Barbelo
685 3012 806 3094 diciturq
829 3031 906 3096 quae
921 3033 987 3074 eum
1003 3031 1086 3076 suam
1101 3010 1143 3076 illi
1158 3011 1284 3098 pulchri·

133 3115 265 3180 tudinem
284 3114 471 3192 ostendisset,
495 3113 540 3177 sui
557 3113 637 3199 ipsos
653 3114 761 3178 aninmo
779 3113 905 3178 stimolis
921 3113 1072 3193 incitasse,
1095 3115 1226 3197 adeoque
1245 3113 1282 3176 sd

131 3237 185 3282 eos
203 3216 425 3301 depraedandos
439 3213 609 3301 Principes,
633 3215 682 3300 qui
705 3217 842 3282 mundum
857 3215 1067 3292 mollierunt,
1091 3213 1209 3278 missam
1228 3214 1282 3278 lios

130 3319 213 3404 ipsos
234 3317 369 3402 Angelos
390 3329 519 3382 mutuam
541 3317 576 3381 ed
598 3339 723 3402 pugnam
733 3319 905 3396 excitasse,
930 3338 995 3381 eum
1010 3315 1126 3380 interim
1142 3314 1214 3380 nihil
1231 3315 1283 3379 illa

130 3419 199 3484 mali
221 3441 310 3506 pessa
330 3419 438 3484 iniecta
460 3419 626 3484 vehementi
648 3419 694 3484 sui
715 3419 871 3504 cupiditste
893 3417 1068 3504 perfecerit,
1099 3427 1130 3480 ut
1151 3437 1184 3480 se
1205 3415 1283 3480 invi·

131 3541 197 3588 eesu
217 3523 430 3586 interficerent.
474 3519 547 3586 Eum
568 3519 672 3606 quippe
689 3521 867 3601 detinebant,
892 3541 929 3584 ne
945 3537 1063 3582 sursum
1077 3517 1198 3582 evolare
1213 3539 1282 3606 pos-

131 3635 196 3704 set3
230 3623 356 3709 ideoque
382 3645 448 3688 euos
475 3643 510 3688 ea
537 3622 643 3708 singuli
665 3624 696 3687 in
718 3622 801 3688 vana
824 3622 1050 3686 transformante
1071 3640 1105 3684 se
1127 3620 1281 3686 mulierum

131 3747 169 3790 se
191 3725 363 3790 teminorum
391 3746 515 3810 corpora
544 3725 697 3809 congressi
724 3737 804 3789 suot.
849 3721 900 3788 Ex
921 3723 978 3786 illis
1000 3743 1088 3806 porro
1109 3721 1139 3784 in
1162 3723 1278 3788 diversa
1403 3747 1406 3756 ·

132 3839 191 3892 tam
213 3827 361 3892 hominum
384 3847 468 3912 quem
492 3827 632 3911 pecodum
655 3826 834 3910 aliorumque
856 3843 980 3908 corpora
999 3823 1158 3904 mansitat,
1182 3836 1213 3888 ut
1228 3845 1281 3910 per

132 3939 248 3994 mutuas
268 3929 334 3993 illus
356 3931 592 4014 promiscuaeque
614 3928 719 3994 recedes
747 3928 841 3990 effuso
862 3925 1005 4009 sauguine
1031 3925 1204 4012 semctipsos
1226 3927 1280 3990 mi·

131 4041 276 4112 suerent,
306 4031 427 4117 ipsoque
453 4029 575 4096 collecte
605 4028 636 4094 vi
662 4049 778 4096 rursum
808 4029 838 4092 in
867 4027 980 4092 coelum
1010 4039 1111 4114 posset
1137 4047 1280 4094 conscen-

132 4135 215 4198 dere.
1191 4155 1194 4162 ¹

162 4489 190 4544 3.
207 4493 314 4544 sommae
331 4483 394 4552 ἅξαν
408 4483 537 4558 ἀγγέλους.
757 4490 781 4542 5.
800 4493 892 4556 liepone
909 4485 1062 4558 προχῦσεως,

163 4557 189 4609 4.
207 4555 419 4626 μετεγγιζομίνης
435 4557 488 4610 eod.
506 4561 578 4610 tutte.
