3080 5002
372 329 618 384 seminamur.
636 331 777 384 nomin.
795 309 992 383 uisnxmr.
1196 325 1254 384 651

99 450 302 516 testimonium
319 449 489 530 obfirmasti,
514 463 546 516 ut
562 452 609 515 rel
624 431 792 537 imprudens
808 452 982 516 confiterere
998 450 1114 540 Moysis
1131 455 1223 539 legem
1241 479 1258 518 a

99 555 160 618 ileo
182 555 361 630 derivatam,
394 553 449 617 boc
471 555 534 639 ipso
556 555 649 639 quod,
681 559 716 615 In
737 557 924 634 tegetibus,
956 555 1123 640 scripseris.
1170 555 1256 635 item,

98 662 167 720 Leo
183 660 261 718 dr'cir.
309 656 511 740 AdstipuIatur
528 658 605 720 euim
629 669 658 719 et
677 657 825 742 apostolus
846 667 948 741 postca
966 658 1144 722 subiiciens:
1169 663 1257 721 Num-

98 763 173 841 quid
194 763 228 820 dc
250 761 336 821 bobus
357 781 428 820 curn
449 772 492 822 cst
507 764 580 822 decl
622 765 671 824 Au
683 771 802 840 propter
817 781 869 821 nos
884 764 980 841 cubuc
995 764 1086 822 dn'cit?
1129 760 1215 844 Quod
1232 763 1256 826 si

98 873 223 947 propter
240 862 388 947 apostolos
406 872 463 924 tani
479 861 529 924 lex
547 883 631 946 quani
655 861 704 946 qui
727 863 755 924 in
774 862 839 945 lege
857 861 970 926 locutus
987 873 1033 926 est
1049 863 1121 927 deus
1139 863 1196 927 ista
1215 864 1257 926 ‹ti-

96 975 228 1042 xcraut‚
262 975 384 1048 uterque
406 965 538 1049 proiecto
557 965 754 1050 apostolorum
774 960 885 1028 Christi
903 985 1000 1028 curem
1020 965 1160 1052 suscipit,
1191 970 1257 1030 dum

97 1067 162 1131 illis
177 1087 211 1130 os
228 1067 339 1151 alligari
354 1066 506 1151 probibet,
530 1067 593 1131 sire
608 1089 626 1131 a
643 1067 836 1152 praedicande
850 1062 961 1131 Christi
976 1068 1108 1132 doctriua
1126 1069 1257 1152 impediri

99 1179 201 1248 cetat,
233 1170 297 1233 sire
317 1168 483 1254 quotidiana
498 1170 571 1255 ipsis
589 1171 726 1233 alimenta
745 1169 924 1254 suppeditari
943 1170 1112 1256 populorum
1131 1171 1257 1236 liberali-

100 1282 163 1335 tate
180 1270 330 1358 praecipit.
376 1269 477 1356 ltaque
497 1291 551 1337 nec
567 1272 679 1336 alienos
697 1293 712 1336 n
732 1273 883 1338 diuinitate
902 1293 955 1336 sua
973 1273 1121 1358 apostolos
1140 1274 1187 1337 illc
1205 1295 1257 1360 pu·

99 1385 161 1454 tat,
194 1395 248 1438 nec
272 1375 318 1438 isti
337 1373 462 1440 alienum
480 1375 573 1459 ipsum
598 1395 665 1438 esse
683 1385 824 1438 statuunt.
872 1374 920 1437 lix
944 1375 998 1439 boc
1021 1395 1092 1439 vero
1112 1377 1256 1440 communi

99 1477 236 1541 omnibus
256 1477 424 1540 testimonio
441 1477 483 1542 sic
501 1477 611 1562 colligit
627 1478 794 1562 apostolus:
818 1481 964 1559 Numquiii
978 1481 1013 1540 de
1030 1479 1115 1540 bobus
1130 1501 1200 1542 curo
1217 1492 1260 1541 esi

96 1583 174 1641 deo?
216 1575 276 1644 Sed
293 1589 412 1664 propter
427 1579 576 1665 apostolos
593 1580 678 1643 dixit.
721 1577 821 1663 Quare
837 1581 862 1642 si
878 1591 996 1665 propter
1010 1581 1159 1666 apostolos
1174 1603 1258 1645 usur-

99 1682 192 1767 parit,
217 1681 363 1746 bominum
380 1703 467 1767 perro
484 1683 682 1767 pecudumque
700 1682 834 1745 conditor
848 1693 905 1761 cst,
931 1703 947 1746 e
964 1682 1067 1767 quibus
1083 1683 1174 1748 bores
1190 1695 1258 1748 sunt

98 1808 136 1849 ac
152 1805 306 1870 passeres,
330 1796 500 1869 serpentes,
525 1785 648 1864 bestiae,
673 1785 780 1870 pisces,
805 1784 1021 1870 animantiaquc
1042 1786 1164 1871 reliqua,
1189 1809 1258 1850 con-

99 1909 230 1972 sequens
255 1897 301 1950 est
327 1869 424 1950 ourani
450 1887 530 1951 illuni
555 1886 681 1952 ninnium
707 1908 760 1972 pro
783 1887 922 1972 cuiusque
950 1889 1064 1952 ratione
1088 1910 1255 1975 capessere.

97 1989 179 2054 Nam
202 2002 230 2053 et
254 1991 458 2054 universorum
482 1992 508 2053 ei
528 2011 627 2053 curem
650 2010 717 2054 esse
737 1989 809 2054 satis
831 2011 871 2054 ex
893 2011 929 2054 eo
951 1993 1026 2076 quod
1050 1993 1189 2077 scriptum
1213 2005 1258 2056 cst

101 2091 284 2157 ostenuitur:
308 2098 440 2156 Homines
453 2105 483 2154 ct
496 2099 618 2155 mmmm
633 2095 771 2166 salvabis,
797 2098 915 2156 domine.
965 2092 1037 2157 ltern
1054 2115 1092 2158 ex
1109 2115 1163 2158 eo:
1189 2099 1411 2174 (transmutasse.

97 2200 179 2258 dedit
188 2217 272 2258 curuo
286 2198 400 2258 cibum?
421 2207 465 2260 et:
484 2199 562 2258 Pulli
572 2217 719 2260 corvorum
729 2201 769 2257 nd
779 2201 918 2258 domitium
934 2200 1059 2259 clament
1070 2199 1147 2259 cibos
1156 2211 1256 2278 postu·
1269 2180 1316 2223 ¹⁰¹²·
1330 2181 1365 2234 ’θ’
1378 2181 1398 2224 ³·

98 2303 211 2373 luntmr
236 2309 282 2362 etr
307 2301 395 2360 Dabis
409 2311 592 2380 opportunam
605 2321 696 2360 eccum
712 2301 848 2361 omnibus.
895 2297 1001 2382 Neque
1017 2320 1089 2363 rcrc
1106 2298 1211 2362 bovum
1228 2299 1256 2362 in
1271 2248 1361 2354 pppprpr

101 2401 273 2464 obterendis
291 2401 422 2486 lrugibus
435 2401 578 2485 obstringi
593 2400 728 2487 capistris
745 2423 796 2464 cra
812 2401 982 2486 simpliciter
995 2401 1139 2486 probibet.
1173 2402 1257 2466 Alio·
1270 2367 1361 2476 ppprpp

100 2504 151 2588 qui
167 2503 252 2567 deum
266 2504 392 2568 conilitis
406 2525 423 2566 a
438 2523 472 2567 sc
485 2503 679 2568 animantibus
694 2503 836 2589 praebere
851 2503 986 2568 alimenta
1004 2526 1061 2567 nou
1077 2525 1163 2590 posse
1178 2527 1259 2568 mou·

98 2617 227 2684 siniret,
261 2627 356 2690 neque
374 2607 460 2670 aliter
478 2629 562 2691 quani
581 2628 636 2692 cpe
654 2607 800 2670 bominum
820 2618 849 2670 ct
866 2607 976 2670 auxilio
996 2627 1133 2693 pecorum
1152 2607 1257 2692 pabulo

100 2708 269 2794 providere.
307 2705 366 2772 Seu
381 2709 450 2772 illud
466 2709 615 2794 apostulus
630 2707 771 2786 declarat,
792 2731 849 2772 neu
865 2710 1040 2774 cibariorum
1055 2710 1154 2795 iuopia
1170 2711 1255 2775 lcum

98 2811 195 2876 bubus
216 2811 338 2876 triturae
363 2823 494 2897 ternpore
517 2813 679 2876 coirsultum
704 2811 832 2876 voluisse
856 2823 942 2896 atque
966 2813 1087 2898 obligari
1113 2815 1255 2893 vetuisse,

98 2935 204 2979 verum
228 2915 282 2978 hoc
304 2915 438 3000 aenigma
460 2925 552 2978 totum
575 2915 609 2977 nd
629 2915 777 3000 apostolos
796 2916 917 3000 quadam
937 2915 1104 2980 babitubiuc
1125 2918 1256 2980 releren-

98 3018 181 3082 dum.
226 3017 268 3081 Ar
285 3039 358 3081 vcro
372 3017 470 3080 infima
484 3018 593 3096 omnia,
618 3039 693 3103 quae
709 3039 797 3081 seusu
814 3017 922 3103 percipi
939 3031 1076 3103 possunt,
1102 3020 1174 3083 deus
1190 3039 1257 3103 prn-

97 3121 229 3186 videntia
254 3141 308 3184 sua
331 3121 550 3206 complectitur,
581 3133 610 3184 et
633 3121 837 3186 universorum
863 3141 963 3184 curam
989 3122 1100 3205 puriter
1121 3121 1253 3203 suscipit.

97 3220 172 3287 Non
188 3223 264 3286 enim
280 3223 419 3288 salvatori
435 3224 581 3288 contrariu
599 3224 718 3311 scripsit
733 3223 893 3308 apostolus,
919 3233 949 3286 ut
965 3223 1039 3286 hauc
1055 3222 1109 3286 sibi
1127 3222 1258 3307 plerique

99 3326 304 3390 excusationis
323 3325 463 3390 latebram
484 3339 636 3411 quaerant.
683 3325 800 3389 Etenim
821 3325 907 3409 longe
926 3324 1018 3390 bubus
1036 3325 1165 3389 minores
1187 3335 1256 3390 suut

99 3446 257 3515 passeres,
290 3429 325 3491 de
348 3428 451 3512 quibus
473 3449 490 3492 a
512 3430 661 3494 salvatore
687 3429 793 3490 dictum
816 3439 879 3491 estc
913 3432 1039 3510 Qm'nque
1056 3450 1187 3508 passeres
1210 3451 1255 3490 cc-
1269 3445 1364 3500 crum
1377 3447 1396 3491 a.

99 3543 191 3595 neunt
207 3535 357 3613 dupondio.
404 3529 444 3594 Et
470 3553 602 3595 rursumr
634 3535 735 3594 Nonne
755 3535 809 3594 duo
828 3553 958 3612 passeres
979 3553 1042 3592 osse
1064 3545 1196 3607 veneunt,
1228 3545 1352 3594 etunius

99 3657 176 3698 unus
196 3657 233 3695 en·
247 3638 316 3715 zpsr'r
333 3639 484 3696 conradet
506 3639 535 3696 iri
552 3639 680 3718 loqueum
694 3639 755 3696 scire
765 3645 850 3715 putre
866 3645 958 3696 vestm
980 3640 1032 3715 qui
1044 3639 1072 3696 iu
1089 3637 1174 3696 coelii
1191 3643 1255 3698 est?
1273 3602 1306 3655 ω’
1318 3601 1352 3643 ²⁹⁸

97 3735 154 3804 Sic
167 3736 257 3820 igitur
273 3737 408 3801 universe
425 3738 497 3800 deus
512 3738 693 3824 providentie
709 3758 761 3801 sua
776 3737 930 3821 gubernat.
962 3733 1047 3819 Quae
1061 3757 1133 3800 vero
1146 3739 1255 3802 maiora

98 3849 185 3918 sunt,
215 3839 319 3903 altiore
337 3839 457 3924 quadarn
473 3861 542 3904 cure
560 3851 590 3904 ct
605 3841 746 3925 spiritali,
779 3860 853 3926 quen
870 3840 984 3904 illorum
1003 3851 1134 3904 naturam
1151 3863 1255 3904 couse-

97 3943 216 4029 quitur‚
249 3942 443 4006 administret.
490 3938 729 4006 Concluderrdum
753 3943 841 4027 igitur
864 3953 909 4007 cst
931 3943 1054 4006 cundem
1073 3943 1254 4007 conditorem

99 4057 131 4109 et
153 4045 285 4130 opificem
306 4067 340 4108 ac
363 4044 558 4129 legislatorem
582 4066 649 4109 esse
673 4047 783 4110 veteris
804 4067 839 4108 ec
861 4046 929 4110 nori
952 4046 1137 4126 testamenti,
1169 4047 1254 4110 deum

98 4149 226 4228 bonum,
254 4149 430 4226 etinctum,
456 4148 717 4234 uniuersorumque
740 4149 898 4214 domicum.

132 4301 174 4355 22.
191 4304 257 4354 Libri
279 4303 362 4353 babent
384 4299 610 4368 ἐπικουρσυμένσυς.
628 4331 659 4342 -
728 4300 769 4356 24.
789 4305 862 4355 Verbo
884 4302 920 4356 El
941 4291 983 4356 cir
1001 4299 1047 4358 eto
1065 4301 1185 4366 στρουθία
1202 4321 1254 4357 πω·

96 4377 146 4425 Pro
161 4368 277 4440 κτήνεσιν
293 4375 319 4422 tu
336 4373 386 4422 con
401 4371 498 4434 Μία.
522 4377 586 4422 catut
608 4371 660 4425 uri·
694 4377 772 4426 λείται
789 4366 910 4439 ἀσσαρίου
929 4369 1000 4434 ἑνὸς,
1017 4387 1076 4436 quoe
1094 4375 1255 4424 metuerentur

100 4457 179 4494 cecis.
692 4445 717 4492 iu
741 4444 809 4492 editis
829 4447 850 4492 et
872 4444 897 4492 in
918 4443 969 4491 cod.
983 4443 1095 4503 fierdun,
1118 4445 1208 4492 restitui
1225 4457 1254 4492 ec

132 4508 174 4560 2³.
192 4503 263 4561 κάτω
274 4511 381 4570 rescripsi
393 4523 446 4562 cum
455 4511 603 4574 Petobioprc
613 4527 657 4562 κα·
693 4513 829 4562 cuctmitcte
845 4511 895 4561 cccl.
912 4511 1027 4560 Vnitcnni.

97 4573 130 4632 rei
146 4573 193 4642 τὸ,
210 4578 273 4640 quon
290 4579 343 4626 tiber·
358 4580 463 4630 retinent.
