<?xml version="1.0" encoding="UTF-8"?>
<!DOCTYPE html PUBLIC "-//W3C//DTD XHTML 1.0 Transitional//EN"
    "http://www.w3.org/TR/xhtml1/DTD/xhtml1-transitional.dtd">
<html xmlns="http://www.w3.org/1999/xhtml" xml:lang="en" lang="en">
 <head>
  <title>
</title>
<meta http-equiv="Content-Type" content="text/html;charset=utf-8" />
  <meta name='ocr-system' content='tesseract 3.04.00' />
  <meta name='ocr-capabilities' content='ocr_page ocr_carea ocr_par ocr_line ocrx_word'/>
</head>
<body>
  <div class='ocr_page' id='page_1' title='image "./corporishaerese01oehlgoog_0478.png"; bbox 0 0 3106 4990; ppageno 0'>
   <div class='ocr_carea' id='block_1_1' title="bbox 326 253 1226 335">
    <p class='ocr_par' dir='ltr' id='par_1_1' title="bbox 326 253 1226 335">
     <span class='ocr_line' id='line_1_1' title="bbox 326 253 1226 335; baseline 0.003 -5"><span class='ocrx_word' id='word_1_1' title='bbox 326 279 460 330; x_wconf 84' lang='lat' dir='ltr'><strong>rnunnu</strong></span> <span class='ocrx_word' id='word_1_2' title='bbox 478 279 540 330; x_wconf 84' lang='lat' dir='ltr'><strong>mn</strong></span> <span class='ocrx_word' id='word_1_3' title='bbox 553 281 571 330; x_wconf 89' lang='lat' dir='ltr'><strong>r.</strong></span> <span class='ocrx_word' id='word_1_4' title='bbox 588 280 668 330; x_wconf 87' lang='lat' dir='ltr'><strong>rou.</strong></span> <span class='ocrx_word' id='word_1_5' title='bbox 680 253 844 335; x_wconf 83' lang='lat' dir='ltr'><strong>ttt.&#39;unan.</strong></span> <span class='ocrx_word' id='word_1_6' title='bbox 855 281 983 333; x_wconf 81' lang='lat' dir='ltr'><strong>xxxiv.</strong></span> <span class='ocrx_word' id='word_1_7' title='bbox 1165 269 1226 333; x_wconf 78' lang='lat' dir='ltr'><strong>loe</strong></span> 
     </span>
    </p>
   </div>
   <div class='ocr_carea' id='block_1_2' title="bbox 79 399 1229 694">
    <p class='ocr_par' dir='ltr' id='par_1_2' title="bbox 79 399 1229 694">
     <span class='ocr_line' id='line_1_2' title="bbox 79 399 1228 488; baseline -0.001 -21"><span class='ocrx_word' id='word_1_8' title='bbox 79 403 190 488; x_wconf 85' lang='lat' dir='ltr'><strong>tiplices</strong></span> <span class='ocrx_word' id='word_1_9' title='bbox 207 421 349 465; x_wconf 87' lang='lat' dir='ltr'><strong>annorum</strong></span> <span class='ocrx_word' id='word_1_10' title='bbox 366 421 504 464; x_wconf 86' lang='lat' dir='ltr'><strong>numeros</strong></span> <span class='ocrx_word' id='word_1_11' title='bbox 518 400 721 464; x_wconf 82' lang='lat' dir='ltr'><strong>aeternitatem</strong></span> <span class='ocrx_word' id='word_1_12' title='bbox 738 399 815 463; x_wconf 89' lang='lat' dir='ltr'><strong>illam</strong></span> <span class='ocrx_word' id='word_1_13' title='bbox 833 400 1036 480; x_wconf 69' lang='lat' dir='ltr'><strong>distribuisse,</strong></span> <span class='ocrx_word' id='word_1_14' title='bbox 1061 401 1228 466; x_wconf 87' lang='lat' dir='ltr'><strong>existimas·</strong></span> 
     </span>
     <span class='ocr_line' id='line_1_3' title="bbox 79 502 1227 590; baseline 0 -22"><span class='ocrx_word' id='word_1_15' title='bbox 79 525 170 590; x_wconf 86' lang='lat' dir='ltr'><strong>seque</strong></span> <span class='ocrx_word' id='word_1_16' title='bbox 191 525 280 590; x_wconf 89' lang='lat' dir='ltr'><strong>posse</strong></span> <span class='ocrx_word' id='word_1_17' title='bbox 306 523 339 568; x_wconf 87' lang='lat' dir='ltr'><strong>se</strong></span> <span class='ocrx_word' id='word_1_18' title='bbox 367 514 527 587; x_wconf 90' lang='lat' dir='ltr'><strong>temporum</strong></span> <span class='ocrx_word' id='word_1_19' title='bbox 554 513 728 567; x_wconf 88' lang='lat' dir='ltr'><strong>coacervata</strong></span> <span class='ocrx_word' id='word_1_20' title='bbox 748 502 932 569; x_wconf 83' lang='lat' dir='ltr'><strong>multitudiue</strong></span> <span class='ocrx_word' id='word_1_21' title='bbox 956 503 1033 567; x_wconf 90' lang='lat' dir='ltr'><strong>illins</strong></span> <span class='ocrx_word' id='word_1_22' title='bbox 1057 503 1227 568; x_wconf 90' lang='lat' dir='ltr'><strong>inlinitatem</strong></span> 
     </span>
     <span class='ocr_line' id='line_1_4' title="bbox 80 605 1229 694; baseline -0.003 -20"><span class='ocrx_word' id='word_1_23' title='bbox 80 608 211 694; x_wconf 91' lang='lat' dir='ltr'><strong>adipisci.</strong></span> <span class='ocrx_word' id='word_1_24' title='bbox 252 605 302 670; x_wconf 85' lang='lat' dir='ltr'><strong>Ex</strong></span> <span class='ocrx_word' id='word_1_25' title='bbox 320 627 376 691; x_wconf 84' lang='lat' dir='ltr'><strong>quo</strong></span> <span class='ocrx_word' id='word_1_26' title='bbox 394 607 499 670; x_wconf 84' lang='lat' dir='ltr'><strong>lactum</strong></span> <span class='ocrx_word' id='word_1_27' title='bbox 516 605 584 670; x_wconf 89' lang='lat' dir='ltr'><strong>illud</strong></span> <span class='ocrx_word' id='word_1_28' title='bbox 599 605 789 686; x_wconf 69' lang='lat' dir='ltr'><strong>arbitrantur,</strong></span> <span class='ocrx_word' id='word_1_29' title='bbox 811 616 842 669; x_wconf 92' lang='lat' dir='ltr'><strong>ut</strong></span> <span class='ocrx_word' id='word_1_30' title='bbox 857 627 921 670; x_wconf 92' lang='lat' dir='ltr'><strong>cum</strong></span> <span class='ocrx_word' id='word_1_31' title='bbox 936 606 962 668; x_wconf 91' lang='lat' dir='ltr'><strong>ei</strong></span> <span class='ocrx_word' id='word_1_32' title='bbox 977 627 1010 669; x_wconf 91' lang='lat' dir='ltr'><strong>se</strong></span> <span class='ocrx_word' id='word_1_33' title='bbox 1028 605 1145 670; x_wconf 86' lang='lat' dir='ltr'><strong>Veritas</strong></span> <span class='ocrx_word' id='word_1_34' title='bbox 1161 607 1229 670; x_wconf 90' lang='lat' dir='ltr'><strong>sub·</strong></span> 
     </span>
    </p>
   </div>
   <div class='ocr_carea' id='block_1_3' title="bbox 79 706 1385 4050">
    <p class='ocr_par' dir='ltr' id='par_1_3' title="bbox 80 706 1229 897">
     <span class='ocr_line' id='line_1_5' title="bbox 81 706 1229 796; baseline -0.001 -22"><span class='ocrx_word' id='word_1_35' title='bbox 81 711 238 788; x_wconf 76' lang='lat' dir='ltr'><strong>traxisset,</strong></span> <span class='ocrx_word' id='word_1_36' title='bbox 262 719 383 795; x_wconf 88' lang='lat' dir='ltr'><strong>repente</strong></span> <span class='ocrx_word' id='word_1_37' title='bbox 401 708 440 772; x_wconf 91' lang='lat' dir='ltr'><strong>sit</strong></span> <span class='ocrx_word' id='word_1_38' title='bbox 458 708 569 772; x_wconf 80' lang='lat' dir='ltr'><strong>falsitas</strong></span> <span class='ocrx_word' id='word_1_39' title='bbox 587 719 757 772; x_wconf 88' lang='lat' dir='ltr'><strong>consecuta.</strong></span> <span class='ocrx_word' id='word_1_40' title='bbox 804 706 932 793; x_wconf 88' lang='lat' dir='ltr'><strong>ldeoquo</strong></span> <span class='ocrx_word' id='word_1_41' title='bbox 950 709 1101 795; x_wconf 88' lang='lat' dir='ltr'><strong>completis</strong></span> <span class='ocrx_word' id='word_1_42' title='bbox 1119 721 1229 796; x_wconf 86' lang='lat' dir='ltr'><strong>tempo·</strong></span> 
     </span>
     <span class='ocr_line' id='line_1_6' title="bbox 80 810 650 897; baseline -0.005 -21"><span class='ocrx_word' id='word_1_43' title='bbox 80 813 160 879; x_wconf 89' lang='lat' dir='ltr'><strong>ribus</strong></span> <span class='ocrx_word' id='word_1_44' title='bbox 181 812 260 878; x_wconf 88' lang='lat' dir='ltr'><strong>illius</strong></span> <span class='ocrx_word' id='word_1_45' title='bbox 282 833 354 897; x_wconf 89' lang='lat' dir='ltr'><strong>opus</strong></span> <span class='ocrx_word' id='word_1_46' title='bbox 377 832 443 876; x_wconf 89' lang='lat' dir='ltr'><strong>esse</strong></span> <span class='ocrx_word' id='word_1_47' title='bbox 466 810 650 876; x_wconf 86' lang='lat' dir='ltr'><strong>soluendum.</strong></span> 
     </span>
    </p>

    <p class='ocr_par' dir='ltr' id='par_1_4' title="bbox 79 913 1385 3911">
     <span class='ocr_line' id='line_1_7' title="bbox 167 913 1385 999; baseline 0 -17"><span class='ocrx_word' id='word_1_48' title='bbox 167 913 241 982; x_wconf 87' lang='lat' dir='ltr'><strong>Com</strong></span> <span class='ocrx_word' id='word_1_49' title='bbox 265 916 338 980; x_wconf 90' lang='lat' dir='ltr'><strong>baec</strong></span> <span class='ocrx_word' id='word_1_50' title='bbox 361 913 450 999; x_wconf 88' lang='lat' dir='ltr'><strong>igitur</strong></span> <span class='ocrx_word' id='word_1_51' title='bbox 473 913 513 978; x_wconf 88' lang='lat' dir='ltr'><strong>sit</strong></span> <span class='ocrx_word' id='word_1_52' title='bbox 535 915 648 978; x_wconf 89' lang='lat' dir='ltr'><strong>illorum</strong></span> <span class='ocrx_word' id='word_1_53' title='bbox 673 915 709 977; x_wconf 92' lang='lat' dir='ltr'><strong>de</strong></span> <span class='ocrx_word' id='word_1_54' title='bbox 734 913 884 979; x_wconf 79' lang='lat' dir='ltr'><strong>creatione</strong></span> <span class='ocrx_word' id='word_1_55' title='bbox 906 915 1069 994; x_wconf 89' lang='lat' dir='ltr'><strong>sententia,</strong></span> <span class='ocrx_word' id='word_1_56' title='bbox 1103 915 1231 999; x_wconf 88' lang='lat' dir='ltr'><strong>quotidie</strong></span> <span class='ocrx_word' id='word_1_57' title='bbox 1250 926 1311 996; x_wconf 76' lang='lat' dir='ltr'><strong>esp.</strong></span> <span class='ocrx_word' id='word_1_58' title='bbox 1326 927 1385 982; x_wconf 83' lang='lat' dir='ltr'><strong>xv.</strong></span> 
     </span>
     <span class='ocr_line' id='line_1_8' title="bbox 82 1015 1233 1103; baseline 0 -21"><span class='ocrx_word' id='word_1_59' title='bbox 82 1030 178 1083; x_wconf 87' lang='lat' dir='ltr'><strong>tamen</strong></span> <span class='ocrx_word' id='word_1_60' title='bbox 199 1019 325 1103; x_wconf 86' lang='lat' dir='ltr'><strong>singuli,</strong></span> <span class='ocrx_word' id='word_1_61' title='bbox 359 1027 444 1103; x_wconf 90' lang='lat' dir='ltr'><strong>prout</strong></span> <span class='ocrx_word' id='word_1_62' title='bbox 467 1017 589 1101; x_wconf 90' lang='lat' dir='ltr'><strong>quisque</strong></span> <span class='ocrx_word' id='word_1_63' title='bbox 614 1025 728 1102; x_wconf 89' lang='lat' dir='ltr'><strong>polest,</strong></span> <span class='ocrx_word' id='word_1_64' title='bbox 762 1018 831 1081; x_wconf 87' lang='lat' dir='ltr'><strong>noui</strong></span> <span class='ocrx_word' id='word_1_65' title='bbox 853 1015 958 1102; x_wconf 89' lang='lat' dir='ltr'><strong>aliquid</strong></span> <span class='ocrx_word' id='word_1_66' title='bbox 981 1017 1168 1102; x_wconf 83' lang='lat' dir='ltr'><strong>excogitant,</strong></span> <span class='ocrx_word' id='word_1_67' title='bbox 1202 1029 1233 1083; x_wconf 87' lang='lat' dir='ltr'><strong>ut</strong></span> 
     </span>
     <span class='ocr_line' id='line_1_9' title="bbox 80 1117 1232 1205; baseline 0 -19"><span class='ocrx_word' id='word_1_68' title='bbox 80 1143 166 1186; x_wconf 86' lang='lat' dir='ltr'><strong>nemo</strong></span> <span class='ocrx_word' id='word_1_69' title='bbox 185 1122 224 1186; x_wconf 86' lang='lat' dir='ltr'><strong>sit</strong></span> <span class='ocrx_word' id='word_1_70' title='bbox 239 1122 317 1185; x_wconf 88' lang='lat' dir='ltr'><strong>inter</strong></span> <span class='ocrx_word' id='word_1_71' title='bbox 334 1140 386 1184; x_wconf 87' lang='lat' dir='ltr'><strong>eos</strong></span> <span class='ocrx_word' id='word_1_72' title='bbox 405 1119 529 1204; x_wconf 89' lang='lat' dir='ltr'><strong>denique</strong></span> <span class='ocrx_word' id='word_1_73' title='bbox 547 1121 693 1204; x_wconf 84' lang='lat' dir='ltr'><strong>perlectus</strong></span> <span class='ocrx_word' id='word_1_74' title='bbox 710 1117 758 1204; x_wconf 89' lang='lat' dir='ltr'><strong>qui</strong></span> <span class='ocrx_word' id='word_1_75' title='bbox 777 1141 833 1184; x_wconf 91' lang='lat' dir='ltr'><strong>non</strong></span> <span class='ocrx_word' id='word_1_76' title='bbox 850 1120 967 1203; x_wconf 83' lang='lat' dir='ltr'><strong>insigne</strong></span> <span class='ocrx_word' id='word_1_77' title='bbox 984 1121 1098 1205; x_wconf 87' lang='lat' dir='ltr'><strong>aliquod</strong></span> <span class='ocrx_word' id='word_1_78' title='bbox 1113 1121 1232 1186; x_wconf 89' lang='lat' dir='ltr'><strong>menda·</strong></span> 
     </span>
     <span class='ocr_line' id='line_1_10' title="bbox 80 1207 1296 1308; baseline 0 -20"><span class='ocrx_word' id='word_1_79' title='bbox 80 1226 157 1290; x_wconf 88' lang='lat' dir='ltr'><strong>cium</strong></span> <span class='ocrx_word' id='word_1_80' title='bbox 180 1223 260 1288; x_wconf 75' lang='lat' dir='ltr'><strong>velot</strong></span> <span class='ocrx_word' id='word_1_81' title='bbox 285 1224 406 1288; x_wconf 88' lang='lat' dir='ltr'><strong>lructum</strong></span> <span class='ocrx_word' id='word_1_82' title='bbox 429 1223 569 1308; x_wconf 77' lang='lat' dir='ltr'><strong>proferat.</strong></span> <span class='ocrx_word' id='word_1_83' title='bbox 615 1221 704 1286; x_wconf 91' lang='lat' dir='ltr'><strong>Nuuc</strong></span> <span class='ocrx_word' id='word_1_84' title='bbox 726 1243 802 1306; x_wconf 87' lang='lat' dir='ltr'><strong>quae</strong></span> <span class='ocrx_word' id='word_1_85' title='bbox 824 1244 862 1286; x_wconf 82' lang='lat' dir='ltr'><strong>ea</strong></span> <span class='ocrx_word' id='word_1_86' title='bbox 884 1223 1086 1307; x_wconf 86' lang='lat' dir='ltr'><strong>prophetarum</strong></span> <span class='ocrx_word' id='word_1_87' title='bbox 1105 1223 1233 1288; x_wconf 88' lang='lat' dir='ltr'><strong>oraculis</strong></span> <span class='ocrx_word' id='word_1_88' title='bbox 1291 1207 1296 1218; x_wconf 59' lang='grc'><strong>’</strong></span> 
     </span>
     <span class='ocr_line' id='line_1_11' title="bbox 79 1325 1300 1412; baseline -0.002 -20"><span class='ocrx_word' id='word_1_89' title='bbox 79 1329 114 1392; x_wconf 87' lang='lat' dir='ltr'><strong>ad</strong></span> <span class='ocrx_word' id='word_1_90' title='bbox 132 1347 202 1392; x_wconf 89' lang='lat' dir='ltr'><strong>snos</strong></span> <span class='ocrx_word' id='word_1_91' title='bbox 218 1347 324 1390; x_wconf 87' lang='lat' dir='ltr'><strong>sensus</strong></span> <span class='ocrx_word' id='word_1_92' title='bbox 342 1326 564 1390; x_wconf 84' lang='lat' dir='ltr'><strong>accommodare</strong></span> <span class='ocrx_word' id='word_1_93' title='bbox 584 1325 750 1390; x_wconf 85' lang='lat' dir='ltr'><strong>testimonia</strong></span> <span class='ocrx_word' id='word_1_94' title='bbox 771 1325 878 1406; x_wconf 90' lang='lat' dir='ltr'><strong>solent,</strong></span> <span class='ocrx_word' id='word_1_95' title='bbox 903 1327 1155 1390; x_wconf 88' lang='lat' dir='ltr'><strong>commemoranda</strong></span> <span class='ocrx_word' id='word_1_96' title='bbox 1176 1327 1234 1412; x_wconf 88' lang='lat' dir='ltr'><strong>pri·</strong></span> <span class='ocrx_word' id='word_1_97' title='bbox 1295 1380 1300 1390; x_wconf 93' lang='lat'><em>.</em></span> 
     </span>
     <span class='ocr_line' id='line_1_12' title="bbox 79 1425 1235 1516; baseline -0.003 -21"><span class='ocrx_word' id='word_1_98' title='bbox 79 1453 177 1510; x_wconf 91' lang='lat' dir='ltr'><strong>mom,</strong></span> <span class='ocrx_word' id='word_1_99' title='bbox 209 1429 313 1494; x_wconf 89' lang='lat' dir='ltr'><strong>deiude</strong></span> <span class='ocrx_word' id='word_1_100' title='bbox 333 1429 489 1492; x_wconf 78' lang='lat' dir='ltr'><strong>refellenda</strong></span> <span class='ocrx_word' id='word_1_101' title='bbox 508 1437 588 1493; x_wconf 88' lang='lat' dir='ltr'><strong>sunt.</strong></span> <span class='ocrx_word' id='word_1_102' title='bbox 632 1425 757 1514; x_wconf 85' lang='lat' dir='ltr'><strong>Moyses</strong></span> <span class='ocrx_word' id='word_1_103' title='bbox 775 1429 869 1510; x_wconf 87' lang='lat' dir='ltr'><strong>enim,</strong></span> <span class='ocrx_word' id='word_1_104' title='bbox 900 1429 1033 1514; x_wconf 85' lang='lat' dir='ltr'><strong>inquiunt</strong></span> <span class='ocrx_word' id='word_1_105' title='bbox 1050 1431 1158 1516; x_wconf 92' lang='lat' dir='ltr'><strong>inipso</strong></span> <span class='ocrx_word' id='word_1_106' title='bbox 1176 1441 1235 1493; x_wconf 88' lang='lat' dir='ltr'><strong>sta·</strong></span> 
     </span>
     <span class='ocr_line' id='line_1_13' title="bbox 80 1530 1233 1619; baseline -0.002 -21"><span class='ocrx_word' id='word_1_107' title='bbox 80 1537 132 1598; x_wconf 88' lang='lat' dir='ltr'><strong>tim</strong></span> <span class='ocrx_word' id='word_1_108' title='bbox 149 1535 248 1619; x_wconf 87' lang='lat' dir='ltr'><strong>operis</strong></span> <span class='ocrx_word' id='word_1_109' title='bbox 264 1533 361 1610; x_wconf 88' lang='lat' dir='ltr'><strong>aditu,</strong></span> <span class='ocrx_word' id='word_1_110' title='bbox 384 1532 494 1616; x_wconf 84' lang='lat' dir='ltr'><strong>quode</strong></span> <span class='ocrx_word' id='word_1_111' title='bbox 512 1551 609 1594; x_wconf 87' lang='lat' dir='ltr'><strong>rerum</strong></span> <span class='ocrx_word' id='word_1_112' title='bbox 628 1530 778 1594; x_wconf 75' lang='lat' dir='ltr'><strong>creatione</strong></span> <span class='ocrx_word' id='word_1_113' title='bbox 795 1531 937 1616; x_wconf 91' lang='lat' dir='ltr'><strong>disputat,</strong></span> <span class='ocrx_word' id='word_1_114' title='bbox 962 1533 1088 1596; x_wconf 88' lang='lat' dir='ltr'><strong>omnium</strong></span> <span class='ocrx_word' id='word_1_115' title='bbox 1107 1531 1233 1599; x_wconf 85' lang='lat' dir='ltr'><strong>Matrem</strong></span> 
     </span>
     <span class='ocr_line' id='line_1_14' title="bbox 80 1633 1369 1716; baseline -0.001 -17"><span class='ocrx_word' id='word_1_116' title='bbox 80 1643 309 1714; x_wconf 86' lang='lat' dir='ltr'><strong>commemorat,</strong></span> <span class='ocrx_word' id='word_1_117' title='bbox 333 1634 377 1696; x_wconf 90' lang='lat' dir='ltr'><strong>bis</strong></span> <span class='ocrx_word' id='word_1_118' title='bbox 394 1633 511 1698; x_wconf 78' lang='lat' dir='ltr'><strong>uerbis:</strong></span> <span class='ocrx_word' id='word_1_119' title='bbox 542 1639 577 1696; x_wconf 88' lang='lat' dir='ltr'><strong>In</strong></span> <span class='ocrx_word' id='word_1_120' title='bbox 589 1639 731 1716; x_wconf 71' lang='lat' dir='ltr'><strong>praeripio</strong></span> <span class='ocrx_word' id='word_1_121' title='bbox 746 1639 854 1696; x_wconf 79' lang='lat' dir='ltr'><strong>creauit</strong></span> <span class='ocrx_word' id='word_1_122' title='bbox 867 1639 936 1698; x_wconf 85' lang='lat' dir='ltr'><strong>deus</strong></span> <span class='ocrx_word' id='word_1_123' title='bbox 950 1640 1055 1712; x_wconf 77' lang='lat' dir='ltr'><strong>cocleam</strong></span> <span class='ocrx_word' id='word_1_124' title='bbox 1072 1649 1102 1698; x_wconf 82' lang='lat' dir='ltr'><strong>ec</strong></span> <span class='ocrx_word' id='word_1_125' title='bbox 1114 1649 1230 1699; x_wconf 85' lang='lat' dir='ltr'><strong>terrem.</strong></span> <span class='ocrx_word' id='word_1_126' title='bbox 1247 1652 1304 1697; x_wconf 77' lang='lat' dir='ltr'><strong>uon.</strong></span> <span class='ocrx_word' id='word_1_127' title='bbox 1317 1655 1338 1709; x_wconf 87' lang='lat'><strong>1,</strong></span> <span class='ocrx_word' id='word_1_128' title='bbox 1349 1655 1369 1698; x_wconf 88' lang='lat' dir='ltr'><strong>t.</strong></span> 
     </span>
     <span class='ocr_line' id='line_1_15' title="bbox 79 1735 1235 1823; baseline -0.001 -20"><span class='ocrx_word' id='word_1_129' title='bbox 79 1737 140 1804; x_wconf 89' lang='lat' dir='ltr'><strong>Ubi</strong></span> <span class='ocrx_word' id='word_1_130' title='bbox 158 1759 224 1802; x_wconf 88' lang='lat' dir='ltr'><strong>cnm</strong></span> <span class='ocrx_word' id='word_1_131' title='bbox 242 1748 367 1823; x_wconf 86' lang='lat' dir='ltr'><strong>quotuor</strong></span> <span class='ocrx_word' id='word_1_132' title='bbox 383 1736 439 1800; x_wconf 89' lang='lat' dir='ltr'><strong>ista</strong></span> <span class='ocrx_word' id='word_1_133' title='bbox 457 1735 631 1815; x_wconf 89' lang='lat' dir='ltr'><strong>nominarit,</strong></span> <span class='ocrx_word' id='word_1_134' title='bbox 655 1737 758 1817; x_wconf 91' lang='lat' dir='ltr'><strong>deum,</strong></span> <span class='ocrx_word' id='word_1_135' title='bbox 783 1737 971 1823; x_wconf 88' lang='lat' dir='ltr'><strong>principium,</strong></span> <span class='ocrx_word' id='word_1_136' title='bbox 996 1739 1108 1803; x_wconf 91' lang='lat' dir='ltr'><strong>coelum</strong></span> <span class='ocrx_word' id='word_1_137' title='bbox 1128 1761 1161 1802; x_wconf 89' lang='lat' dir='ltr'><strong>ae</strong></span> <span class='ocrx_word' id='word_1_138' title='bbox 1177 1751 1235 1802; x_wconf 88' lang='lat' dir='ltr'><strong>ler-</strong></span> 
     </span>
     <span class='ocr_line' id='line_1_16' title="bbox 80 1838 1236 1924; baseline -0.001 -18"><span class='ocrx_word' id='word_1_139' title='bbox 80 1865 163 1920; x_wconf 80' lang='lat' dir='ltr'><strong>nam,</strong></span> <span class='ocrx_word' id='word_1_140' title='bbox 195 1861 277 1906; x_wconf 87' lang='lat' dir='ltr'><strong>suam</strong></span> <span class='ocrx_word' id='word_1_141' title='bbox 301 1850 438 1904; x_wconf 86' lang='lat' dir='ltr'><strong>asserunt</strong></span> <span class='ocrx_word' id='word_1_142' title='bbox 460 1839 700 1924; x_wconf 86' lang='lat' dir='ltr'><strong>comprehensam</strong></span> <span class='ocrx_word' id='word_1_143' title='bbox 724 1860 791 1904; x_wconf 87' lang='lat' dir='ltr'><strong>esse</strong></span> <span class='ocrx_word' id='word_1_144' title='bbox 812 1838 981 1903; x_wconf 83' lang='lat' dir='ltr'><strong>Tetradem.</strong></span> <span class='ocrx_word' id='word_1_145' title='bbox 1028 1838 1113 1924; x_wconf 82' lang='lat' dir='ltr'><strong>Quod</strong></span> <span class='ocrx_word' id='word_1_146' title='bbox 1139 1852 1236 1905; x_wconf 77' lang='lat' dir='ltr'><strong>alitem</strong></span> 
     </span>
     <span class='ocr_line' id='line_1_17' title="bbox 81 1941 1232 2029; baseline -0.001 -21"><span class='ocrx_word' id='word_1_147' title='bbox 81 1945 198 2008; x_wconf 85' lang='lat' dir='ltr'><strong>occulta</strong></span> <span class='ocrx_word' id='word_1_148' title='bbox 215 1943 315 2008; x_wconf 86' lang='lat' dir='ltr'><strong>eadem</strong></span> <span class='ocrx_word' id='word_1_149' title='bbox 330 1943 380 2006; x_wconf 93' lang='lat' dir='ltr'><strong>illa</strong></span> <span class='ocrx_word' id='word_1_150' title='bbox 397 1962 452 2006; x_wconf 88' lang='lat' dir='ltr'><strong>nec</strong></span> <span class='ocrx_word' id='word_1_151' title='bbox 466 1941 652 2028; x_wconf 77' lang='lat' dir='ltr'><strong>aspectabilis</strong></span> <span class='ocrx_word' id='word_1_152' title='bbox 666 1942 705 2006; x_wconf 88' lang='lat' dir='ltr'><strong>sit</strong></span> <span class='ocrx_word' id='word_1_153' title='bbox 720 1943 748 2006; x_wconf 91' lang='lat' dir='ltr'><strong>id</strong></span> <span class='ocrx_word' id='word_1_154' title='bbox 763 1943 952 2026; x_wconf 88' lang='lat' dir='ltr'><strong>sequentibus</strong></span> <span class='ocrx_word' id='word_1_155' title='bbox 969 1943 1067 2007; x_wconf 88' lang='lat' dir='ltr'><strong>verbis</strong></span> <span class='ocrx_word' id='word_1_156' title='bbox 1084 1944 1232 2029; x_wconf 85' lang='lat' dir='ltr'><strong>attigisse:</strong></span> 
     </span>
     <span class='ocr_line' id='line_1_18' title="bbox 85 2041 1234 2129; baseline 0 -19"><span class='ocrx_word' id='word_1_157' title='bbox 85 2052 177 2110; x_wconf 83' lang='lat' dir='ltr'><strong>Terra</strong></span> <span class='ocrx_word' id='word_1_158' title='bbox 193 2058 286 2109; x_wconf 85' lang='lat' dir='ltr'><strong>aulem</strong></span> <span class='ocrx_word' id='word_1_159' title='bbox 307 2057 372 2108; x_wconf 83' lang='lat' dir='ltr'><strong>erut</strong></span> <span class='ocrx_word' id='word_1_160' title='bbox 386 2047 534 2110; x_wconf 70' lang='lat' dir='ltr'><strong>inusitate</strong></span> <span class='ocrx_word' id='word_1_161' title='bbox 556 2058 586 2108; x_wconf 86' lang='lat' dir='ltr'><strong>at</strong></span> <span class='ocrx_word' id='word_1_162' title='bbox 603 2049 741 2129; x_wconf 82' lang='lat' dir='ltr'><strong>rirscrmr&#39;s.</strong></span> <span class='ocrx_word' id='word_1_163' title='bbox 790 2041 954 2109; x_wconf 89' lang='lat' dir='ltr'><strong>Secundam</strong></span> <span class='ocrx_word' id='word_1_164' title='bbox 973 2065 1045 2110; x_wconf 87' lang='lat' dir='ltr'><strong>vero</strong></span> <span class='ocrx_word' id='word_1_165' title='bbox 1063 2043 1234 2127; x_wconf 82' lang='lat' dir='ltr'><strong>Tetradem,</strong></span> 
     </span>
     <span class='ocr_line' id='line_1_19' title="bbox 80 2146 1237 2236; baseline -0.001 -23"><span class='ocrx_word' id='word_1_166' title='bbox 80 2150 132 2236; x_wconf 88' lang='lat' dir='ltr'><strong>qni</strong></span> <span class='ocrx_word' id='word_1_167' title='bbox 153 2149 259 2235; x_wconf 90' lang='lat' dir='ltr'><strong>prioris</strong></span> <span class='ocrx_word' id='word_1_168' title='bbox 278 2151 434 2228; x_wconf 82' lang='lat' dir='ltr'><strong>caliclos,</strong></span> <span class='ocrx_word' id='word_1_169' title='bbox 465 2147 510 2212; x_wconf 88' lang='lat' dir='ltr'><strong>sic</strong></span> <span class='ocrx_word' id='word_1_170' title='bbox 526 2146 654 2234; x_wconf 79' lang='lat' dir='ltr'><strong>Moysen</strong></span> <span class='ocrx_word' id='word_1_171' title='bbox 671 2148 856 2233; x_wconf 86' lang='lat' dir='ltr'><strong>expressisse</strong></span> <span class='ocrx_word' id='word_1_172' title='bbox 872 2148 1037 2226; x_wconf 86' lang='lat' dir='ltr'><strong>declarant,</strong></span> <span class='ocrx_word' id='word_1_173' title='bbox 1069 2170 1132 2212; x_wconf 89' lang='lat' dir='ltr'><strong>eum</strong></span> <span class='ocrx_word' id='word_1_174' title='bbox 1149 2149 1237 2235; x_wconf 82' lang='lat' dir='ltr'><strong>abys-</strong></span> 
     </span>
     <span class='ocr_line' id='line_1_20' title="bbox 80 2250 1302 2336; baseline -0.001 -18"><span class='ocrx_word' id='word_1_175' title='bbox 80 2275 148 2318; x_wconf 87' lang='lat' dir='ltr'><strong>sum</strong></span> <span class='ocrx_word' id='word_1_176' title='bbox 171 2263 202 2316; x_wconf 86' lang='lat' dir='ltr'><strong>et</strong></span> <span class='ocrx_word' id='word_1_177' title='bbox 220 2251 374 2330; x_wconf 85' lang='lat' dir='ltr'><strong>tenebras,</strong></span> <span class='ocrx_word' id='word_1_178' title='bbox 404 2272 508 2336; x_wconf 87' lang='lat' dir='ltr'><strong>aquam</strong></span> <span class='ocrx_word' id='word_1_179' title='bbox 532 2262 619 2335; x_wconf 89' lang='lat' dir='ltr'><strong>atque</strong></span> <span class='ocrx_word' id='word_1_180' title='bbox 639 2251 822 2315; x_wconf 88' lang='lat' dir='ltr'><strong>incubantem</strong></span> <span class='ocrx_word' id='word_1_181' title='bbox 846 2251 929 2335; x_wconf 89' lang='lat' dir='ltr'><strong>aquis</strong></span> <span class='ocrx_word' id='word_1_182' title='bbox 952 2250 1084 2336; x_wconf 88' lang='lat' dir='ltr'><strong>spiritum</strong></span> <span class='ocrx_word' id='word_1_183' title='bbox 1105 2252 1238 2315; x_wconf 92' lang='lat' dir='ltr'><strong>nomina·</strong></span> <span class='ocrx_word' id='word_1_184' title='bbox 1299 2301 1302 2318; x_wconf 88' lang='lat'>.</span> 
     </span>
     <span class='ocr_line' id='line_1_21' title="bbox 79 2351 1238 2439; baseline -0.002 -19"><span class='ocrx_word' id='word_1_185' title='bbox 79 2357 138 2420; x_wconf 84' lang='lat' dir='ltr'><strong>uit.</strong></span> <span class='ocrx_word' id='word_1_186' title='bbox 184 2351 293 2420; x_wconf 79' lang='lat' dir='ltr'><strong>Postea</strong></span> <span class='ocrx_word' id='word_1_187' title='bbox 309 2351 437 2418; x_wconf 84' lang='lat' dir='ltr'><strong>Decedis</strong></span> <span class='ocrx_word' id='word_1_188' title='bbox 452 2375 568 2439; x_wconf 82' lang='lat' dir='ltr'><strong>quoqne</strong></span> <span class='ocrx_word' id='word_1_189' title='bbox 585 2354 760 2418; x_wconf 89' lang='lat' dir='ltr'><strong>mentionem</strong></span> <span class='ocrx_word' id='word_1_190' title='bbox 773 2353 879 2416; x_wconf 91' lang='lat' dir='ltr'><strong>ibidem</strong></span> <span class='ocrx_word' id='word_1_191' title='bbox 897 2353 976 2434; x_wconf 88' lang='lat' dir='ltr'><strong>lieri,</strong></span> <span class='ocrx_word' id='word_1_192' title='bbox 1001 2375 1064 2416; x_wconf 89' lang='lat' dir='ltr'><strong>oum</strong></span> <span class='ocrx_word' id='word_1_193' title='bbox 1082 2355 1150 2432; x_wconf 83' lang='lat' dir='ltr'><strong>lux,</strong></span> <span class='ocrx_word' id='word_1_194' title='bbox 1175 2353 1238 2418; x_wconf 89' lang='lat' dir='ltr'><strong>dies</strong></span> 
     </span>
     <span class='ocr_line' id='line_1_22' title="bbox 81 2455 1239 2541; baseline -0.002 -19"><span class='ocrx_word' id='word_1_195' title='bbox 81 2469 207 2537; x_wconf 79' lang='lat' dir='ltr'><strong>atrox,</strong></span> <span class='ocrx_word' id='word_1_196' title='bbox 231 2457 455 2536; x_wconf 81' lang='lat' dir='ltr'><strong>firmamentum,</strong></span> <span class='ocrx_word' id='word_1_197' title='bbox 479 2477 616 2541; x_wconf 81' lang='lat' dir='ltr'><strong>vespera,</strong></span> <span class='ocrx_word' id='word_1_198' title='bbox 640 2476 736 2536; x_wconf 90' lang='lat' dir='ltr'><strong>mane,</strong></span> <span class='ocrx_word' id='word_1_199' title='bbox 760 2457 859 2535; x_wconf 89' lang='lat' dir='ltr'><strong>arida,</strong></span> <span class='ocrx_word' id='word_1_200' title='bbox 882 2477 980 2534; x_wconf 86' lang='lat' dir='ltr'><strong>mare,</strong></span> <span class='ocrx_word' id='word_1_201' title='bbox 1006 2455 1112 2536; x_wconf 86' lang='lat' dir='ltr'><strong>herba,</strong></span> <span class='ocrx_word' id='word_1_202' title='bbox 1135 2477 1169 2520; x_wconf 88' lang='lat' dir='ltr'><strong>oc</strong></span> <span class='ocrx_word' id='word_1_203' title='bbox 1188 2456 1239 2520; x_wconf 90' lang='lat' dir='ltr'><strong>de·</strong></span> 
     </span>
     <span class='ocr_line' id='line_1_23' title="bbox 81 2557 1239 2646; baseline -0.003 -20"><span class='ocrx_word' id='word_1_204' title='bbox 81 2561 163 2626; x_wconf 88' lang='lat' dir='ltr'><strong>eimn</strong></span> <span class='ocrx_word' id='word_1_205' title='bbox 179 2559 296 2624; x_wconf 71' lang='lat' dir='ltr'><strong>undem</strong></span> <span class='ocrx_word' id='word_1_206' title='bbox 312 2559 377 2624; x_wconf 88' lang='lat' dir='ltr'><strong>loeo</strong></span> <span class='ocrx_word' id='word_1_207' title='bbox 395 2560 502 2643; x_wconf 88' lang='lat' dir='ltr'><strong>liguum</strong></span> <span class='ocrx_word' id='word_1_208' title='bbox 519 2559 700 2646; x_wconf 82' lang='lat' dir='ltr'><strong>proponitur.</strong></span> <span class='ocrx_word' id='word_1_209' title='bbox 746 2557 801 2622; x_wconf 85' lang='lat' dir='ltr'><strong>llis</strong></span> <span class='ocrx_word' id='word_1_210' title='bbox 817 2559 893 2622; x_wconf 89' lang='lat' dir='ltr'><strong>enim</strong></span> <span class='ocrx_word' id='word_1_211' title='bbox 908 2557 1059 2622; x_wconf 86' lang='lat' dir='ltr'><strong>vocabulis</strong></span> <span class='ocrx_word' id='word_1_212' title='bbox 1075 2559 1175 2622; x_wconf 90' lang='lat' dir='ltr'><strong>decem</strong></span> <span class='ocrx_word' id='word_1_213' title='bbox 1194 2569 1239 2622; x_wconf 91' lang='lat' dir='ltr'><strong>to·</strong></span> 
     </span>
     <span class='ocr_line' id='line_1_24' title="bbox 82 2659 1240 2748; baseline -0.001 -21"><span class='ocrx_word' id='word_1_214' title='bbox 82 2664 176 2728; x_wconf 88' lang='lat' dir='ltr'><strong>tidem</strong></span> <span class='ocrx_word' id='word_1_215' title='bbox 192 2663 314 2728; x_wconf 79' lang='lat' dir='ltr'><strong>Aeones</strong></span> <span class='ocrx_word' id='word_1_216' title='bbox 333 2662 469 2748; x_wconf 82' lang='lat' dir='ltr'><strong>intelligi.</strong></span> <span class='ocrx_word' id='word_1_217' title='bbox 514 2659 591 2726; x_wconf 90' lang='lat' dir='ltr'><strong>Nam</strong></span> <span class='ocrx_word' id='word_1_218' title='bbox 611 2659 774 2726; x_wconf 85' lang='lat' dir='ltr'><strong>Dodeoadis</strong></span> <span class='ocrx_word' id='word_1_219' title='bbox 796 2660 854 2724; x_wconf 90' lang='lat' dir='ltr'><strong>vim</strong></span> <span class='ocrx_word' id='word_1_220' title='bbox 879 2660 933 2724; x_wconf 88' lang='lat' dir='ltr'><strong>boc</strong></span> <span class='ocrx_word' id='word_1_221' title='bbox 952 2661 1029 2724; x_wconf 91' lang='lat' dir='ltr'><strong>illum</strong></span> <span class='ocrx_word' id='word_1_222' title='bbox 1049 2661 1240 2726; x_wconf 86' lang='lat' dir='ltr'><strong>adumbrasse</strong></span> 
     </span>
     <span class='ocr_line' id='line_1_25' title="bbox 82 2763 1239 2850; baseline 0 -21"><span class='ocrx_word' id='word_1_223' title='bbox 82 2767 174 2830; x_wconf 84' lang='lat' dir='ltr'><strong>modo</strong></span> <span class='ocrx_word' id='word_1_224' title='bbox 193 2765 335 2829; x_wconf 88' lang='lat' dir='ltr'><strong>sentiunt.</strong></span> <span class='ocrx_word' id='word_1_225' title='bbox 381 2763 497 2850; x_wconf 80' lang='lat' dir='ltr'><strong>Quippe</strong></span> <span class='ocrx_word' id='word_1_226' title='bbox 517 2764 607 2828; x_wconf 91' lang='lat' dir='ltr'><strong>solem</strong></span> <span class='ocrx_word' id='word_1_227' title='bbox 631 2773 661 2828; x_wconf 88' lang='lat' dir='ltr'><strong>et</strong></span> <span class='ocrx_word' id='word_1_228' title='bbox 679 2765 790 2842; x_wconf 91' lang='lat' dir='ltr'><strong>lunam,</strong></span> <span class='ocrx_word' id='word_1_229' title='bbox 815 2763 931 2843; x_wconf 86' lang='lat' dir='ltr'><strong>sidera,</strong></span> <span class='ocrx_word' id='word_1_230' title='bbox 956 2773 1163 2848; x_wconf 85' lang='lat' dir='ltr'><strong>tempestates,</strong></span> <span class='ocrx_word' id='word_1_231' title='bbox 1187 2787 1239 2829; x_wconf 89' lang='lat' dir='ltr'><strong>an·</strong></span> 
     </span>
     <span class='ocr_line' id='line_1_26' title="bbox 82 2865 1240 2953; baseline 0 -21"><span class='ocrx_word' id='word_1_232' title='bbox 82 2889 160 2946; x_wconf 91' lang='lat' dir='ltr'><strong>nos,</strong></span> <span class='ocrx_word' id='word_1_233' title='bbox 185 2876 267 2946; x_wconf 86' lang='lat' dir='ltr'><strong>cete,</strong></span> <span class='ocrx_word' id='word_1_234' title='bbox 292 2868 405 2952; x_wconf 86' lang='lat' dir='ltr'><strong>pisces,</strong></span> <span class='ocrx_word' id='word_1_235' title='bbox 430 2865 561 2953; x_wconf 85' lang='lat' dir='ltr'><strong>reptilia,</strong></span> <span class='ocrx_word' id='word_1_236' title='bbox 589 2868 741 2946; x_wconf 81' lang='lat' dir='ltr'><strong>volttcrcs,</strong></span> <span class='ocrx_word' id='word_1_237' title='bbox 765 2867 984 2952; x_wconf 86' lang='lat' dir='ltr'><strong>quadrupedes,</strong></span> <span class='ocrx_word' id='word_1_238' title='bbox 1009 2869 1105 2946; x_wconf 87' lang='lat' dir='ltr'><strong>leras,</strong></span> <span class='ocrx_word' id='word_1_239' title='bbox 1133 2889 1168 2931; x_wconf 91' lang='lat' dir='ltr'><strong>ac</strong></span> <span class='ocrx_word' id='word_1_240' title='bbox 1190 2890 1240 2953; x_wconf 95' lang='lat' dir='ltr'><strong>po-</strong></span> 
     </span>
     <span class='ocr_line' id='line_1_27' title="bbox 82 2969 1239 3056; baseline -0.001 -21"><span class='ocrx_word' id='word_1_241' title='bbox 82 2981 199 3036; x_wconf 85' lang='lat' dir='ltr'><strong>stremo</strong></span> <span class='ocrx_word' id='word_1_242' title='bbox 217 2969 283 3033; x_wconf 89' lang='lat' dir='ltr'><strong>loeo</strong></span> <span class='ocrx_word' id='word_1_243' title='bbox 301 2969 500 3034; x_wconf 88' lang='lat' dir='ltr'><strong>duodecimum</strong></span> <span class='ocrx_word' id='word_1_244' title='bbox 521 2969 664 3034; x_wconf 89' lang='lat' dir='ltr'><strong>bominem</strong></span> <span class='ocrx_word' id='word_1_245' title='bbox 685 2969 891 3056; x_wconf 71' lang='lat' dir='ltr'><strong>proposuisse,</strong></span> <span class='ocrx_word' id='word_1_246' title='bbox 922 2991 1015 3053; x_wconf 89' lang='lat' dir='ltr'><strong>eoque</strong></span> <span class='ocrx_word' id='word_1_247' title='bbox 1034 2972 1118 3034; x_wconf 89' lang='lat' dir='ltr'><strong>modo</strong></span> <span class='ocrx_word' id='word_1_248' title='bbox 1135 2969 1239 3034; x_wconf 86' lang='lat' dir='ltr'><strong>Trice-</strong></span> 
     </span>
     <span class='ocr_line' id='line_1_28' title="bbox 83 3068 1241 3158; baseline -0.003 -20"><span class='ocrx_word' id='word_1_249' title='bbox 83 3074 204 3138; x_wconf 84' lang='lat' dir='ltr'><strong>oarium</strong></span> <span class='ocrx_word' id='word_1_250' title='bbox 225 3093 242 3134; x_wconf 87' lang='lat' dir='ltr'><strong>a</strong></span> <span class='ocrx_word' id='word_1_251' title='bbox 265 3068 374 3158; x_wconf 81' lang='lat' dir='ltr'><strong>Moyse</strong></span> <span class='ocrx_word' id='word_1_252' title='bbox 397 3084 653 3137; x_wconf 86' lang='lat' dir='ltr'><strong>commemoratum</strong></span> <span class='ocrx_word' id='word_1_253' title='bbox 676 3072 859 3137; x_wconf 85' lang='lat' dir='ltr'><strong>existimant.</strong></span> <span class='ocrx_word' id='word_1_254' title='bbox 911 3071 1066 3136; x_wconf 85' lang='lat' dir='ltr'><strong>Hominem</strong></span> <span class='ocrx_word' id='word_1_255' title='bbox 1092 3093 1179 3156; x_wconf 92' lang='lat' dir='ltr'><strong>porro</strong></span> <span class='ocrx_word' id='word_1_256' title='bbox 1204 3073 1241 3135; x_wconf 88' lang='lat' dir='ltr'><strong>ad</strong></span> 
     </span>
     <span class='ocr_line' id='line_1_29' title="bbox 82 3174 1240 3264; baseline -0.005 -22"><span class='ocrx_word' id='word_1_257' title='bbox 82 3195 243 3264; x_wconf 78' lang='lat' dir='ltr'><strong>supremae</strong></span> <span class='ocrx_word' id='word_1_258' title='bbox 260 3175 377 3240; x_wconf 84' lang='lat' dir='ltr'><strong>virtutis</strong></span> <span class='ocrx_word' id='word_1_259' title='bbox 396 3176 547 3260; x_wconf 81' lang='lat' dir='ltr'><strong>exernplar</strong></span> <span class='ocrx_word' id='word_1_260' title='bbox 566 3177 688 3240; x_wconf 89' lang='lat' dir='ltr'><strong>effictum</strong></span> <span class='ocrx_word' id='word_1_261' title='bbox 708 3184 874 3239; x_wconf 88' lang='lat' dir='ltr'><strong>manantem</strong></span> <span class='ocrx_word' id='word_1_262' title='bbox 899 3175 934 3238; x_wconf 91' lang='lat' dir='ltr'><strong>ab</strong></span> <span class='ocrx_word' id='word_1_263' title='bbox 957 3197 1014 3239; x_wconf 81' lang='lat' dir='ltr'><strong>utto</strong></span> <span class='ocrx_word' id='word_1_264' title='bbox 1035 3175 1115 3237; x_wconf 90' lang='lat' dir='ltr'><strong>loute</strong></span> <span class='ocrx_word' id='word_1_265' title='bbox 1133 3174 1190 3237; x_wconf 90' lang='lat' dir='ltr'><strong>vim</strong></span> <span class='ocrx_word' id='word_1_266' title='bbox 1209 3174 1240 3236; x_wconf 91' lang='lat' dir='ltr'><strong>in</strong></span> 
     </span>
     <span class='ocr_line' id='line_1_30' title="bbox 83 3274 1239 3362; baseline -0.006 -17"><span class='ocrx_word' id='word_1_267' title='bbox 83 3301 155 3345; x_wconf 83' lang='lat' dir='ltr'><strong>sese</strong></span> <span class='ocrx_word' id='word_1_268' title='bbox 172 3277 344 3358; x_wconf 85' lang='lat' dir='ltr'><strong>continere,</strong></span> <span class='ocrx_word' id='word_1_269' title='bbox 368 3297 489 3362; x_wconf 83' lang='lat' dir='ltr'><strong>eamque</strong></span> <span class='ocrx_word' id='word_1_270' title='bbox 506 3278 535 3342; x_wconf 91' lang='lat' dir='ltr'><strong>iu</strong></span> <span class='ocrx_word' id='word_1_271' title='bbox 552 3280 674 3342; x_wconf 91' lang='lat' dir='ltr'><strong>cerebro</strong></span> <span class='ocrx_word' id='word_1_272' title='bbox 690 3279 859 3342; x_wconf 87' lang='lat' dir='ltr'><strong>collocatam</strong></span> <span class='ocrx_word' id='word_1_273' title='bbox 874 3297 958 3356; x_wconf 87' lang='lat' dir='ltr'><strong>esse,</strong></span> <span class='ocrx_word' id='word_1_274' title='bbox 983 3299 999 3340; x_wconf 90' lang='lat' dir='ltr'><strong>a</strong></span> <span class='ocrx_word' id='word_1_275' title='bbox 1017 3297 1073 3360; x_wconf 92' lang='lat' dir='ltr'><strong>quo</strong></span> <span class='ocrx_word' id='word_1_276' title='bbox 1089 3274 1239 3338; x_wconf 79' lang='lat' dir='ltr'><strong>facultates</strong></span> 
     </span>
     <span class='ocr_line' id='line_1_31' title="bbox 84 3374 1239 3469; baseline -0.006 -22"><span class='ocrx_word' id='word_1_277' title='bbox 84 3394 215 3469; x_wconf 85' lang='lat' dir='ltr'><strong>quatuor</strong></span> <span class='ocrx_word' id='word_1_278' title='bbox 228 3383 376 3467; x_wconf 84' lang='lat' dir='ltr'><strong>proiectae</strong></span> <span class='ocrx_word' id='word_1_279' title='bbox 392 3381 549 3444; x_wconf 89' lang='lat' dir='ltr'><strong>coelestem</strong></span> <span class='ocrx_word' id='word_1_280' title='bbox 566 3381 644 3444; x_wconf 89' lang='lat' dir='ltr'><strong>illam</strong></span> <span class='ocrx_word' id='word_1_281' title='bbox 658 3379 816 3444; x_wconf 77' lang='lat' dir='ltr'><strong>Tetradem</strong></span> <span class='ocrx_word' id='word_1_282' title='bbox 834 3377 1017 3442; x_wconf 90' lang='lat' dir='ltr'><strong>adumbrant.</strong></span> <span class='ocrx_word' id='word_1_283' title='bbox 1053 3374 1130 3441; x_wconf 85' lang='lat' dir='ltr'><strong>Sunt</strong></span> <span class='ocrx_word' id='word_1_284' title='bbox 1144 3387 1239 3440; x_wconf 90' lang='lat' dir='ltr'><strong>nutem</strong></span> 
     </span>
     <span class='ocr_line' id='line_1_32' title="bbox 83 3476 1240 3567; baseline -0.008 -17"><span class='ocrx_word' id='word_1_285' title='bbox 83 3487 160 3550; x_wconf 80' lang='lat' dir='ltr'><strong>lieo:</strong></span> <span class='ocrx_word' id='word_1_286' title='bbox 191 3484 292 3564; x_wconf 87' lang='lat' dir='ltr'><strong>visos,</strong></span> <span class='ocrx_word' id='word_1_287' title='bbox 324 3484 455 3564; x_wconf 83' lang='lat' dir='ltr'><strong>auditus,</strong></span> <span class='ocrx_word' id='word_1_288' title='bbox 485 3484 609 3549; x_wconf 88' lang='lat' dir='ltr'><strong>ollactus</strong></span> <span class='ocrx_word' id='word_1_289' title='bbox 632 3493 794 3567; x_wconf 88' lang='lat' dir='ltr'><strong>etgustus.</strong></span> <span class='ocrx_word' id='word_1_290' title='bbox 840 3478 1010 3567; x_wconf 82' lang='lat' dir='ltr'><strong>Ogdoadem</strong></span> <span class='ocrx_word' id='word_1_291' title='bbox 1029 3476 1240 3542; x_wconf 79' lang='lat' dir='ltr'><strong>verosiollo·</strong></span> 
     </span>
     <span class='ocr_line' id='line_1_33' title="bbox 83 3581 1240 3671; baseline -0.009 -17"><span class='ocrx_word' id='word_1_292' title='bbox 83 3592 198 3654; x_wconf 86' lang='lat' dir='ltr'><strong>minem</strong></span> <span class='ocrx_word' id='word_1_293' title='bbox 214 3588 329 3650; x_wconf 81' lang='lat' dir='ltr'><strong>reterre</strong></span> <span class='ocrx_word' id='word_1_294' title='bbox 346 3597 494 3654; x_wconf 73' lang='lat' dir='ltr'><strong>statuente</strong></span> <span class='ocrx_word' id='word_1_295' title='bbox 519 3587 594 3671; x_wconf 91' lang='lat' dir='ltr'><strong>qood</strong></span> <span class='ocrx_word' id='word_1_296' title='bbox 613 3596 643 3649; x_wconf 88' lang='lat' dir='ltr'><strong>et</strong></span> <span class='ocrx_word' id='word_1_297' title='bbox 659 3605 746 3650; x_wconf 87' lang='lat' dir='ltr'><strong>aures</strong></span> <span class='ocrx_word' id='word_1_298' title='bbox 763 3585 834 3649; x_wconf 90' lang='lat' dir='ltr'><strong>duas</strong></span> <span class='ocrx_word' id='word_1_299' title='bbox 851 3584 972 3661; x_wconf 87' lang='lat' dir='ltr'><strong>babeat,</strong></span> <span class='ocrx_word' id='word_1_300' title='bbox 997 3581 1155 3666; x_wconf 85' lang='lat' dir='ltr'><strong>oculosque</strong></span> <span class='ocrx_word' id='word_1_301' title='bbox 1173 3581 1240 3646; x_wconf 86' lang='lat' dir='ltr'><strong>toti-</strong></span> 
     </span>
     <span class='ocr_line' id='line_1_34' title="bbox 84 3685 1240 3772; baseline -0.007 -15"><span class='ocrx_word' id='word_1_302' title='bbox 84 3695 175 3770; x_wconf 87' lang='lat' dir='ltr'><strong>dem,</strong></span> <span class='ocrx_word' id='word_1_303' title='bbox 208 3711 296 3755; x_wconf 88' lang='lat' dir='ltr'><strong>nares</strong></span> <span class='ocrx_word' id='word_1_304' title='bbox 312 3691 382 3753; x_wconf 90' lang='lat' dir='ltr'><strong>item</strong></span> <span class='ocrx_word' id='word_1_305' title='bbox 399 3692 434 3755; x_wconf 86' lang='lat' dir='ltr'><strong>ad</strong></span> <span class='ocrx_word' id='word_1_306' title='bbox 451 3691 645 3755; x_wconf 88' lang='lat' dir='ltr'><strong>ollacieudum</strong></span> <span class='ocrx_word' id='word_1_307' title='bbox 664 3690 751 3768; x_wconf 88' lang='lat' dir='ltr'><strong>duas,</strong></span> <span class='ocrx_word' id='word_1_308' title='bbox 783 3709 816 3752; x_wconf 88' lang='lat' dir='ltr'><strong>ac</strong></span> <span class='ocrx_word' id='word_1_309' title='bbox 834 3685 975 3772; x_wconf 91' lang='lat' dir='ltr'><strong>duplicem</strong></span> <span class='ocrx_word' id='word_1_310' title='bbox 991 3695 1124 3770; x_wconf 86' lang='lat' dir='ltr'><strong>gustum,</strong></span> <span class='ocrx_word' id='word_1_311' title='bbox 1149 3686 1240 3749; x_wconf 91' lang='lat' dir='ltr'><strong>amari</strong></span> 
     </span>
     <span class='ocr_line' id='line_1_35' title="bbox 81 3838 1240 3911; baseline -0.005 -13"><span class='ocrx_word' id='word_1_312' title='bbox 81 3847 219 3911; x_wconf 75' lang='lat' dir='ltr'><strong>Eptpbunlt</strong></span> <span class='ocrx_word' id='word_1_313' title='bbox 235 3847 307 3898; x_wconf 79' lang='lat' dir='ltr'><strong>libris.</strong></span> <span class='ocrx_word' id='word_1_314' title='bbox 684 3861 724 3897; x_wconf 85' lang='grc' dir='ltr'><strong>τα.</strong></span> <span class='ocrx_word' id='word_1_315' title='bbox 749 3845 796 3895; x_wconf 82' lang='lat' dir='ltr'><strong>Sed</strong></span> <span class='ocrx_word' id='word_1_316' title='bbox 809 3847 834 3892; x_wconf 84' lang='lat' dir='ltr'><strong>ln</strong></span> <span class='ocrx_word' id='word_1_317' title='bbox 847 3843 897 3892; x_wconf 87' lang='lat' dir='ltr'><strong>eod.</strong></span> <span class='ocrx_word' id='word_1_318' title='bbox 909 3841 1004 3904; x_wconf 72' lang='lat' dir='ltr'><strong>amosa.</strong></span> <span class='ocrx_word' id='word_1_319' title='bbox 1015 3838 1179 3904; x_wconf 77' lang='grc' dir='ltr'>τριακοντάδα</span> <span class='ocrx_word' id='word_1_320' title='bbox 1189 3845 1240 3905; x_wconf 80' lang='lat' dir='ltr'><strong>prl-</strong></span> 
     </span>
    </p>

    <p class='ocr_par' dir='ltr' id='par_1_5' title="bbox 120 3909 1241 4050">
     <span class='ocr_line' id='line_1_36' title="bbox 120 3909 1054 3981; baseline -0.013 -13"><span class='ocrx_word' id='word_1_321' title='bbox 120 3915 147 3968; x_wconf 84' lang='lat'><strong>7.</strong></span> <span class='ocrx_word' id='word_1_322' title='bbox 163 3915 190 3964; x_wconf 83' lang='lat' dir='ltr'><strong>iu</strong></span> <span class='ocrx_word' id='word_1_323' title='bbox 209 3911 295 3981; x_wconf 85' lang='lat' dir='ltr'><strong>quibos</strong></span> <span class='ocrx_word' id='word_1_324' title='bbox 311 3917 387 3966; x_wconf 71' lang='lat' dir='ltr'><strong>umato</strong></span> <span class='ocrx_word' id='word_1_325' title='bbox 404 3919 436 3965; x_wconf 82' lang='lat' dir='ltr'><strong>ert</strong></span> <span class='ocrx_word' id='word_1_326' title='bbox 452 3918 557 3978; x_wconf 80' lang='lat' dir='ltr'><strong>uultque.</strong></span> <span class='ocrx_word' id='word_1_327' title='bbox 684 3917 755 3963; x_wconf 84' lang='lat' dir='ltr'><strong>mltus</strong></span> <span class='ocrx_word' id='word_1_328' title='bbox 770 3915 841 3974; x_wconf 61' lang='lat' dir='ltr'><strong>fuisse</strong></span> <span class='ocrx_word' id='word_1_329' title='bbox 856 3923 942 3959; x_wconf 80' lang='lat' dir='ltr'><strong>mauro</strong></span> <span class='ocrx_word' id='word_1_330' title='bbox 958 3909 1054 3959; x_wconf 83' lang='lat' dir='ltr'><strong>lndleat.</strong></span> 
     </span>
     <span class='ocr_line' id='line_1_37' title="bbox 121 3973 1241 4050; baseline -0.007 -14"><span class='ocrx_word' id='word_1_331' title='bbox 121 3984 148 4036; x_wconf 69' lang='grc'><strong>8</strong></span> <span class='ocrx_word' id='word_1_332' title='bbox 167 3981 225 4050; x_wconf 75' lang='grc' dir='ltr'><strong>φῶς</strong></span> <span class='ocrx_word' id='word_1_333' title='bbox 241 3983 309 4033; x_wconf 83' lang='lat' dir='ltr'><strong>codd.</strong></span> <span class='ocrx_word' id='word_1_334' title='bbox 326 3985 399 4034; x_wconf 86' lang='lat' dir='ltr'><strong>l’otr&#39;e.</strong></span> <span class='ocrx_word' id='word_1_335' title='bbox 419 3985 509 4044; x_wconf 72' lang='lat' dir='ltr'><strong>Venta,</strong></span> <span class='ocrx_word' id='word_1_336' title='bbox 526 3987 547 4032; x_wconf 86' lang='lat' dir='ltr'><strong>el</strong></span> <span class='ocrx_word' id='word_1_337' title='bbox 563 3983 598 4032; x_wconf 76' lang='lat' dir='ltr'><strong>ad.</strong></span> <span class='ocrx_word' id='word_1_338' title='bbox 610 3986 653 4033; x_wconf 83' lang='lat' dir='ltr'><strong>Pa·</strong></span> <span class='ocrx_word' id='word_1_339' title='bbox 722 3984 760 4032; x_wconf 80' lang='lat' dir='ltr'><strong>l‘t.</strong></span> <span class='ocrx_word' id='word_1_340' title='bbox 776 3975 861 4044; x_wconf 74' lang='grc' dir='ltr'><strong>πηγὴν</strong></span> <span class='ocrx_word' id='word_1_341' title='bbox 882 3973 986 4042; x_wconf 73' lang='grc' dir='ltr'>δύναμιν</span> <span class='ocrx_word' id='word_1_342' title='bbox 1010 3980 1077 4028; x_wconf 84' lang='lat' dir='ltr'><strong>codd.</strong></span> <span class='ocrx_word' id='word_1_343' title='bbox 1096 3979 1150 4029; x_wconf 84' lang='lat' dir='ltr'><strong>Ven.</strong></span> <span class='ocrx_word' id='word_1_344' title='bbox 1169 3981 1241 4030; x_wconf 82' lang='lat' dir='ltr'><strong>Volte.</strong></span> 
     </span>
    </p>
   </div>
   <div class='ocr_carea' id='block_1_4' title="bbox 79 4042 1242 4185">
    <p class='ocr_par' dir='ltr' id='par_1_6' title="bbox 79 4042 1242 4185">
     <span class='ocr_line' id='line_1_38' title="bbox 82 4042 1181 4118; baseline -0.009 -14"><span class='ocrx_word' id='word_1_345' title='bbox 82 4060 137 4104; x_wconf 83' lang='lat' dir='ltr'><strong>too.</strong></span> <span class='ocrx_word' id='word_1_346' title='bbox 150 4067 206 4102; x_wconf 76' lang='lat' dir='ltr'><strong>mm</strong></span> <span class='ocrx_word' id='word_1_347' title='bbox 220 4053 403 4114; x_wconf 72' lang='lat' dir='ltr'><strong>Vrelatmprete.</strong></span> <span class='ocrx_word' id='word_1_348' title='bbox 431 4051 522 4118; x_wconf 79' lang='grc' dir='ltr'>σαφῶς</span> <span class='ocrx_word' id='word_1_349' title='bbox 534 4052 585 4100; x_wconf 84' lang='lat' dir='ltr'><strong>cod.</strong></span> <span class='ocrx_word' id='word_1_350' title='bbox 593 4051 652 4102; x_wconf 82' lang='lat' dir='ltr'><strong>llbe-</strong></span> <span class='ocrx_word' id='word_1_351' title='bbox 686 4051 712 4100; x_wconf 88' lang='lat' dir='ltr'><strong>ln</strong></span> <span class='ocrx_word' id='word_1_352' title='bbox 728 4052 822 4111; x_wconf 76' lang='lat' dir='ltr'><strong>reliquls</strong></span> <span class='ocrx_word' id='word_1_353' title='bbox 839 4049 904 4095; x_wconf 75' lang='lat' dir='ltr'><strong>tibris</strong></span> <span class='ocrx_word' id='word_1_354' title='bbox 918 4047 993 4095; x_wconf 87' lang='lat' dir='ltr'><strong>solum</strong></span> <span class='ocrx_word' id='word_1_355' title='bbox 1010 4042 1093 4112; x_wconf 68' lang='grc' dir='ltr'>πηγὴν</span> <span class='ocrx_word' id='word_1_356' title='bbox 1111 4051 1181 4096; x_wconf 78' lang='lat' dir='ltr'><strong>relat.</strong></span> 
     </span>
     <span class='ocr_line' id='line_1_39' title="bbox 79 4110 1242 4185; baseline -0.008 -12"><span class='ocrx_word' id='word_1_357' title='bbox 79 4124 136 4185; x_wconf 72' lang='lat' dir='ltr'><strong>dep.</strong></span> <span class='ocrx_word' id='word_1_358' title='bbox 153 4126 175 4172; x_wconf 81' lang='lat' dir='ltr'><strong>et</strong></span> <span class='ocrx_word' id='word_1_359' title='bbox 190 4121 227 4170; x_wconf 78' lang='lat' dir='ltr'><strong>ed.</strong></span> <span class='ocrx_word' id='word_1_360' title='bbox 242 4123 318 4181; x_wconf 72' lang='lat' dir='ltr'><strong>omne.</strong></span> <span class='ocrx_word' id='word_1_361' title='bbox 723 4117 759 4168; x_wconf 83' lang='lat'><strong>13.</strong></span> <span class='ocrx_word' id='word_1_362' title='bbox 777 4110 871 4178; x_wconf 78' lang='lat' dir='ltr'><strong>radens</strong></span> <span class='ocrx_word' id='word_1_363' title='bbox 888 4115 956 4163; x_wconf 87' lang='lat' dir='ltr'><strong>codd.</strong></span> <span class='ocrx_word' id='word_1_364' title='bbox 969 4117 1043 4164; x_wconf 81' lang='lat' dir='ltr'><strong>Venet.</strong></span> <span class='ocrx_word' id='word_1_365' title='bbox 1059 4117 1130 4164; x_wconf 89' lang='lat' dir='ltr'><strong>l&#39;otlc.</strong></span> <span class='ocrx_word' id='word_1_366' title='bbox 1163 4117 1193 4164; x_wconf 81' lang='lat' dir='ltr'><strong>El</strong></span> <span class='ocrx_word' id='word_1_367' title='bbox 1208 4117 1242 4164; x_wconf 84' lang='lat' dir='ltr'><strong>llo</strong></span> 
     </span>
    </p>
   </div>
   <div class='ocr_carea' id='block_1_5' title="bbox 81 4169 1243 4388">
    <p class='ocr_par' dir='ltr' id='par_1_7' title="bbox 81 4169 1243 4388">
     <span class='ocr_line' id='line_1_40' title="bbox 119 4169 1242 4249; baseline -0.008 -8"><span class='ocrx_word' id='word_1_368' title='bbox 119 4189 146 4241; x_wconf 82' lang='lat' dir='ltr'><strong>u.</strong></span> <span class='ocrx_word' id='word_1_369' title='bbox 164 4185 195 4242; x_wconf 81' lang='lat' dir='ltr'><strong>rb</strong></span> <span class='ocrx_word' id='word_1_370' title='bbox 214 4182 284 4249; x_wconf 68' lang='lat' dir='ltr'><strong>tribou</strong></span> <span class='ocrx_word' id='word_1_371' title='bbox 307 4169 430 4240; x_wconf 52' lang='lat' dir='ltr'><strong>eoelum.</strong></span> <span class='ocrx_word' id='word_1_372' title='bbox 450 4191 522 4238; x_wconf 81' lang='lat' dir='ltr'><strong>Vetto.</strong></span> <span class='ocrx_word' id='word_1_373' title='bbox 556 4190 582 4239; x_wconf 85' lang='lat' dir='ltr'><strong>ln</strong></span> <span class='ocrx_word' id='word_1_374' title='bbox 598 4189 653 4238; x_wconf 79' lang='lat' dir='ltr'><strong>rell·</strong></span> <span class='ocrx_word' id='word_1_375' title='bbox 682 4187 791 4248; x_wconf 86' lang='lat' dir='ltr'><strong>prlmttus</strong></span> <span class='ocrx_word' id='word_1_376' title='bbox 811 4187 881 4234; x_wconf 81' lang='lat' dir='ltr'><strong>attona</strong></span> <span class='ocrx_word' id='word_1_377' title='bbox 900 4186 925 4232; x_wconf 86' lang='lat' dir='ltr'><strong>ln</strong></span> <span class='ocrx_word' id='word_1_378' title='bbox 946 4184 996 4231; x_wconf 85' lang='lat' dir='ltr'><strong>eod.</strong></span> <span class='ocrx_word' id='word_1_379' title='bbox 1012 4183 1108 4246; x_wconf 81' lang='lat' dir='ltr'><strong>Rbedtp.</strong></span> <span class='ocrx_word' id='word_1_380' title='bbox 1130 4187 1242 4244; x_wconf 80' lang='lat' dir='ltr'><strong>scriptum</strong></span> 
     </span>
     <span class='ocr_line' id='line_1_41' title="bbox 81 4251 1243 4322; baseline -0.003 -16"><span class='ocrx_word' id='word_1_381' title='bbox 81 4261 140 4322; x_wconf 76' lang='lat' dir='ltr'><strong>qula</strong></span> <span class='ocrx_word' id='word_1_382' title='bbox 156 4259 225 4306; x_wconf 67' lang='lat' dir='ltr'><strong>turre</strong></span> <span class='ocrx_word' id='word_1_383' title='bbox 242 4259 356 4306; x_wconf 81' lang='lat' dir='ltr'><strong>articulus</strong></span> <span class='ocrx_word' id='word_1_384' title='bbox 371 4271 418 4306; x_wconf 88' lang='lat' dir='ltr'><strong>non</strong></span> <span class='ocrx_word' id='word_1_385' title='bbox 435 4261 561 4319; x_wconf 78' lang='lat' dir='ltr'><strong>oocuparet.</strong></span> <span class='ocrx_word' id='word_1_386' title='bbox 684 4255 754 4315; x_wconf 68' lang='lat' dir='ltr'><strong>subse</strong></span> <span class='ocrx_word' id='word_1_387' title='bbox 767 4253 859 4302; x_wconf 82' lang='lat' dir='ltr'><strong>uldetur</strong></span> <span class='ocrx_word' id='word_1_388' title='bbox 869 4265 913 4314; x_wconf 80' lang='lat' dir='ltr'><strong>pro</strong></span> <span class='ocrx_word' id='word_1_389' title='bbox 927 4251 1016 4314; x_wconf 76' lang='lat' dir='ltr'><strong>rubra,</strong></span> <span class='ocrx_word' id='word_1_390' title='bbox 1029 4265 1087 4313; x_wconf 80' lang='lat' dir='ltr'><strong>quoe</strong></span> <span class='ocrx_word' id='word_1_391' title='bbox 1100 4253 1197 4313; x_wconf 76' lang='lat' dir='ltr'><strong>oulpoto</strong></span> <span class='ocrx_word' id='word_1_392' title='bbox 1209 4256 1243 4302; x_wconf 80' lang='lat' dir='ltr'><strong>est</strong></span> 
     </span>
     <span class='ocr_line' id='line_1_42' title="bbox 122 4321 935 4388; baseline -0.012 -10"><span class='ocrx_word' id='word_1_393' title='bbox 122 4326 220 4378; x_wconf 82' lang='lat' dir='ltr'><strong>1⁰.1lo</strong></span> <span class='ocrx_word' id='word_1_394' title='bbox 236 4326 375 4388; x_wconf 70' lang='lat' dir='ltr'><strong>sculpendo</strong></span> <span class='ocrx_word' id='word_1_395' title='bbox 392 4330 458 4375; x_wconf 74' lang='lat' dir='ltr'><strong>nant</strong></span> <span class='ocrx_word' id='word_1_396' title='bbox 475 4339 504 4376; x_wconf 78' lang='lat' dir='ltr'><strong>ea</strong></span> <span class='ocrx_word' id='word_1_397' title='bbox 521 4325 569 4374; x_wconf 75' lang='lat' dir='ltr'><strong>let.</strong></span> <span class='ocrx_word' id='word_1_398' title='bbox 581 4325 653 4374; x_wconf 82' lang='lat' dir='ltr'><strong>luter·</strong></span> <span class='ocrx_word' id='word_1_399' title='bbox 683 4324 794 4372; x_wconf 77' lang='lat' dir='ltr'><strong>librorum</strong></span> <span class='ocrx_word' id='word_1_400' title='bbox 810 4321 935 4381; x_wconf 75' lang='lat' dir='ltr'><strong>scripturo,</strong></span> 
     </span>
    </p>
   </div>
   <div class='ocr_carea' id='block_1_6' title="bbox 77 4385 1241 4520">
    <p class='ocr_par' dir='ltr' id='par_1_8' title="bbox 77 4385 1241 4520">
     <span class='ocr_line' id='line_1_43' title="bbox 77 4385 1240 4460; baseline -0.006 -15"><span class='ocrx_word' id='word_1_401' title='bbox 77 4401 150 4460; x_wconf 71' lang='lat' dir='ltr'><strong>prete</strong></span> <span class='ocrx_word' id='word_1_402' title='bbox 170 4395 244 4444; x_wconf 81' lang='lat' dir='ltr'><strong>carba</strong></span> <span class='ocrx_word' id='word_1_403' title='bbox 265 4405 325 4455; x_wconf 75' lang='lat' dir='ltr'><strong>cuce</strong></span> <span class='ocrx_word' id='word_1_404' title='bbox 343 4394 415 4456; x_wconf 78' lang='lat' dir='ltr'><strong>culpo</strong></span> <span class='ocrx_word' id='word_1_405' title='bbox 430 4395 539 4457; x_wconf 74' lang='lat' dir='ltr'><strong>teguntur</strong></span> <span class='ocrx_word' id='word_1_406' title='bbox 554 4385 652 4445; x_wconf 76' lang='lat' dir='ltr'><strong>ascensui</strong></span> <span class='ocrx_word' id='word_1_407' title='bbox 720 4386 759 4439; x_wconf 75' lang='lat'><strong>14.</strong></span> <span class='ocrx_word' id='word_1_408' title='bbox 777 4385 873 4456; x_wconf 76' lang='grc' dir='ltr'>ἔχοντος</span> <span class='ocrx_word' id='word_1_409' title='bbox 889 4390 1079 4450; x_wconf 78' lang='lat' dir='ltr'><strong>emendationem,</strong></span> <span class='ocrx_word' id='word_1_410' title='bbox 1094 4401 1166 4449; x_wconf 80' lang='lat' dir='ltr'><strong>quom</strong></span> <span class='ocrx_word' id='word_1_411' title='bbox 1178 4392 1240 4438; x_wconf 80' lang='lat' dir='ltr'><strong>alru-</strong></span> 
     </span>
     <span class='ocr_line' id='line_1_44' title="bbox 79 4457 1241 4520; baseline -0.009 -3"><span class='ocrx_word' id='word_1_412' title='bbox 79 4481 134 4519; x_wconf 79' lang='lat' dir='ltr'><strong>rsou</strong></span> <span class='ocrx_word' id='word_1_413' title='bbox 149 4467 213 4520; x_wconf 71' lang='grc' dir='ltr'><strong>τοῖς·</strong></span> <span class='ocrx_word' id='word_1_414' title='bbox 684 4464 750 4509; x_wconf 86' lang='lat' dir='ltr'><strong>eluro</strong></span> <span class='ocrx_word' id='word_1_415' title='bbox 762 4459 871 4520; x_wconf 86' lang='lat' dir='ltr'><strong>postulat,</strong></span> <span class='ocrx_word' id='word_1_416' title='bbox 885 4457 964 4518; x_wconf 70' lang='lat' dir='ltr'><strong>annae</strong></span> <span class='ocrx_word' id='word_1_417' title='bbox 978 4457 1024 4506; x_wconf 81' lang='lat' dir='ltr'><strong>Vel.</strong></span> <span class='ocrx_word' id='word_1_418' title='bbox 1034 4458 1153 4516; x_wconf 81' lang='lat' dir='ltr'><strong>lulerpres.</strong></span> <span class='ocrx_word' id='word_1_419' title='bbox 1186 4457 1241 4506; x_wconf 86' lang='lat' dir='ltr'><strong>l&#39;el·</strong></span> 
     </span>
    </p>
   </div>
   <div class='ocr_carea' id='block_1_7' title="bbox 122 4521 1040 4676">
    <p class='ocr_par' dir='ltr' id='par_1_9' title="bbox 122 4521 1040 4676">
     <span class='ocr_line' id='line_1_45' title="bbox 122 4521 839 4596; baseline -0.008 -14"><span class='ocrx_word' id='word_1_420' title='bbox 122 4529 162 4582; x_wconf 87' lang='lat' dir='ltr'><strong>ll.</strong></span> <span class='ocrx_word' id='word_1_421' title='bbox 179 4531 468 4593; x_wconf 59' lang='lat' dir='ltr'><strong>superstitiositatem</strong></span> <span class='ocrx_word' id='word_1_422' title='bbox 481 4526 528 4596; x_wconf 72' lang='grc' dir='ltr'><strong>τὴν</strong></span> <span class='ocrx_word' id='word_1_423' title='bbox 541 4523 652 4594; x_wconf 63' lang='lat' dir='ltr'><strong>romeos·</strong></span> <span class='ocrx_word' id='word_1_424' title='bbox 683 4541 713 4589; x_wconf 76' lang='lat' dir='ltr'><strong>po</strong></span> <span class='ocrx_word' id='word_1_425' title='bbox 730 4521 839 4594; x_wconf 69' lang='grc' dir='ltr'><strong>ἔχοντας.</strong></span> 
     </span>
     <span class='ocr_line' id='line_1_46' title="bbox 139 4609 1040 4676; baseline -0.007 -20"><span class='ocrx_word' id='word_1_426' title='bbox 139 4611 231 4668; x_wconf 58' lang='lat' dir='ltr'><strong>&amp;rpus</strong></span> <span class='ocrx_word' id='word_1_427' title='bbox 244 4609 379 4656; x_wconf 70' lang='lat' dir='ltr'><strong>merant.</strong></span> <span class='ocrx_word' id='word_1_428' title='bbox 392 4609 421 4656; x_wconf 89' lang='lat' dir='ltr'><strong>ll.</strong></span> <span class='ocrx_word' id='word_1_429' title='bbox 999 4611 1040 4676; x_wconf 75' lang='lat'><strong>30</strong></span> 
     </span>
    </p>
   </div>
   <div class='ocr_carea' id='block_1_8' title="bbox 0 0 1562 4990">
    <p class='ocr_par' dir='ltr' id='par_1_10' title="bbox 0 0 1562 4990">
     <span class='ocr_line' id='line_1_47' title="bbox 0 0 1562 4990; baseline 0 0"><span class='ocrx_word' id='word_1_430' title='bbox 0 0 1562 4990; x_wconf 95' lang='lat' dir='ltr'><strong> </strong></span> 
     </span>
    </p>
   </div>
  </div>
 </body>
</html>
