3110 4984
371 333 506 386 raanan
524 333 600 385 aaa.
614 333 783 387 unuaeses
801 337 864 391 ara.
876 339 895 389 t.
915 339 997 391 rona.
1008 341 1030 390 1.
1217 333 1276 395 105

116 453 209 516 haut.
254 451 330 516 Eum
348 453 466 538 inquam
483 449 633 518 Christum
652 455 701 540 qui
724 455 753 518 in
777 455 929 540 seripturis
949 457 1084 552 omnihus
1102 462 1277 547 eepropbe-
1407 508 1409 515 ι

115 558 162 618 tis
179 556 408 640 expectabatur,
432 576 499 618 esse
518 554 666 620 Herodem
684 556 908 638 existimabant,
933 560 1026 643 deque
1049 583 1085 623 co
1112 564 1183 626 talea
1206 585 1276 648 qua·

116 657 191 720 dam
209 656 298 720 animi
315 657 483 721 inductione
500 657 712 741 gloriabantur.
756 658 804 722 Ac
824 670 1025 752 praeterquam
1046 665 1120 747 quod
1144 665 1174 728 in
1198 667 1277 730 illiue

116 758 204 843 regia
224 760 346 843 gratiam
367 781 441 824 trane
465 761 522 823 ista
540 760 705 838 iactabant,
738 763 824 826 etiam
846 763 916 846 ipsis
939 763 1102 848 scripturae
1125 765 1174 828 ille
1192 767 1275 832 locus

115 860 280 944 imposuitr
302 865 367 924 Noa
383 866 491 924 demirer
499 868 633 944 prr'rrceps
649 868 759 938 eluda,
783 868 945 945 nequedum
960 887 998 926 ec
1009 871 1070 927 erbas
1083 870 1198 945 firmare,
1223 875 1273 932 do·
1287 883 1385 937 ramae,
1395 882 1426 927 te.

113 984 177 1024 aree
195 969 288 1025 maht
301 970 351 1025 eur·
362 977 534 1026 namnetum
549 977 601 1038 est,
627 967 673 1029 vel
691 976 723 1053 ut
740 967 769 1028 iu
785 966 849 1028 aliis
870 967 1013 1052 exemplis
1029 967 1165 1052 legimus,
1188 976 1275 1034 donec

114 1069 218 1126 maht
242 1071 292 1127 em·
312 1079 381 1128 suat
402 1079 556 1128 reseruata.
612 1063 761 1152 Siquidem
789 1067 923 1132 Herodes
950 1068 1097 1154 Antipatri
1125 1072 1274 1138 cuiusdam

114 1166 313 1230 Ascalonitae
332 1179 419 1251 atque
435 1169 580 1252 Apollinis
604 1170 711 1232 aeditui
738 1168 814 1233 filius
832 1169 896 1234 fuit.
942 1167 1036 1236 Cuius
1053 1172 1174 1257 insuper
1187 1174 1274 1238 Anti-

113 1267 199 1352 patri
214 1289 321 1353 parens
337 1267 472 1332 Herodes
487 1270 605 1334 nomine
625 1271 699 1334 lilius
718 1271 846 1356 Antipac
869 1272 931 1336 luit.
978 1273 1137 1358 Antipater
1157 1274 1192 1338 alr
1207 1274 1275 1340 ldu-
1396 1347 1404 1364 l

112 1367 215 1432 mareis
235 1381 337 1456 eaptus
359 1382 389 1434 et
409 1373 438 1434 in
460 1369 596 1436 idumaea
616 1374 727 1455 degens
742 1371 891 1436 Herodem
908 1374 1040 1458 suscipit.
1087 1373 1152 1457 Qua
1174 1377 1202 1439 in
1227 1399 1274 1441 re-

112 1469 210 1552 gione
228 1471 276 1534 diu
300 1474 452 1535 admodum
470 1473 499 1535 iu
521 1475 664 1538 servitute
681 1473 774 1552 vixit,
799 1476 874 1559 quod
892 1494 957 1538 eum
975 1475 1110 1540 Herodes
1131 1490 1215 1562 pater
1235 1481 1273 1544 oh

111 1571 246 1656 inopiam
263 1573 407 1637 redimere
430 1595 487 1637 oon
505 1587 615 1660 posset.
660 1575 793 1640 Tandem
813 1597 831 1639 a
852 1577 1037 1661 popularibus
1062 1579 1200 1644 collatitio
1223 1603 1273 1665 pe·

112 1674 207 1736 cunia
225 1695 283 1738 uara
302 1696 366 1738 eum
383 1675 502 1740 Herode
519 1678 579 1741 filio
595 1679 736 1742 liberatus
756 1677 933 1762 postliminio
958 1681 989 1744 iu
1010 1683 1131 1766 patriam
1147 1683 1272 1748 reverti·

111 1786 178 1839 tur.
214 1772 311 1858 Quam
330 1778 367 1839 oh
383 1799 515 1842 caussam
532 1779 568 1843 alr
585 1779 650 1844 aliis
669 1778 837 1858 idumaeus,
862 1781 897 1844 alr
912 1781 977 1846 aliis
992 1783 1162 1847 Ascalonita
1181 1785 1273 1850 luisse

109 1875 253 1963 proditur
268 1889 326 1944 est.
361 1877 468 1944 Postea
484 1903 548 1944 cnm
565 1882 600 1944 ad
618 1879 761 1946 Demetrii
778 1882 1002 1946 familiaritatem
1020 1884 1217 1969 pervenisset,
1240 1887 1270 1950 ia

111 1976 229 2042 ledaea
251 1981 486 2064 procurationem
505 1983 642 2046 obtinuit.
687 1983 767 2047 Tum
784 1984 872 2048 etiam
892 1997 978 2049 nctus
995 1987 1131 2070 Augusto
1145 1989 1270 2073 impera-

109 2083 170 2145 tori
192 2082 259 2145 luit.
291 2083 391 2166 Atque
408 2105 447 2147 ea
465 2083 513 2148 illa
530 2085 736 2170 procuratione
754 2085 933 2170 proselytum
950 2109 983 2150 se
1000 2089 1110 2151 iaciens
1131 2111 1269 2152 unacum

107 2182 239 2246 Herode
262 2183 318 2247 lilio
335 2183 523 2250 circumcisus
539 2197 600 2263 est,
624 2189 660 2249 ad
681 2209 766 2270 quem
784 2185 957 2252 ludaeorum
976 2210 1097 2272 regnum
1120 2191 1266 2275 pervenit.

106 2283 192 2348 Nam
213 2285 349 2369 Augusto
365 2285 533 2371 imperatori
550 2287 698 2352 subiectus
714 2285 889 2353 ludaeorum
908 2291 956 2353 ille
972 2311 1028 2354 rex
1043 2291 1268 2376 populiqnello·

107 2387 193 2452 marri
210 2387 377 2452 foederatus
393 2399 469 2451 erat.
501 2386 699 2471 Quamobrem
715 2393 790 2474 quod
808 2411 847 2453 ex
864 2392 959 2455 aliena
974 2393 1023 2455 ille
1039 2403 1126 2477 gente
1143 2414 1268 2475 regnare

104 2499 273 2575 caeperat,
296 2511 361 2552 cum
382 2491 522 2554 hactenus
539 2513 556 2555 a
576 2490 646 2556 luda
663 2502 693 2556 et
710 2490 824 2556 Davide
840 2513 980 2576 regnum,
1005 2505 1091 2578 atque
1114 2517 1153 2558 ex
1179 2495 1268 2559 ludae

102 2593 205 2677 stirpe
224 2590 370 2676 principes
390 2613 424 2654 ae
444 2593 625 2677 patriarchae
645 2595 859 2679 perstitissent,
884 2596 959 2679 quod
979 2595 1097 2679 inquam
1115 2596 1265 2682 imperium

101 2696 135 2757 ie
153 2703 320 2756 externum
346 2693 492 2758 homiuem
522 2696 695 2759 translatum
720 2699 832 2773 luerat,
866 2696 1002 2761 idoneum
1022 2699 1079 2762 illis
1100 2699 1194 2762 visura
1221 2709 1268 2762 est

99 2796 228 2860 erroris
243 2807 457 2878 argumentum,
483 2807 514 2860 ut
529 2795 677 2860 Herodem
695 2818 763 2862 esse
779 2795 929 2862 Christum
948 2799 1172 2878 arbitrarentur,
1190 2802 1265 2884 quod

99 2921 144 2961 rx
161 2899 222 2960 illo
237 2898 400 2981 scripturae
419 2897 484 2961 loco
501 2919 684 2983 consequens
699 2899 870 2963 videbatur:
906 2903 972 2964 Non
984 2905 1092 2964 desciret
1099 2907 1232 2983 princepe
1248 2923 1374 2978 ecanae,
1387 2923 1417 2966 rc.

97 3006 191 3075 Iuda,
221 3003 308 3060 dcam
323 3005 433 3062 mera
446 3005 495 3061 cui
507 3015 679 3064 reservatam
696 3014 748 3065 est.
795 2999 835 3067 Ut
851 3023 887 3067 eo
908 3023 997 3068 sensu
1013 3005 1051 3067 sit
1066 3004 1263 3088 accipiendus,

98 3103 192 3186 qnasi
213 3097 326 3164 Herodi
342 3112 524 3165 reservatum
542 3115 632 3166 esset.
662 3101 824 3167 Desierunt
841 3103 930 3183 euim,
947 3105 1075 3186 aiebant,
1093 3106 1146 3169 illi.
1169 3103 1265 3168 Porro

95 3207 161 3268 iste
174 3205 219 3268 de
238 3200 326 3266 indae
340 3224 450 3285 genere
467 3225 525 3267 non
542 3216 599 3282 est,
620 3226 654 3268 ac
672 3225 709 3268 ne
728 3205 846 3269 omnino
864 3207 978 3291 quidem
997 3205 1176 3272 israeliticae
1193 3227 1265 3290 geu·

95 3310 153 3370 tis.
204 3302 287 3368 Huic
307 3316 403 3368 autem
428 3301 547 3370 Christo
571 3328 637 3369 esse
659 3317 842 3370 reservatum
866 3309 972 3372 luerat.

174 3405 295 3470 Verum
312 3427 386 3491 quae
400 3418 561 3490 sequnntur
577 3407 643 3471 illos
660 3410 817 3473 manifeste
833 3411 1026 3494 redarguant:
1052 3413 1186 3489 (tricurino
1203 3412 1262 3488 ipse
1286 3417 1346 3484 cap.
1362 3417 1393 3468 tt.

93 3514 269 3592 mmuh
287 3515 413 3589 gentiam
434 3515 505 3584 err't,
530 3523 560 3572 et
573 3515 601 3572 r'n
620 3533 680 3572 eam
698 3523 798 3591 gentes
812 3515 974 3592 sperabant.
1022 3510 1174 3593 Quaenam
1191 3531 1263 3572 vere
1362 3539 1364 3544 ’

95 3615 184 3678 natio
203 3613 239 3675 in
256 3609 404 3675 Herodem
427 3613 576 3698 speravit?
604 3624 655 3676 aut
680 3634 754 3697 quae
780 3613 909 3696 gentium
934 3633 1002 3697 spes
1025 3613 1054 3675 in
1078 3614 1262 3697 expectando

96 3715 232 3780 Herode
250 3713 346 3776 delixa
364 3715 431 3776 eat?
464 3715 511 3776 Ad
537 3714 610 3776 baec
634 3714 680 3797 qui
700 3715 816 3778 tandem
835 3716 902 3778 illud
920 3714 993 3799 apod
1016 3714 1090 3776 istos
1113 3713 1261 3798 impletum

95 3818 167 3882 esa?
214 3819 358 3878 omniun
380 3828 413 3877 at
435 3819 477 3876 leo
504 3837 539 3877 nc
561 3819 638 3878 uelut
658 3820 746 3878 honac
768 3819 896 3878 cabrias:
919 3820 982 3898 pur'a
999 3821 1087 3896 apruna
1104 3819 1263 3879 eecrtabit?

95 3917 236 3984 Ubinam
255 3917 379 4001 denique
395 3917 467 3980 lavit
487 3917 516 3980 in
536 3937 641 3980 cruore
659 3919 764 3982 stolam
783 3939 881 3996 suam,
913 3928 944 3981 et
965 3918 1100 3981 amictum
1124 3941 1208 3983 sunm
1231 3919 1261 3981 io

96 4041 178 4084 erae
201 4019 370 4102 sauguine,
403 4019 641 4102 quemadmodum
661 4015 744 4082 lesus
762 4016 898 4083 Christus
918 4020 1051 4083 dominos
1069 4031 1188 4098 noster,
1212 4020 1261 4102 qui

98 4145 157 4188 m
179 4123 329 4204 sauguine
350 4141 457 4206 eorpus
474 4122 615 4204 aspersit,
641 4132 670 4183 et
688 4142 763 4185 uvae
781 4121 923 4204 sanguine
941 4121 1115 4186 vestimenta
1133 4131 1186 4185 aba
1205 4121 1261 4183 tin·

100 4227 167 4288 xit?
200 4222 256 4286 Tu
276 4243 349 4288 vero
372 4243 479 4306 quasa
500 4241 546 4286 me
563 4222 698 4286 dicantar
713 4223 810 4286 animo
828 4225 957 4310 percipe.
1003 4222 1092 4288 Dabit
1109 4223 1184 4286 euim
1208 4221 1259 4285 tihi

101 4327 243 4390 mnium
257 4325 480 4409 intelligentiam
499 4325 529 4387 in
547 4324 694 4389 omnihus.
740 4322 854 4412 Quippe
879 4327 974 4412 populi
996 4327 1041 4389 dei
1064 4325 1205 4410 piaculum
1229 4335 1261 4388 ut

104 4429 274 4506 exhiberet,
298 4427 380 4490 uenit
396 4427 457 4507 ille,
481 4447 539 4510 quo
553 4447 604 4512 per
617 4426 765 4490 doetrinae
781 4449 853 4492 suae
869 4429 949 4493 velut
965 4429 1136 4512 sangninem
1158 4427 1260 4490 tenua

102 4531 255 4595 bominum
271 4540 409 4616 purgaret
425 4551 562 4616 pecorum
581 4528 724 4613 sangnine
748 4550 781 4594 ac
801 4531 903 4594 nidore
918 4552 953 4594 ao
970 4526 1149 4594 detestandis
1168 4527 1260 4591 sacri-
