3106 4990
324 325 386 386 516
749 331 871 384 SANCTI
888 331 1057 384 ΕΡΙΡΗΑΝΙΙ

325 477 376 528 τος
392 453 521 537 ἔγνωμεν
538 447 579 526 ἀς
595 450 664 535 περὶ
681 453 735 514 τοῦ
748 445 846 515 Ἰούδα
863 451 939 535 ἔλεγε
953 457 1016 525 τοῖς
1030 445 1198 525 Ἰουδαίοις·
1221 440 1246 537 ᾧ
1263 445 1319 534 γάρ
1335 475 1380 525 τις
1397 447 1486 532 ἥττη-

325 582 388 634 ται,
411 551 505 643 τούτῳ
522 555 571 620 καί
588 550 782 631 δεδούλωται,
804 554 856 617 καί
870 544 894 641 ᾦ
908 577 952 628 τις
965 557 1115 630 πείθεται,
1137 559 1242 618 τοῦτον
1255 551 1368 636 πατέρα
1380 554 1488 634 ἔσχηκε

323 659 373 723 καί
391 653 518 743 ἀρχηγόν
533 664 587 740 τῆς
600 652 693 722 αύτοῦ
706 662 842 732 πειθοῦς.
889 657 985 738 Φησίν
999 647 1055 720 οὖν
1069 651 1087 720 δ
1100 651 1219 739 κύριος,
1238 651 1337 737 Ὑμεῖς
1351 657 1419 719 υίολ
1433 657 1487 719 τοῦ

325 758 439 845 πατρός
456 755 544 842 ύμοῦν
565 766 618 826 τοῦ
635 757 777 843 διαβόλου
794 759 873 836 ἔστί,
904 755 1004 840 ἐπειδή
1023 754 1087 823 ἀντί
1103 764 1157 824 τοῦ
1176 763 1307 842 Χριστοῦ
1325 765 1366 846 τῷ
1384 755 1487 844 Ἰούδᾳ

325 866 521 946 ἐπείσθησαν,
550 860 690 948 καθάπερ
713 859 773 928 ἀπό
793 867 867 927 θεοῦ
886 863 1043 926 ἐκκλίνασα
1063 857 1085 944 ή
1102 859 1170 926 Εῦα
1191 867 1232 950 τῷ
1253 857 1323 942 ὄφει
1342 863 1373 938 ἐξ
1392 859 1487 945 ἀρχῆς

324 969 464 1048 ίπείσθη·
487 968 587 1032 ἔπειτα
603 965 650 1031 ὅτι
665 967 716 1030 καί
731 963 862 1048 ψεύστης
877 955 915 1046 ήν
931 961 968 1028 ού
983 961 1091 1046 μόνον,
1114 959 1186 1028 ἀλλά
1199 965 1251 1027 καί
1266 965 1410 1047 κλέπτης,
1432 991 1484 1028 τια-

321 1067 358 1135 τά
374 1067 407 1136 τό
424 1071 456 1134 ἐν
471 1076 512 1158 τρῦ
527 1067 682 1156 εὐαγγελίῳ
699 1069 859 1154 εἰρημένον.
904 1064 961 1131 Διό
977 1068 1028 1132 καί
1042 1064 1122 1154 αύτῷ
1135 1067 1289 1151 παρέδωκε
1303 1065 1338 1132 τό
1354 1064 1483 1152 γλωσσό-

321 1197 426 1254 κομον,
444 1175 493 1238 ἵνα
508 1169 730 1256 ἀναπολόγητος
744 1164 775 1260 ᾗ,
790 1169 840 1236 διά
855 1174 1050 1256 φιλαργυρίαν
1066 1166 1119 1235 τδν
1135 1173 1211 1236 ίδιον
1226 1166 1374 1252 δεσπότην
1388 1196 1484 1254 παρα-

322 1273 395 1350 δούς
416 1277 458 1351 είς
477 1284 574 1357 χεῖρας
592 1271 773 1360 ἀνθρώπων.
822 1277 873 1349 Τίς
895 1266 951 1339 οὖν
968 1268 986 1337 ό
1003 1271 1109 1338 τούτου
1128 1269 1242 1356 πατήρ,
1274 1269 1293 1337 ό
1307 1269 1368 1354 πρό
1391 1271 1483 1338 αύτοῦ

321 1376 453 1461 ψεύστης
469 1375 626 1463 ύπάρχοιν,
655 1373 714 1443 ἀλλ’
729 1375 750 1459 ἢ
768 1373 786 1443 ό
803 1375 898 1456 Κάϊν,
920 1367 959 1440 οῦ
974 1372 1100 1458 μιμητής
1113 1372 1133 1440 δ
1147 1372 1275 1452 Ἰούδαςς
1309 1373 1416 1440 οἘκεῖ
1428 1373 1482 1461 γάρ

214 1565 217 1576 ¹
321 1480 508 1564 ψευσάμενος
524 1487 564 1568 τῷ
581 1475 699 1569 ἀδελφῷ
718 1477 759 1555 τίς
775 1481 807 1544 ίν
822 1481 999 1566 φιλαδελφίᾳ
1016 1474 1163 1560 ήπάτησε,
1185 1478 1235 1544 καὶ
1253 1479 1416 1563 παρίπεισε
1434 1475 1482 1542 διδ
1547 1513 1548 1516 “

321 1590 375 1649 τοῦ
389 1582 537 1665 ψεύδους,
559 1584 611 1648 καί
626 1579 776 1668 λξαγαγοδν
791 1579 885 1647 αάτδν
903 1583 934 1646 ίν
950 1586 990 1670 τῷ
1006 1585 1098 1671 πεδίῳ
1115 1579 1228 1666 ίπάρας
1243 1578 1297 1663 τήν
1312 1590 1396 1666 χεῖρα
1412 1578 1481 1644 dub·

320 1711 440 1753 κτεινευ.
487 1685 574 1751 Οὕτω
590 1687 641 1750 καλ
657 1683 675 1752 δ
691 1683 819 1763 Ἰούδας,
847 1688 883 1750 Τί
897 1685 997 1750 θέλετέ
1012 1710 1079 1766 μοι,
1101 1685 1191 1766 φησί,
1213 1686 1335 1763 δοῦναι,
1356 1685 1411 1748 καί
1427 1681 1482 1768 ίγιδ
1547 1711 1548 1762 ι

322 1785 597 1874 αύτδνπαραδύσω
613 1786 699 1871 ύμῖν,
726 1790 794 1867 καὶ,
817 1786 875 1852 Ὃν
890 1785 929 1852 ἀν
945 1785 1077 1870 φιλήσω,
1107 1783 1197 1863 αῦτύς
1211 1789 1287 1866 ἔστι,
1315 1785 1482 1870 κρατήσατε
1547 1771 1548 1796 ¹

321 1888 426 1958 αύτόν·
457 1893 508 1958 καί
530 1890 628 1958 ἐλθοίν
650 1888 851 1977 δπροδότης,
884 1897 978 1976 Χαῖρε
997 1886 1143 1973 7Ῥαββί,
1174 1891 1267 1975 ἔλεγε,
1296 1898 1359 1965 τοῖς
1376 1893 1482 1972 χείλεσι

321 2002 429 2078 τιμῶν,
452 1998 579 2090 καρδίην
600 1994 633 2060 δὲ
654 1992 756 2080 πόρρω
781 1991 947 2077 ἀπέχουσαν
967 1999 1043 2058 θεοῦ
1065 1993 1249 2076 κεκτημένος.

399 2199 480 2286 ’Ἆρα
502 2207 575 2287 γοῦν
598 2192 685 2276 οὗτος
714 2197 866 2276 δ’ίούδας
886 2198 982 2283 πατήρ
1007 2195 1105 2264 αύτῦν
1128 2195 1297 2284 γενόμενος,
1328 2194 1406 2260 κατὰ
1428 2195 1484 2278 τήν

323 2301 519 2390 ἀρνησιθεΐαν
542 2305 594 2368 καί
615 2306 779 2388 προδοσίαν
801 2309 940 2378 Σατανᾶς
962 2299 1096 2386 ύιτάρξας
1117 2303 1168 2365 καί
1192 2298 1345 2382 διάβολος,
1375 2297 1421 2363 ού
1446 2307 1482 2389 τῇ

322 2404 424 2490 φύσει,
453 2404 525 2472 ἀλλά
541 2413 578 2496 τῇ
594 2404 712 2495 γνοίμη,
744 2403 811 2481 υίδς
826 2407 974 2491 γεγένηται
992 2396 1081 2481 οὗτος
1097 2409 1152 2469 τοῦ
1170 2405 1250 2468 Κάῖν
1264 2399 1339 2467 κατά
1353 2406 1484 2484 μίμησιν

321 2517 375 2576 τοῦ
390 2506 646 2596 ἀνθρωποκτόνου
660 2510 711 2573 καί
723 2506 870 2588 ψεύστου·
888 2505 989 2590 ἐπειδή
1003 2509 1055 2572 καί
1069 2503 1088 2572 ό
1099 2503 1196 2590 πατήρ
1209 2502 1302 2571 αῦτοῦ
1314 2501 1370 2590 πρδ
1380 2501 1484 2570 αῦτοῦ

321 2610 456 2694 ψεύστης
471 2604 525 2695 ἦν,
554 2608 606 2694 ούχ
625 2607 768 2693 δἈδάμ,
797 2607 855 2675 ἀλλ’
874 2608 891 2676 ό
908 2608 1063 2693 διάβολος,
1094 2599 1131 2674 οῦ
1147 2607 1200 2692 τήν
1214 2612 1334 2691 μίμησιν
1348 2609 1438 2689 ἔσχεν
1453 2611 1484 2674 ἓν

322 2720 359 2803 τῇ
381 2712 609 2802 ἀδελφοκτονίμ,
639 2717 715 2796 μίσει
737 2714 786 2778 καί
808 2720 848 2802 τῷ
872 2711 977 2794 ψεύδει
994 2715 1046 2778 καί
1063 2709 1139 2796 πρός
1153 2710 1228 2776 θεόν
1245 2707 1406 2796 ἀντιλογίᾳ,
1442 2717 1483 2799 τῷ
1547 2777 1548 2802 ρ

322 2819 429 2902 λέγειν,
452 2815 510 2900 Μή
525 2815 620 2896 φύλαξ
639 2817 703 2906 είγιίΙ
715 2823 768 2882 τοῦ
782 2812 914 2897 ἀδελφοῦ
931 2841 1004 2898 μους
1028 2813 1083 2881 οῦκ
1097 2810 1166 2880 οίδα
1181 2821 1241 2879 ποῦ
1257 2816 1338 2879 ἐστιν.
1385 2813 1483 2877 offro>

321 2920 372 2984 καί
393 2916 411 2984 ό
430 2918 568 3003 διάβολος
588 2925 629 3007 τῷ
650 2923 744 3007 κυρίῳ
765 2920 855 3002 φησί,
886 2917 944 3002 Μή
965 2916 1083 3004 διορεάν
1100 2919 1214 3000 σέβεται
1233 2913 1300 2999 ’ίοδβ
1316 2912 1367 2980 τόν
1381 2915 1482 2993 θεόνς
1547 2965 1548 2990 ,

318 3017 440 3105 Ἐπειδή
464 3019 520 3108 γάρ
543 3019 634 3096 αῦτδς
653 3018 672 3086 ό
692 3019 831 3104 διάβολος
853 3029 894 3111 τῷ
917 3019 1019 3102 ψεύδει
1045 3017 1143 3108 ἀπατᾷ
1165 3017 1219 3103 τήν
1242 3016 1328 3084 Εύαν
1346 3017 1398 3082 παλ
1427 3017 1484 3085 τόν
1547 2993 1548 3076 ί

319 3121 430 3209 Ἀδάμ,
453 3127 536 3210 ἔτερα
553 3121 621 3189 ἀνθ’
640 3125 746 3210 ἑτέρων
763 3126 868 3210 λέγων,
890 3125 941 3190 καί
959 3128 1060 3206 φιλίαν
1078 3119 1279 3208 προςποιητήν
1295 3119 1483 3204 ίνδειτνύμε-
1547 3103 1548 3144 ί

320 3253 388 3306 νος,
411 3226 473 3309 ὅτι,
487 3225 616 3292 Ἐσεσθε
630 3224 671 3304 ἀς
688 3228 771 3306 θεοί,
792 3228 842 3292 καί
860 3223 916 3292 οῦκ
934 3224 1153 3306 ἀποθανεῖσθε,
1174 3233 1281 3292 τοῦτον
1295 3220 1484 3308 μιμούμενος

321 3328 339 3395 ό
357 3329 436 3396 Κύϊν
450 3329 635 3414 προσχήματι
649 3334 846 3412 φιλαδελφίας
866 3327 966 3412 ήπάτα
980 3329 1032 3397 τδν
1049 3327 1192 3410 ἀδελφόν,
1213 3330 1318 3415 λέγων,
1339 3327 1482 3394 Διέλθω-

322 3459 374 3516 μεν
396 3437 438 3510 είς
458 3431 492 3498 τό
515 3436 627 3498 πεδίον.
672 3432 731 3497 Διά
748 3438 834 3498 τοῦτο
852 3433 904 3497 καί
920 3429 938 3498 o‘
955 3427 1302 3518 ῦγιοςἸοιάννηςείπεν,
1329 3427 1364 3495 ‘0
1378 3439 1483 3512 μισοῦν
1547 3485 1548 3520 ,

198 3559 308 3618 mm.
322 3535 374 3602 τόν
393 3533 521 3616 ἀδελφόν
544 3532 652 3613 αῦτοῦ,
682 3527 769 3612 οὗτος
791 3533 827 3600 ού
848 3540 1023 3601 τετελείωται
1044 3536 1077 3600 ἒν
1097 3543 1133 3625 τῇ
1149 3532 1267 3625 ἀγάπη,
1296 3530 1354 3598 ἀλλ’
1370 3535 1403 3598 ἐκ
1423 3543 1482 3600 τοῦ
1547 3557 1548 3568 ’

323 3638 403 3704 ίίάϊν
418 3641 512 3718 ἐστίν,
535 3638 581 3707 ὅτι
597 3637 747 3704 ἀπέκτεινε
762 3635 814 3703 τόν
828 3636 957 3720 ἀδελφόν
973 3634 1072 3703 αύτοῦ.
1118 3640 1177 3702 Καὶ
1194 3635 1244 3702 διδ
1257 3641 1286 3702 τί
1300 3633 1389 3701 αύτδν
1403 3635 1480 3704 dab·
1547 3671 1548 3682 ι

321 3767 446 3820 κτεινεν;
477 3741 522 3807 δτι
543 3734 582 3824 ήν
603 3739 719 3826 πονηρά
740 3739 776 3804 τά
793 3743 864 3826 ἔργα
882 3738 989 3820 αύτοῦ,
1021 3741 1072 3805 καί
1091 3738 1212 3824 ἐζήλωσε
1229 3737 1264 3804 τά
1281 3741 1352 3825 ἔργα
1369 3735 1480 3818 αῦτοῦ,

321 3843 368 3911 ὅτι
382 3837 421 3927 ήν
439 3843 522 3908 καλό.
569 3843 655 3909 Οῦτοι
672 3845 723 3908 καί
739 3835 822 3910 οὗτοι
840 3850 950 3926 μᾶλλον
966 3850 1150 3925 φθονοῦντες
1163 3849 1205 3932 τῷ
1215 3840 1321 3925 Ἀβελ,
1341 3848 1384 3930 τρῦ
1398 3842 1480 3908 καλαὶ

323 3949 416 4032 ἔχοντα
433 3949 513 4032 ἔργα,
536 3945 588 4012 τόν
603 3948 636 4012 δὲ
652 3945 731 4012 Κάϊν
744 3954 893 4030 τιμῶντες,
915 3953 980 4023 πῶς
996 3943 1052 4012 οῦκ
1066 3947 1228 4032 ἐλέγχονται
1242 3943 1405 4031 διαρρήδην
1421 3954 1480 4012 τοῦ

322 4057 456 4134 σωτῆρος
471 4050 605 4135 λέγοντος
622 4052 673 4116 καλ
689 4047 840 4132 ἀπότομον
857 4047 1010 4130 ἀπόφασιν
1028 4045 1175 4134 ὁρίζοντος
1191 4046 1307 4127 αύτοῖς,
1329 4046 1391 4128 ὅτι,
1418 4055 1479 4132 Ζη-

321 4152 483 4237 τηθήσεται
505 4150 564 4218 ἀπό
587 4159 639 4234 τῆς
661 4160 762 4237 γενεᾶς
783 4151 890 4236 ταύτης
911 4159 971 4216 πᾶν
991 4149 1064 4236 αίμα
1084 4155 1197 4217 δίκαιον
1220 4147 1303 4216 ῑάπδ
1317 4147 1406 4234 ’Ἅβελ
1424 4159 1481 4218 τοῦ

322 4259 439 4322 δικαίου
460 4253 493 4322 τό
517 4252 567 4320 ἀπ’
590 4251 681 4340 ἀρχῆς
699 4257 889 4340 ἐκκεχυμένον
911 4257 966 4332 ἕως
988 4259 1136 4340 Ζαχαρίου
1157 4262 1211 4320 τοῦ
1230 4251 1408 4337 προφήτου,
1440 4247 1480 4320 ού

208 4399 212 4406 -
322 4356 506 4426 ἀπεκτείνατε
528 4359 617 4442 μέσον
638 4365 692 4424 τοῦ
713 4365 787 4424 ναοῦ
808 4361 859 4423 καὶ
881 4365 935 4424 τοῦ
956 4361 1171 4444 θυσιαστηρίου
1192 4359 1243 4424 καὶ
1264 4355 1301 4422 ταί
1324 4357 1400 4438 ἕξής.

353 4515 378 4567 δ.
396 4519 487 4578 nepam
503 4510 617 4575 Ἐκεῖνος
631 4531 675 4578 pro
690 4509 771 4569 Ἐκεί
805 4520 882 4579 Neque
949 4516 972 4569 7.
990 4511 1091 4635 Ῥρψβή
1108 4518 1178 4580 υυίρο
1194 4517 1286 4578 legum.

321 4587 388 4634 εἰλιτ
407 4588 516 4635 convertit
535 4591 628 4648 αιιτηυε
649 4586 881 4648 intermeantium.
951 4584 1008 4635 Cn.
1139 4587 1160 4636 1.
1180 4583 1254 4634 λέτλισ
1271 4575 1321 4636 ἀπὸ
1333 4573 1417 4650 ’Ἅβελ
1432 4581 1475 4636 τοῦ
