3100 4984
302 300 437 352 uruntur
454 300 952 354 murmanus.arsamis.
1134 291 1192 354 451

141 417 226 504 Quod
245 420 280 484 ad
300 418 396 485 iesum
416 423 557 506 pertinet,
588 421 678 500 hane,
702 422 758 500 ait,
782 421 1018 504 generationem,
1049 439 1122 505 quae
1142 441 1196 483 ex·
1213 428 1272 496 esp.
1288 427 1333 478 tx.

54 521 156 606 plicari
178 523 276 586 uerbis
298 525 413 607 nequit,
446 525 566 587 sortitus
589 533 645 588 est.
690 523 806 588 Etenim
826 523 862 586 ab
881 521 1082 588 universorum
1100 521 1198 588 Matre

54 625 147 709 prima
166 625 215 689 itto
230 623 359 690 Tetrade
376 625 452 689 utine
469 628 563 690 instar
578 627 704 690 seeunda
721 626 829 690 'Petras
847 636 951 692 extorta
968 635 999 688 et
1015 622 1134 708 Ogdoas
1153 639 1198 689 est

54 729 149 807 iaetu,
181 747 196 790 a
215 751 269 812 qua
289 727 386 792 Deras
405 730 560 814 processit.
608 727 707 812 itaque
726 726 822 792 Deras
841 739 871 791 et
889 725 1007 811 Ogdoas
1025 748 1197 812 progressae

53 841 136 894 suut.
186 829 262 893 Tum
284 828 383 896 Deras
411 854 474 896 cum
498 829 639 916 Ogdoade
660 832 792 916 cupuiata
819 852 853 894 au
879 829 976 894 decies
1004 831 1081 893 ittam
1104 829 1200 892 multi-

53 936 167 1019 plicans
187 929 414 1018 Ootogeuariunt
434 954 585 998 numerum
606 933 714 997 ederit.
759 931 853 1016 Quem
874 934 970 996 denies
988 932 1107 1017 iusuper
1128 933 1200 995 mul·

53 1036 188 1121 tipIieans
216 1038 252 1098 ad
275 1037 442 1120 adtingente
466 1036 612 1120 perduxit.
665 1034 704 1100 Ut
731 1035 826 1099 omnis
853 1036 901 1099 itte
924 1035 1072 1098 literarum
1100 1055 1201 1098 nurne-

53 1161 103 1202 rns
129 1139 164 1200 ab
188 1135 329 1221 Ogdoada
351 1159 525 1223 progressus
547 1141 581 1201 ad
605 1135 751 1201 Deuadem
775 1139 813 1202 sit
835 1142 871 1199 H
888 1147 916 1200 et
941 1141 975 1198 H
993 1149 1022 1202 et
1044 1140 1092 1215 Ω,
1125 1157 1199 1222 quae

52 1251 123 1305 sunt
143 1237 470 1306 ttCCCthtttvttt.
517 1239 665 1324 Siquidem
685 1239 753 1304 iesu
773 1262 878 1304 nomen
897 1241 933 1304 ob
952 1261 1016 1305 eunt
1036 1261 1198 1319 numerum,

53 1365 141 1428 quem
171 1343 271 1406 inierae
299 1345 443 1422 reddunt,
474 1339 788 1408 DCCCLXXXVlii
817 1344 950 1422 ouuiioit3
989 1365 1023 1408 au
1049 1343 1201 1428 perspiuue

53 1447 157 1525 eurio,
182 1457 213 1509 ut
230 1456 346 1530 putant,
371 1447 435 1532 ipso
450 1445 628 1510 sublimioris
647 1443 714 1510 lesu
730 1447 947 1530 generationem
964 1448 1105 1510 uorrtiuet.
1142 1443 1202 1509 Un-

54 1551 88 1612 de
106 1560 139 1612 et
157 1549 186 1610 iu
206 1547 387 1612 Graecorum
407 1549 571 1633 Aiphabeto
587 1545 732 1612 Monades
752 1559 835 1626 uoto,
869 1550 988 1612 totidem
1004 1546 1139 1612 Boeotos
1158 1558 1202 1611 at·

53 1673 108 1734 que
135 1650 349 1714 Heratuntades
373 1651 496 1736 reperiri
517 1652 633 1728 dicunt,
667 1661 696 1713 ut
717 1647 1032 1716 DCCCLXXXVH!
1050 1672 1200 1714 nurnerum

53 1753 213 1837 praebeat,
238 1753 292 1816 hoe
307 1764 353 1816 est
367 1750 480 1831 lesunr,
505 1774 544 1816 ex
560 1753 693 1816 omnibus
708 1753 835 1816 numeris
853 1764 1038 1834 contextum
1064 1754 1099 1816 ub
1117 1753 1201 1837 idque

53 1877 121 1918 sese
140 1861 170 1916 A
187 1866 216 1918 et
233 1855 462 1934 disseminasse,
487 1877 543 1940 quo
559 1856 635 1918 iiinnn
652 1877 691 1918 ex
707 1856 840 1919 omuibus
854 1856 897 1920 sui
914 1856 1130 1941 productionem
1147 1877 1201 1919 ex·

53 1959 206 2042 primeret.
253 1954 338 2039 Quod
357 1957 412 2020 huo
429 1979 543 2021 rursum
562 1957 646 2022 urodo
666 1960 823 2043 perfeetum
839 1970 895 2022 est.
940 1955 1055 2022 Primus
1074 1956 1202 2040 Quater-

53 2061 158 2123 narius
176 2081 227 2144 per
245 2061 357 2122 uumeri
377 2061 613 2144 progressionem
633 2061 661 2122 in
679 2081 746 2123 sese
765 2061 899 2124 redactus
917 2059 1077 2124 Denariunr
1097 2062 1202 2146 prudu-

53 2163 109 2226 sit.
132 2213 137 2222 .
158 2159 235 2225 Nam
259 2183 346 2225 uuum
370 2172 401 2225 et
422 2163 478 2225 duo
501 2163 556 2225 tria
575 2171 604 2225 et
622 2172 746 2246 quatuor
763 2163 846 2226 simui
866 2164 1024 2247 composita
1042 2165 1142 2228 decem
1161 2167 1202 2227 ia·

55 2265 156 2344 riunt3
187 2266 262 2349 quod
288 2265 381 2349 ipsum
409 2285 475 2328 esse
500 2262 597 2329 iesum
622 2265 802 2328 existimant.
849 2261 907 2330 Sed
927 2276 957 2328 et
974 2262 1128 2344 Christus,
1158 2266 1203 2329 iu-

54 2368 171 2451 quinnt,
190 2379 257 2430 outo
272 2387 310 2430 err
323 2366 416 2430 literis
431 2377 587 2431 contextus
602 2367 722 2452 primam
737 2364 906 2450 Ogdoadem
921 2368 1111 2444 demonstrat,
1129 2387 1203 2452 quae

55 2491 120 2534 oum
140 2471 241 2532 deoem
260 2469 414 2532 coniuncta
428 2465 525 2532 lesum
544 2470 666 2554 peperit.
711 2467 827 2533 tttotrur
843 2489 956 2553 quoque
975 2464 1046 2543 Υἱός
1065 2465 1203 2552 Χριστὸς,

54 2573 155 2652 aiunt,
181 2571 236 2634 huo
252 2582 299 2634 est
315 2569 462 2635 [iudaeos.
506 2569 584 2646 Nam
600 2567 671 2644 utto
683 2572 783 2634 literas
801 2570 885 2634 itabat
902 2581 1042 2655 quatuor,
1067 2569 1203 2636 Christus

55 2685 140 2753 oeto,
178 2693 251 2757 quae
274 2674 394 2737 eoiieeta
417 2671 582 2737 Dudeoudis
606 2674 731 2738 effecere
755 2673 992 2758 magnitudinem.
1037 2672 1097 2740 Sed
1120 2685 1203 2739 aute·

55 2798 141 2860 quam
161 2774 286 2839 nominis
306 2775 583 2861 iruiusepiseurum,
615 2777 669 2840 itou
689 2788 734 2840 est
755 2775 855 2856 lesus,
888 2777 952 2840 ttttts
972 2788 1142 2861 appareret,
1172 2777 1203 2840 iu

55 2899 170 2940 summa
187 2878 318 2942 homines
333 2879 498 2962 ignorantia
513 2890 543 2941 et
558 2900 659 2942 erroro
677 2879 783 2946 versati
798 2890 877 2944 suut.
921 2877 1115 2963 Posteaquam
1132 2899 1203 2943 vero

55 3001 111 3044 sex
132 2981 284 3044 literarum
303 3001 408 3043 nornen
431 2992 478 3044 est
495 2983 688 3065 patefactum,
719 2983 793 3066 quud
812 2983 877 3046 ideo
895 3003 1011 3046 oarrrem
1031 2983 1140 3060 induit,
1174 2991 1205 3044 ut

54 3103 110 3144 sex
131 3083 212 3167 ipsas
233 3094 262 3145 et
280 3078 389 3145 XXIV
406 3082 507 3146 literas
526 3084 774 3169 comprehendens
794 3085 827 3147 ad
848 3105 951 3148 sensus
971 3084 1116 3147 hominum
1136 3104 1203 3147 sese

55 3185 240 3263 demitteret,
273 3195 331 3248 tum
349 3185 461 3248 demum
480 3205 516 3250 uo
534 3188 650 3271 cognito
669 3187 821 3250 aberrare
842 3186 1030 3264 destiterunt,
1061 3186 1140 3248 etad
1160 3185 1203 3248 vi-

55 3296 112 3349 tam
135 3299 323 3352 emerserunt
346 3308 363 3348 a
387 3298 496 3367 morte,
527 3311 591 3352 uurn
614 3292 648 3351 ad
672 3290 803 3352 veritatis
828 3301 937 3372 patrem
961 3289 1088 3352 duoturis
1111 3289 1203 3350 instar

53 3389 127 3472 ipsis
147 3411 254 3453 nomeu
272 3391 340 3454 iilud
361 3389 520 3454 extitisset.
564 3388 715 3454 Piuouisse
734 3391 873 3475 siquidem
893 3391 1018 3454 omnium
1034 3386 1153 3452 Pareuti
1173 3399 1203 3452 ut

53 3490 252 3574 ignorantiam
271 3491 429 3556 discuteret
450 3505 629 3578 mortemque
653 3493 779 3558 tolleret.
823 3490 1010 3576 ignorantiae
1035 3511 1122 3577 purru
1144 3490 1202 3554 dis·

54 3595 156 3658 oussio
181 3594 273 3679 ipsius
297 3595 424 3677 cognitio
451 3595 513 3658 iuit.
558 3593 743 3679 Proindeque
763 3595 892 3658 deieetus
910 3594 936 3658 is
955 3604 1001 3658 est
1018 3595 1120 3672 horno,
1153 3593 1202 3678 qui

54 3697 91 3758 de
109 3699 189 3760 iiiios
207 3696 357 3760 voluntate
372 3697 408 3759 ad
426 3697 563 3761 eoelestis
577 3695 704 3764 Virtutis
719 3698 871 3783 exemplar
886 3697 1027 3781 singulari
1044 3707 1089 3760 est
1104 3695 1202 3784 provi·

54 3800 156 3864 deutia
178 3799 363 3863 constitutus.

52 4003 136 4051 penem
150 3981 539 4056 uerun'Eqst---qdusotn
572 3983 615 4042 dre
685 3989 722 4040 ll.
743 3984 903 4042 συνεστώτων
919 3989 1150 4052 Pseudo-Oriqenes.

53 4073 100 4108 non
116 4060 272 4119 reperiuntur.
685 4057 722 4108 1¹2.
739 4057 813 4110 τοῦτο
829 4058 1056 4119 Pseudo-orimum
1069 4063 1090 4108 et
1105 4059 1150 4107 Vet.
1161 4058 1202 4108 dn·

80 4131 105 4174 rt.
117 4121 305 4178 duodenariorum
314 4126 533 4188 Pseudo-Oriqener.
550 4121 614 4177 ἔπει·
648 4131 741 4188 tamnes.
778 4129 847 4189 Vutpo
864 4123 915 4176 τοῦ.

52 4211 84 4244 τα
101 4189 251 4246 δεικνύοντα
267 4193 394 4254 Epiphanio·
411 4195 463 4242 iibri
478 4196 594 4255 praebent.
684 4193 722 4244 13.
739 4193 783 4246 καὶ
794 4193 915 4256 τέσσαρες
928 4196 1037 4245 Pedanius
1045 4197 1147 4257 primum
1157 4195 1200 4242 ud·

85 4259 112 4311 9.
129 4257 175 4312 τὸν
190 4253 292 4325 Ἰησοῦν
310 4261 523 4323 Pseudo-Ortpener
533 4265 553 4310 et
569 4263 615 4310 Vet.
647 4264 707 4312 didit
723 4278 751 4311 ee
767 4265 817 4312 rod.
833 4264 905 4311 Vatia.

53 4332 178 4391 tumme.
205 4329 333 4390 eptpttontt
345 4331 398 4378 tunt
409 4330 491 4380 debent
503 4327 616 4381 τουτέστι
684 4327 721 4380 tt.
736 4327 896 4399 trepuditare
918 4333 985 4381 cedd.
1005 4333 1079 4382 Vertat.
1102 4330 1198 4392 Ruedtp.

52 4395 81 4450 rai
103 4401 137 4450 ἰῖ
147 4400 177 4460 ῆ.
652 4400 723 4461 Vutpo
740 4397 923 4466 περιεβάλλετο.

88 4470 128 4516 tu.
146 4467 200 4518 τῶν
213 4465 330 4516 radten.
364 4469 441 4518 untrt.
457 4467 615 4518 Pseudo-Ort·
683 4469 721 4516 ta.
739 4461 832 4532 ὁδηγοῦ
853 4469 940 4528 tepebat
958 4468 1201 4529 Vertumnumque·

52 4550 128 4597 uentu.
647 4537 714 4585 onttt
730 4533 848 4585 durature
865 4533 896 4584 ud
913 4535 1011 4584 Putrem
1027 4533 1145 4584 remeatis.

928 4619 997 4685 29*
