3110 4984
325 298 462 353 Psdsutt
479 299 555 354 ΔΜ.
572 297 740 352 HABRRSES
758 301 821 352 [ΑΒ.
836 303 854 350 Ι.
871 301 951 354 ΤΟΜ.
964 303 983 352 l.
1187 292 1231 352 81·

85 417 196 482 illorum
218 416 428 482 infelicissimis
449 418 616 502 relegendis
638 418 795 498 institutis,
824 420 927 504 partim
949 419 1077 484 letalium
1102 441 1135 484 ae
1159 442 1223 505 per-

86 520 258 584 niciosorum
282 519 459 608 serpentium
481 521 604 583 venenis
625 519 707 584 brevi
729 521 862 584 oratioue
885 522 1083 586 retundendis.

381 621 506 674 llsotenua
523 619 556 670 de
572 621 780 673 Samsritsnornm
797 622 871 672 sectis
890 623 930 673 tv,

496 859 811 938 luuntsutus

398 980 532 1068 v11‚in
564 988 670 1054 sectas
704 981 910 1056 distributus.

340 1165 560 1242 CONTRA
586 1166 965 1260 sedunenses

215 1311 299 1384 qnae
326 1293 378 1360 est
401 1287 507 1383 prima
531 1286 689 1360 Iudaismi
714 1293 819 1378 senta,
853 1287 968 1362 ordine
993 1287 1085 1364 XIV.

159 1420 236 1488 Post
262 1423 328 1487 illas
353 1418 602 1486 Samaritanorum
625 1443 643 1484 a
666 1419 748 1484 stolis
771 1433 954 1486 enumeratas
980 1419 1216 1510 Graecorumque
1235 1433 1294 1502 Cap.
1310 1442 1328 1489 1.

83 1536 176 1590 notas
203 1534 317 1608 septem
343 1523 416 1607 apud
440 1519 562 1586 ludaeos
585 1531 653 1586 ante
674 1517 784 1585 Christi
813 1522 919 1586 domiui
942 1526 1097 1588 adventurn
1119 1530 1149 1590 in
1172 1525 1219 1591 lu-

84 1629 150 1692 dses
175 1637 264 1710 atque
286 1623 499 1708 Hierosolymis
521 1623 693 1686 extiterunt.

160 1727 278 1792 florum
299 1725 381 1811 primi
406 1729 487 1790 luere
506 1721 666 1790 Sadduesei
686 1744 702 1786 a
719 1722 862 1789 Dositheo
883 1726 933 1789 illo
956 1728 1116 1813 propagati.
1162 1728 1219 1813 Qui

84 1831 215 1894 nimirum
234 1825 423 1894 Sadducaeos
442 1847 476 1890 se
494 1847 512 1890 n
531 1825 641 1892 iustitia
663 1826 824 1892 nominant.
868 1824 966 1892 Sedelr
985 1829 1060 1892 enim
1082 1831 1219 1896 iustitiam

84 1933 237 2016 n'gnidnst.
283 1925 344 1994 Sed
359 1938 390 1993 et
403 1926 500 1994 Sados
517 1929 631 2012 quidam
646 1947 687 1992 ex
704 1927 829 2012 antiquis
844 1929 1044 1994 sacerdotibus
1061 1934 1221 2018 appellatus

85 2043 138 2096 est.
184 2030 298 2096 Verum
318 2029 367 2094 isti
383 2051 400 2094 a
414 2030 545 2114 magistri
565 2030 696 2094 doetrina
713 2029 909 2094 demiserunt.
952 2027 1070 2097 Etenim
1093 2047 1220 2098 mortuo·

83 2155 142 2198 run
168 2132 417 2197 resurrectionem
441 2131 640 2211 sustuleruntq
669 2130 699 2194 in
723 2151 780 2216 quo
804 2149 868 2194 uum
894 2127 1084 2198 Samaritnnis
1111 2157 1219 2200 unusve-

83 2235 174 2298 siunt.
221 2231 284 2300 Sed
299 2233 419 2316 angelos
434 2242 536 2297 eontra
550 2253 634 2316 quam
651 2229 827 2298 Samaritani
847 2233 1015 2316 repudient,
1038 2256 1073 2300 ao
1087 2237 1218 2320 spiritum

82 2347 214 2402 asomum
239 2335 395 2420 ignorant,
427 2354 510 2418 qoem
537 2353 593 2398 neo
614 2334 749 2420 aenipere
769 2345 951 2398 meruerunt.
994 2333 1104 2401 Eadem
1130 2359 1217 2422 porro

81 2459 143 2502 mm
162 2435 360 2504 Samaritrnis
373 2435 506 2502 institute
526 2435 703 2500 eustodiunt.
747 2433 928 2520 Quamquam
945 2432 1062 2518 ludaei,
1085 2459 1142 2502 unu
1163 2435 1219 2504 So·

80 2539 214 2604 naaitnni
232 2538 359 2602 luerunt.
404 2534 553 2622 Siquidem
571 2535 785 2622 Hierosolymis
807 2535 1025 2618 snuridosbant,
1048 2550 1220 2626 caeteraque

80 2643 176 2706 omnia
202 2661 266 2704 oum
287 2637 404 2704 ludaeis
423 2639 614 2702 eommuuiter
632 2638 783 2722 gerebant.
827 2638 926 2723 Atque
950 2639 1003 2704 loos
1027 2641 1141 2724 quidem
1163 2665 1221 2708 une

81 2737 196 2806 Clristi
216 2741 323 2806 domini
344 2741 490 2804 sententia
511 2740 588 2803 omni
611 2739 666 2803 dde
685 2739 772 2824 digna
793 2749 977 2824 prosternet,
1000 2762 1083 2825 quam
1104 2743 1160 2829 ipsi
1181 2767 1221 2810 ex

79 2840 251 2932 propositae
267 2841 445 2926 quaestionis
463 2840 655 2906 dissolutione
676 2841 706 2906 iu
729 2841 842 2926 seipsos
866 2853 1079 2926 provocarunt,
1101 2867 1165 2910 oum
1184 2848 1219 2911 ud

78 2965 140 3010 rum
175 2945 352 3008 aeoetmtes
383 2953 524 3026 sugerunt
555 2942 657 3007 desine
687 2953 787 3028 posset
819 2955 998 3010 mortuorum
1028 2950 1216 3014 resurreetio.
1231 2959 1316 3055 ffl-

75 3043 148 3112 ltesn
171 3045 266 3108 fnisse
281 3055 418 3130 septenos
436 3045 561 3125 lratres,
585 3064 706 3130 quorum
722 3043 830 3129 primus
847 3066 943 3110 uxore
963 3047 1046 3110 ductu
1069 3069 1133 3114 oum
1155 3050 1219 3116 siue
1263 3043 1270 3066 ’

75 3146 181 3212 liberis
208 3145 399 3223 decessisset,
428 3145 573 3210 seeundus
594 3166 658 3210 uam
684 3145 818 3231 excepit,
848 3166 888 3210 ox
905 3144 1003 3212 Moris
1028 3152 1218 3235 praescripto,

73 3249 120 3333 qui
140 3248 217 3312 viru
240 3248 303 3312 siue
323 3247 423 3312 liberis
440 3247 575 3312 delunoto
592 3247 750 3313 succedere
769 3249 887 3312 lratrem
907 3248 937 3314 in
957 3248 1034 3314 illius
1055 3252 1219 3334 coniugium

71 3351 180 3427 iussit,
210 3347 381 3433 viduamque
399 3349 521 3429 dooere,
545 3371 602 3434 quo
623 3349 653 3412 iu
677 3349 782 3412 mortui
802 3371 907 3413 nomen
923 3350 1123 3435 posteritutem
1138 3352 1219 3414 exei-

73 3463 162 3518 uret.
214 3450 331 3514 Aeoidit
345 3449 445 3534 igitur,
468 3450 594 3529 aiebant,
619 3449 741 3514 utillum
758 3450 866 3536 primus
882 3473 917 3514 on
933 3452 1077 3516 secundus
1095 3472 1217 3517 uxorem

71 3550 236 3620 debuerint
250 3573 284 3616 as
300 3552 404 3616 monui
417 3552 488 3632 siut,
511 3563 679 3638 septemque
694 3551 792 3618 itidem
807 3544 920 3618 omnes.
953 3551 988 3616 ln
1003 3553 1218 3618 resurreetione

69 3657 173 3741 itaque
194 3663 375 3718 mundorum
392 3653 473 3718 euius
490 3653 742 3734 hononorem,
766 3654 993 3738 quandoquidem
1008 3665 1119 3740 septem
1141 3656 1218 3722 illam

70 3758 237 3841 onningen
257 3753 438 3818 ltalrneruutl
477 3754 524 3818 Ad
546 3755 618 3820 lraeu
635 3755 768 3820 dominus
785 3756 826 3820 its
844 3755 1010 3840 respondit:
1039 3759 1154 3820 Erron's
1169 3782 1218 3821 ne·

68 3865 199 3922 ameum
218 3860 373 3937 temptum
389 3878 424 3918 ne
444 3862 574 3920 onmem
589 3861 652 3933 det,-
675 3863 704 3921 r'n
727 3861 933 3919 numentanae
953 3861 1024 3920 eninr
1045 3872 1217 3926 mortuorum

67 3983 159 4044 separe
186 3974 291 4020 uxores
311 3961 434 4033 duem,
461 3981 549 4040 neque
568 3961 694 4034 nubunt,
721 3963 773 4022 aed
789 3979 876 4039 poros
894 3970 963 4020 aunt
976 3965 1095 4040 angelis.
1139 3967 1219 4041 (laod

68 4075 163 4124 acen
186 4065 296 4122 murnai
306 4071 472 4140 remgerus,
495 4063 608 4140 Moyses
626 4083 674 4124 vos
693 4065 787 4135 docet,
810 4064 939 4140 quonum
958 4066 999 4123 r'tn
1017 4067 1086 4125 deus
1104 4067 1154 4124 ille
1171 4086 1216 4124 re·
1228 4089 1364 4148 ⁸¹⁰l·³.²

67 4167 208 4244 podis.-
230 4165 374 4241 Egestam
392 4166 461 4224 deus
476 4163 619 4237 Adranon,
643 4175 672 4224 et
690 4166 758 4224 deus
774 4167 871 4235 leone,
895 4174 923 4224 et
943 4167 1010 4226 deus
1025 4167 1125 4238 Ionod,
1149 4167 1216 4226 deus

68 4271 203 4328 mannan
219 4275 469 4326 aonmnrtuoruan.
514 4261 559 4328 lta
580 4283 615 4328 os
630 4262 687 4328 illis
705 4250 838 4327 occlusit.
884 4261 999 4330 Faciles
1015 4264 1093 4329 enim
1112 4264 1146 4327 ad
1170 4283 1216 4327 re·

69 4365 232 4430 ledendum
255 4375 339 4442 snut,
363 4385 418 4429 neo
440 4365 488 4429 vel
509 4363 592 4430 brevi
613 4364 707 4450 spatio
729 4365 845 4430 veritati
866 4377 989 4452 possunt
1011 4367 1161 4432 resistere.

118 4461 403 4520 amusemen-
977 4475 997 4535 6
