3110 4984
309 339 445 394 statutt
462 341 540 395 ΑΝ.
557 339 728 396 mmm
743 340 838 394 Mill.
855 341 936 396 sutt.
950 343 969 394 Ι.
1156 331 1215 396 113

92 485 143 529 mu
162 481 208 550 per
224 480 294 526 seue
312 459 467 526 veritatem
484 459 603 547 penitus
620 460 802 548 approbavit.
846 457 955 526 Postea
976 481 1035 526 non
1055 461 1122 528 beta
1143 462 1217 528 dnu-

92 577 159 630 tamt
173 563 311 648 imagine,
342 564 394 628 sed
419 563 517 649 reipsa
538 583 603 628 oum
626 564 690 629 eois
714 563 845 649 epulatus
872 564 991 628 eosdem
1014 563 1157 644 institnit,
1180 585 1216 630 aa

91 667 198 732 eoeleste
213 685 336 750 regum
359 685 423 729 eum
444 663 569 730 veritate
590 665 730 730 nunciare
747 665 862 743 docuit,
885 675 944 728 tum
968 687 1034 730 oum
1056 668 1216 731 maximum

89 769 146 834 ibnd
162 770 302 854 longeque
322 767 512 853 praecipuum
532 787 670 832 amanum
692 765 840 850 discipulis
857 766 982 850 aperuit.
1026 774 1147 844 ltomte,
1170 769 1217 833 io·

88 872 147 956 quit,
166 893 253 933 οιιιιιι
267 881 377 951 geum.
424 867 490 934 Hoc
505 879 569 934 esta
594 870 641 934 Ab
654 868 840 954 umprobrtabe
855 868 920 934 illas
936 869 973 934 ad
988 869 1153 949 reriutem,
1176 870 1214 934 ab
1227 877 1311 924 macru

87 975 162 1038 sertis
175 972 262 1036 variis
276 972 314 1036 ad
327 971 458 1035 eiusdem
473 971 616 1056 dogmatis
632 971 866 1035 communionem
880 969 1034 1036 traducite.
1064 929 1260 1054 dupn'aote’

86 1097 125 1138 ιιι
139 1079 287 1136 &nomae
301 1077 405 1154 ριιιιιι,
429 1085 459 1135 et
465 1076 539 1155 fila
563 1085 593 1135 et
606 1076 725 1155 ipolitus
739 1077 849 1148 annau·
874 1070 1008 1136 nimirum
1022 1072 1052 1136 in
1070 1073 1216 1140 dominica

87 1176 206 1240 uotam
229 1175 443 1260 appellatione,
468 1175 576 1260 qood
567 1195 659 1260 ipsum
685 1185 904 1238 sacrosanctum
925 1185 972 1239 est
987 1195 1022 1239 ao
1040 1175 1153 1260 regium
1174 1175 1215 1240 si·

85 1301 176 1362 ςιιιιιιιι
197 1299 255 1363 quo
272 1278 321 1340 rel
342 1276 408 1363 ipso
431 1276 548 1341 nomine
568 1275 749 1360 signiticaret
765 1276 836 1340 nibil
854 1297 920 1341 osso
935 1276 971 1340 ab
989 1277 1099 1342 unitate
1118 1276 1215 1342 diver-

85 1401 148 1444 sum.
189 1375 263 1444 Cum
279 1378 358 1444 esim
375 1379 518 1466 baptizari
538 1376 671 1442 bomiues
688 1376 770 1442 iubet
783 1382 815 1440 ιιι
829 1384 940 1441 nomm
950 1383 1056 1459 patria
1081 1379 1164 1444 bruta
1179 1399 1216 1446 au

85 1481 182 1546 stabilia
199 1490 244 1545 est
259 1479 372 1565 gloriae
395 1479 584 1565 praedicatio.
631 1476 717 1561 Quod
740 1499 813 1546 vero
834 1479 950 1544 additor
969 1485 998 1542 ιιι
1016 1485 1127 1544 oronim
1138 1483 1212 1562 filii,

85 1583 148 1647 nulla
167 1603 201 1646 re
219 1583 296 1648 bunc
314 1603 331 1646 a
352 1593 476 1669 paterna
498 1581 641 1667 dignitate
663 1581 789 1645 dcbeere
811 1581 965 1667 appellatio
989 1581 1053 1666 ipsa
1074 1582 1213 1647 declarat.

83 1681 223 1748 Post-emo
241 1684 278 1748 iis
299 1683 330 1748 in
350 1684 468 1763 verbio,
491 1688 520 1747 ιιι
535 1689 646 1746 nomme
660 1689 778 1764 apaia'tuc
792 1689 901 1758 eoacu',
925 1682 1004 1748 nulla
1026 1693 1074 1748 est
1094 1683 1216 1748 coaluu-

83 1786 173 1850 etiouia
193 1785 320 1866 divisio,
347 1785 476 1851 varietas
500 1786 596 1867 nulla,
625 1786 678 1850 sed
702 1785 789 1850 uuins
812 1784 973 1852 divinitatis
996 1785 1077 1850 velot
1099 1786 1214 1870 signum
1346 1805 1352 1822 ·

81 1899 280 1974 repraesentat.

151 1987 286 2072 Denique
312 1988 414 2056 eodem
442 2011 507 2054 enm
535 2009 659 2076 corpore
681 1989 829 2052 stenima
854 1999 1009 2074 menteque
1030 1989 1067 2054 ad
1091 2009 1215 2075 superos
1233 2002 1349 2072 captu.

79 2102 189 2154 meatus
206 2101 271 2168 est,
294 2091 429 2155 omnibus
446 2091 504 2154 illis
524 2092 554 2156 in
577 2113 663 2156 uuum
682 2091 813 2155 conflatis
835 2102 921 2175 atquc
939 2091 968 2154 iu
987 2092 1107 2154 eandem
1129 2092 1215 2178 spiri-

79 2192 171 2256 tuale·
192 2213 348 2276 personaru
364 2192 624 2273 concurrentibus,
647 2193 812 2278 divinisque
827 2191 958 2257 redditis.
1003 2190 1076 2256 lude
1091 2213 1162 2257 mox
1184 2204 1216 2258 ut

76 2295 106 2356 ad
123 2293 212 2378 patris
229 2294 365 2358 dextram
384 2295 533 2374 consedit,
558 2315 719 2380 praecones
737 2295 767 2358 in
784 2293 953 2360 utdvcrsmn
969 2293 1069 2358 orbem
1092 2293 1213 2374 dimisit,

74 2391 217 2460 Simonem
235 2393 376 2476 Petrum,
401 2407 431 2460 et
446 2395 645 2461 Andrean
618 2417 683 2462 erne
706 2398 842 2476 tratrem,
867 2393 1003 2460 lecobnm
1027 2405 1056 2459 et
1075 2392 1214 2460 loannem

73 2495 217 2561 Zebedaei
233 2497 327 2575 lilios,
352 2519 425 2582 quos
445 2497 513 2563 olim
530 2499 695 2584 delegerat,
718 2496 879 2584 Philippum
898 2508 929 2562 et
943 2494 1214 2620 bartholomaeum,

70 2595 263 2678 Mendaeum,
289 2597 461 2679 Tbnmam,
471 2612 501 2665 et
516 2597 628 2678 ludam
653 2621 687 2664 ac
704 2599 912 2678 Tbaddaeom,
936 2621 972 2664 ao
986 2573 1138 2665 Simonem
1156 2597 1216 2664 Ze·

69 2699 154 2764 loten.
191 2697 272 2763 Nam
292 2698 450 2764 locariotes
467 2698 554 2767 ludas
570 2703 626 2767 etsi
643 2702 783 2766 hacteuus
798 2702 834 2766 od
847 2699 911 2768 Xll
925 2701 1089 2787 adscriptus
1105 2703 1214 2782 lucrm,

68 2813 256 2888 posteaquam
274 2801 452 2887 proditorem
471 2823 505 2866 se
528 2803 613 2882 lecit,
636 2803 673 2868 ab
695 2825 780 2870 sacro
804 2803 1003 2891 apostolorum
1027 2825 1148 2870 numero
1170 2813 1218 2868 est

67 2914 244 2990 expunctus.
275 2901 402 2968 Praeter
415 2903 469 2968 bos
481 2902 605 2969 Lxxtt
619 2906 694 2970 alios
709 2907 744 2969 ad
761 2907 881 2970 eaodem
900 2907 1078 2970 spretionem
1095 2905 1213 2990 allegat,

65 3007 203 3090 equibus
218 3002 278 3068 Vll
292 3004 334 3069 itti
351 3007 433 3070 luere
447 3007 495 3090 qui
512 3007 547 3070 ad
564 3005 714 3071 viduarum
730 3007 900 3091 obsequium
918 3008 1021 3072 delecti
1037 3017 1121 3072 sunta
1147 3006 1216 3072 Ste-
1229 3021 1276 3064 saa
1289 3019 1343 3076 bb

64 3108 187 3190 pharus,
213 3103 376 3193 Philippus,
400 3105 579 3186 Prooborus,
601 3107 749 3188 Nicanor,
773 3107 894 3189 Timon,
919 3101 1091 3188 Parmenas,
1116 3119 1146 3174 et
1160 3107 1217 3173 Ni·

63 3210 175 3288 eolaos,
203 3219 235 3272 et
250 3219 320 3272 ante
339 3207 393 3272 bos
408 3205 562 3290 Matthias,
586 3211 634 3295 qui
654 3211 719 3275 loco
735 3207 823 3275 ludas
842 3210 920 3274 inter
933 3211 1081 3296 apostolos
1098 3219 1216 3295 coopta-

62 3321 104 3374 tus
121 3322 183 3376 est.
232 3311 281 3374 tt
300 3321 439 3396 septenos
457 3311 523 3375 illos
539 3332 575 3375 an
593 3308 765 3391 Matthianr,
789 3308 925 3376 Marcum
944 3312 1082 3398 insuper,
1106 3321 1137 3376 et
1153 3307 1217 3374 Lu·

60 3431 135 3492 cam,
159 3409 292 3492 lustum,
316 3408 499 3491 Bumrabam,
522 3413 674 3500 Apellam,
697 3411 834 3494 Rullum,
855 3412 1000 3498 Nigrum,
1023 3432 1057 3476 ao
1073 3412 1214 3496 reliquos,

61 3513 98 3576 ni
115 3515 274 3593 diximus,
296 3510 422 3578 Lxxtt
447 3513 564 3578 adiecit.
609 3512 724 3597 Quibus
747 3537 812 3579 num
834 3516 920 3579 etium
943 3525 1076 3578 sanctum
1092 3511 1218 3578 Paulum

59 3627 164 3700 suapte
185 3617 228 3680 de
254 3615 339 3679 cocto
363 3637 437 3679 voce
462 3615 552 3680 missa
573 3617 735 3700 apostolum
760 3617 947 3699 gentiumne
973 3635 1165 3700 praeconem,
1187 3625 1219 3680 et

58 3717 248 3800 apostolicae
264 3717 415 3780 doetrinae
430 3729 693 3782 consummatorem
710 3716 846 3782 instituit.
878 3714 935 3799 Qui
953 3715 1067 3800 quidem
1086 3726 1217 3782 sanetum

59 3813 196 3900 Ιιιιωιιι,
225 3829 257 3883 ut
271 3829 452 3898 memorant,
477 3841 565 3884 noum
582 3839 598 3882 e
614 3815 738 3882 LXXll
756 3817 919 3902 discipulis,
941 3818 989 3902 qui
1006 3817 1103 3883 varim
1117 3819 1147 3884 io
1170 3839 1219 3884 re-

59 3919 164 3998 giones
194 3919 332 4005 dissipati
358 3921 492 4000 beraut,
522 3921 658 4000 reduxit,
688 3939 813 4005 eumque
839 3921 975 3984 comitem
1001 3931 1032 3984 et
1056 3922 1217 3986 adiutorem

60 4020 214 4106 magefit
237 4021 373 4086 simulet
396 4021 559 4107 apostolum
580 4021 721 4088 adhibuit.
766 4019 832 4085 lloo
855 4020 939 4086 modo
961 4033 1052 4088 totum
1073 4021 1218 4107 evangelii

60 4122 215 4204 tegotium
239 4124 277 4188 ad
299 4123 328 4186 id
350 4144 443 4208 usqne
466 4123 605 4209 temporis
627 4125 793 4188 coniectum
816 4133 872 4186 est.

141 4226 252 4309 Atque
273 4224 415 4289 baotenus
439 4224 475 4290 dc
491 4222 537 4289 Xl
555 4225 661 4304 sectis,
687 4225 780 4308 deque
798 4245 835 4288 eo
858 4226 933 4310 qnod
951 4226 1053 4290 ordine
1076 4243 1219 4289 consecu-

58 4328 124 4386 tun
141 4337 215 4404 est,
242 4337 274 4392 et
297 4345 314 4390 a
334 4347 382 4390 me
399 4347 452 4413 pro
471 4327 577 4391 virium
600 4337 687 4413 captu
710 4325 810 4412 paucis
830 4328 1024 4414 explicatum,
1048 4319 1220 4409 coangelice

237 4491 490 4566 -1.Πρι’χωρος
506 4497 557 4549 and.
570 4499 630 4550 llbe-
697 4495 722 4548 2.
740 4489 776 4557 ult
793 4498 844 4548 eod.
859 4499 934 4548 tenet.

53 4557 99 4621 dp
117 4569 144 4612 et
161 4567 223 4617 edit.
238 4579 315 4628 pruna
