3080 5002
376 305 514 358 rauaau
529 305 594 358 rsa.
609 307 628 358 r.
644 305 726 359 rou.
741 305 786 360 ru.
802 305 900 357 uass.
915 303 1009 357 xurr.
1208 293 1269 360 'lob
1368 266 1373 279 ’

113 445 206 508 regm
224 429 375 488 amiam
422 423 463 490 Et
481 425 618 510 quoniam
636 425 747 490 veritas
767 446 838 490 suos
856 402 963 510 ubique
986 426 1085 491 radios
1105 426 1270 494 diffundens

114 544 174 614 pro
191 549 226 594 ea
246 532 332 613 qiam
348 529 420 594 tem
435 525 522 594 babet
535 529 745 592 imminentium
762 528 901 592 malorum
918 527 1019 592 notitia
1032 549 1185 595 sermones
1200 551 1270 596 suos

113 631 152 694 ad
169 631 388 696 ooomooenrlos
408 653 526 696 errores
545 633 793 710 aeenmmorlavit,
817 631 884 694 iorle
902 633 1008 694 laetum
1026 641 1088 710 est,
1113 635 1271 718 pessimat

115 755 219 798 saerae
234 735 340 800 literae
354 740 454 800 iorum
471 735 519 820 qui
538 745 641 798 eontra
654 733 810 800 veritatem
826 734 1015 818 insurgerent
1031 755 1167 800 erearum
1183 747 1271 822 etque

115 835 266 902 interitura
287 837 498 923 praedixerint.
546 835 598 902 Sie
621 835 698 901 euim
720 848 821 924 aperte
839 838 963 922 quodam
985 835 1016 900 io
1038 836 1103 902 loeo
1122 839 1269 922 dominus,

115 950 150 1002 ut
169 939 317 1004 iulelioem
335 939 415 1004 illum
434 950 465 1004 et
480 941 671 1027 impostorem
690 937 835 1006 Severum
856 951 1012 1023 argueret,
1043 939 1133 1004 vitem
1151 961 1185 1005 se
1205 961 1272 1006 esse

114 1041 297 1127 pronuntiat.
336 1047 400 1124 lige
413 1065 485 1119 saer,
510 1043 616 1128 inquit,
640 1049 705 1106 ra'tr's
718 1065 796 1106 nera.
837 1043 929 1128 Atqui
942 1043 968 1106 si
982 1041 1174 1128 vituperanda
1189 1065 1272 1129 pror-
1282 1061 1424 1118 tenetur.

114 1165 169 1209 sara
186 1142 255 1210 ritis
273 1156 355 1210 esset
372 1145 544 1232 appellatio,
577 1165 722 1230 uunquam
739 1146 825 1210 huius
841 1147 876 1209 etl
896 1167 930 1210 se
944 1145 1162 1210 similitudinem
1176 1157 1273 1212 uana·

116 1249 219 1314 teme
265 1244 345 1331 Quin
369 1259 400 1311 et
417 1249 540 1333 apostoli
565 1249 596 1311 io
618 1269 654 1312 eo
675 1247 750 1314 libro
773 1249 820 1334 qui
838 1244 994 1326 Διάταξις,
1016 1249 1071 1312 lano
1090 1259 1137 1314 est
1153 1244 1273 1314 Consti·

114 1350 207 1429 tutio,
232 1361 355 1414 rooatur
371 1351 418 1414 elei
433 1352 553 1438 stirpem
571 1373 605 1415 ao
622 1352 738 1417 vineam
755 1371 824 1418 esse
842 1351 1014 1416 eatbolioam
1034 1351 1187 1418 ecelesiam
1206 1373 1272 1437 pro-

114 1453 198 1518 rlunt.
244 1449 410 1566 Etnquotl
435 1454 560 1540 amplius
584 1465 647 1532 eat,
676 1453 812 1518 (lominus
835 1454 898 1541 ipse
924 1475 1039 1520 rursum
1062 1456 1093 1518 io
1118 1455 1271 1538 evaugelio

113 1555 191 1619 islam
208 1557 374 1641 expressit,
398 1555 447 1620 ubi
462 1557 540 1621 illam
559 1557 663 1622 vineae
679 1557 845 1643 parabolem
864 1557 1031 1644 proposuit:
1056 1563 1145 1622 lionae
1160 1563 1272 1640 qur'dern
1285 1575 1340 1620 uua.
1353 1574 1387 1619 as.

108 1649 323 1742 paterfam'bire
338 1661 460 1722 labem
470 1665 594 1736 emman,
618 1671 648 1722 et
664 1663 770 1723 loeau't
783 1664 861 1723 allam
876 1665 1028 1743 embolae,
1053 1672 1082 1724 et
1095 1666 1173 1724 arabit
1187 1685 1272 1745 quee-

113 1785 183 1826 reas
189 1765 332 1846 fruerere,
357 1775 386 1826 et
400 1785 456 1826 neo
467 1768 614 1826 Manet.
661 1760 753 1827 ltemr
776 1767 864 1826 Home
878 1768 988 1846 quidam
999 1768 1208 1847 paterfamiliae
1221 1769 1273 1828 be·
1286 1779 1413 1826 atreum.

115 1868 186 1928 hae
200 1871 307 1928 obeam
322 1871 397 1928 eoai't
407 1889 545 1949 quaerens
559 1872 703 1948 operar-ebs
717 1871 747 1929 a'rr
760 1871 877 1941 esame,
902 1879 932 1928 et
944 1872 1022 1929 er'rea
1036 1872 1269 1946 tererestereres,

112 1983 147 2032 et
160 1983 286 2046 emtam,
316 1981 344 2032 et
361 1991 480 2046 onnam,
511 1981 542 2032 et
554 1975 736 2034 eudemum.
783 1967 823 2034 Ut
838 1991 877 2034 ex
894 1973 971 2033 omni
990 1981 1071 2056 parte
1087 1973 1163 2037 vairi
1180 1973 1273 2038 homi·

113 2073 162 2138 nis
178 2075 258 2137 ireos
273 2084 304 2138 et
318 2073 489 2158 improbitas
505 2073 639 2138 veritatis
654 2073 787 2138 oratioue
803 2073 963 2138 saooietor.
1007 2071 1084 2138 Nam
1102 2085 1134 2138 ut
1149 2075 1272 2142 absente

113 2177 180 2240 lune
202 2187 358 2260 uteumqoe
380 2186 541 2262 appareant
564 2175 719 2252 tenebrae,
751 2175 926 2260 simulatque
943 2176 990 2240 rel
1009 2175 1127 2240 miniosa
1145 2177 1272 2242 scintille

113 2277 224 2343 minare
243 2278 389 2371 eoeperit,
421 2290 601 2342 evanescunt
617 2277 684 2344 illae
700 2279 856 2359 eontinoo,
889 2279 1063 2365 penitusque
1079 2279 1269 2366 dissipantur.

113 2382 182 2468 Ego
203 2402 276 2447 aero
298 2382 365 2446 ideo
383 2381 489 2448 leviter
508 2381 583 2445 bauo
601 2381 745 2446 baeresim
764 2381 913 2466 percurri,
937 2383 1113 2465 quarinum,
1140 2393 1171 2446 ot
1186 2383 1271 2448 iuitin

113 2485 233 2564 aron-ui,
256 2486 384 2550 refutatu
400 2485 439 2548 sit
453 2483 558 2562 laeilis,
581 2505 639 2548 ooo
654 2504 760 2569 magno
774 2483 875 2548 labore
890 2485 1037 2550 eontraria
1053 2485 1146 2572 possit
1159 2485 1271 2552 veritas

113 2588 264 2656 affirmari.
309 2586 435 2650 Aeoerlit
458 2598 488 2652 et
507 2586 594 2666 illud,
627 2588 702 2671 qual
725 2587 772 2651 rel
796 2587 892 2650 oollae
915 2587 1001 2652 hodie
1023 2589 1172 2674 supersint
1191 2588 1270 2654 illius

113 2702 214 2756 aeetae
240 2689 396 2774 reliquiae,
431 2689 478 2754 rel
502 2689 629 2775 exiguae
655 2690 807 2754 admodum
830 2690 1032 2776 superioribus
1055 2690 1085 2754 io
1109 2691 1270 2778 proriuoiis

110 2795 248 2859 relictae.

197 2894 397 2981 Quamobrem
416 2915 470 2960 nos
493 2915 527 2958 ea
546 2895 771 2979 praetermissa,
803 2896 884 2961 velut
901 2897 1017 2982 soorpio
1034 2897 1157 2980 quolam
1172 2897 1270 2964 subito

112 2999 299 3086 proeuleeto‚
332 3009 448 3062 eeteros
471 2998 687 3084 aggrediamur.
733 2995 794 3064 set
815 2999 944 3063 livinum
964 3011 1032 3064 anta
1051 3001 1147 3064 omoie
1167 3001 1269 3087 implo-

110 3104 235 3168 randum
258 3102 416 3182 auxilium,
449 3123 506 3186 quo
531 3112 562 3165 et
581 3121 654 3166 vera
673 3100 818 3187 possimus
838 3101 953 3187 eloqui,
985 3122 1079 3186 noque
1097 3100 1268 3186 nobisipsis

111 3203 208 3270 irasrli
229 3206 268 3269 sit
287 3227 387 3272 aarum
410 3205 680 3284 rerumtraetetio,
713 3204 886 3290 praesertim
908 3227 973 3268 eom
998 3215 1055 3266 tam
1075 3204 1216 3268 nefariam
1239 3217 1269 3270 et

108 3319 242 3372 atroeem
261 3307 467 3393 pestiferorum
485 3309 650 3393 domatum
668 3303 882 3392 improbitatem
901 3306 1036 3391 persequi
1053 3307 1234 3372 studeamus.

367 3544 618 3626 CONTRA
665 3541 1005 3639 tertullus,

308 3695 390 3766 quae
420 3677 471 3744 eat
496 3669 643 3744 haeresis
666 3667 813 3762 XXVI„
847 3668 918 3742 sive
945 3667 1069 3742 xtvt.

196 3823 343 3888 Tatianus
359 3823 474 3907 quidam
489 3833 555 3909 post
569 3822 636 3886 illos
651 3821 767 3887 extititr
792 3821 840 3906 qui
857 3821 922 3884 sire
940 3821 1043 3886 eorlem
1063 3821 1178 3907 ponitus
1194 3833 1266 3888 tem·
1285 3829 1344 3900 erp.
1356 3833 1376 3882 1.

108 3947 200 4014 pore,
232 3927 296 3990 sire
313 3925 398 4009 paolo
415 3935 483 4011 pest
495 3925 667 4004 emerserit,
700 3946 806 3989 noram
822 3924 997 3990 vanissimae
1014 3925 1164 3992 doetrinae
1180 3927 1266 3992 sebo-

106 4032 166 4108 lam
186 4027 323 4092 instituit.
370 4024 400 4092 ls
420 4027 558 4111 primum,
591 4039 692 4113 utpote
709 4025 835 4093 Graeois
853 4027 983 4092 eruditus
1002 4029 1131 4109 artibus,
1161 4027 1267 4096 lustiai

106 4131 273 4219 pbilosopbi
289 4129 467 4196 sanetissiori
482 4153 515 4195 ae
530 4131 743 4216 religiosissimi
758 4131 815 4195 riri
830 4131 1041 4196 consuetudine
1057 4145 1104 4198 est
1118 4155 1199 4214 usos,
1217 4135 1265 4220 qui

106 4257 125 4300 e
143 4232 341 4301 Samaritaois
357 4233 393 4298 etl
407 4230 519 4308 Christi
533 4235 616 4298 iidem
633 4233 801 4299 usosiarat.
847 4230 978 4300 lustinus
991 4235 1068 4299 euim
1082 4257 1193 4320 genere
1209 4233 1265 4302 Se-

106 4488 344 4614 ffiapnptrrair
363 4491 399 4554 sl<
414 4489 524 4559 Χριστὸν
541 4489 749 4558 πεπιστευκότος,
773 4495 836 4557 mot
854 4495 1063 4546 arremarenses
1078 4509 1108 4546 ee
1123 4497 1174 4548 aab.
1191 4492 1264 4550 lette.
