3106 4990
373 317 622 371 romanamet.
640 319 781 372 nomm
800 319 971 372 naunxn.
1190 309 1251 373 535

92 440 233 518 detecto,
264 438 300 502 ad
322 438 407 502 aliana
431 439 585 523 deinceps,
618 461 674 524 quc
696 461 751 504 nos
768 439 894 504 instituti
917 436 1015 526 operls
1036 441 1131 506 series
1152 451 1250 522 vocat,

92 543 297 608 convertenda
320 561 422 606 rursus
445 543 551 607 oratio'.

246 781 584 861 ADVERSUS
630 782 1104 878 ercnuualdus

373 929 456 1002 quac
484 913 535 981 est
561 905 709 982 haeresis
728 906 806 982 XX.
834 905 887 982 rel
904 904 979 980 XL.

184 1055 324 1122 Proxima
345 1057 415 1121 'huic
437 1067 483 1121 est
507 1057 754 1122 Archonticorum
779 1057 927 1136 haeresis,
960 1077 1034 1141 quae
1056 1067 1152 1120 tamen
1177 1056 1252 1120 haud
1271 1065 1329 1135 Gap.
1349 1067 1367 1114 t.

91 1159 245 1246 plerisque
260 1170 344 1223 extra
357 1157 555 1223 Palaestinam
570 1161 598 1224 in
613 1159 685 1224 locis
698 1161 839 1224 cernitur.
873 1158 1055 1243 Quamquam
1071 1159 1152 1222 virus
1168 1180 1251 1222 suurn

91 1264 125 1326 in
145 1260 291 1326 Maiorem
314 1261 401 1326 etiam
422 1262 592 1326 Armeniam
616 1263 803 1328 diffuderunt.
850 1261 912 1326 lmo
936 1261 1012 1326 etin
1033 1261 1174 1324 Armenia
1194 1259 1251 1324 tti-

92 1386 172 1430 nore
190 1365 289 1428 lolium
306 1365 382 1428 istud
402 1376 483 1428 certo
502 1365 538 1430 ab
557 1364 673 1428 homine
692 1365 908 1430 disseminatum
928 1374 990 1443 est,
1015 1365 1062 1448 qui
1081 1363 1165 1449 paolo
1183 1373 1251 1426 ante

93 1465 265 1534 Constantii
286 1464 470 1551 imperatoris
489 1467 597 1532 obitum
623 1489 661 1531 ex
680 1467 822 1531 Armenia
842 1469 872 1530 in
889 1464 1085 1530 Palaestinam
1104 1467 1251 1550 prolectas

93 1581 161 1650 est,
185 1567 328 1634 Eutactos
345 1568 480 1648 nomine,
505 1571 568 1634 sivo
583 1571 709 1634 Atactus
726 1569 835 1655 potius,
861 1569 915 1632 hoo
932 1581 976 1632 est
994 1569 1122 1633 moribus
1138 1578 1252 1653 pertur-

92 1675 195 1738 batus.
242 1670 301 1755 Qui
322 1693 386 1735 cum
404 1671 510 1736 inlelix
526 1672 595 1736 illud
614 1672 717 1756 dogma
733 1671 939 1750 combibisset‚
963 1672 993 1734 in
1011 1671 1132 1758 patriam
1151 1691 1252 1735 rever-

92 1798 149 1842 sus
171 1775 300 1860 profiteri
322 1775 420 1859 coepit
440 1775 515 1859 quod
534 1775 685 1838 didicerat.
732 1771 881 1837 Eiusmodi
899 1795 986 1859 porro
1002 1775 1083 1838 uelut
1100 1773 1135 1836 ab
1153 1774 1251 1859 aspide

92 1899 243 1944 venenum
263 1897 369 1941 asene
388 1878 512 1962 quodam
530 1877 684 1956 hauserat,
717 1877 835 1940 nomine
853 1873 961 1956 Petro,
992 1877 1043 1940 sed
1061 1876 1178 1940 minime
1199 1876 1253 1939 bac

93 1982 290 2068 appellatione
308 1982 414 2064 digno,
438 1981 534 2066 quiin
553 1979 789 2065 Eleutheropolis
808 1990 838 2042 et
856 1978 1129 2064 Hierosolymorum
1149 1977 1252 2042 batibus

93 2083 265 2164 habitabat,
292 2083 378 2148 tertio
396 2084 432 2146 ab
452 2083 592 2148 llehrone
611 2083 721 2167 lapide,
747 2082 849 2167 oppido
870 2083 943 2166 quod
963 2078 1180 2146 Cabarbaricha
1200 2103 1252 2145 no·

94 2187 221 2250 minant.
269 2183 346 2249 llnic
369 2207 456 2269 porro
478 2187 542 2250 seni
565 2186 689 2250 vestitus
712 2195 775 2249 erat
796 2185 880 2247 initio
898 2183 1057 2269 asperitate
1077 2182 1139 2268 ipsa
1159 2183 1252 2247 borri-

93 2289 165 2353 bilis
186 2299 216 2352 et
237 2287 272 2351 ad
296 2288 510 2352 simulationem
532 2289 703 2366 affectatus,
736 2309 769 2350 ac
793 2309 857 2350 cum
882 2288 1066 2350 extrinsecus
1091 2286 1155 2351 oris
1177 2286 1252 2371 pelle

95 2401 177 2455 esset
197 2390 332 2469 indutus,
365 2391 448 2480 lupus
471 2401 534 2452 erat
556 2391 634 2454 intus
653 2389 859 2475 rapacissimus
879 2399 909 2452 et
926 2389 1067 2452 occultus.
1113 2387 1251 2452 Aracho-

96 2505 163 2557 reta
181 2493 285 2578 quippe
303 2513 371 2558 esse
388 2491 543 2556 ridebatur
559 2493 588 2556 in
608 2493 747 2577 spelunca
765 2493 886 2576 degens.
932 2490 991 2574 Qui
1009 2492 1124 2576 quidem
1141 2491 1251 2576 pleros·

97 2616 155 2682 que
178 2595 320 2660 abdicatis
346 2594 469 2660 fortunis
491 2595 625 2659 omnibus
650 2596 685 2657 ad
710 2615 777 2658 sese
799 2595 959 2679 pertraxit,
993 2591 1141 2678 Paterque
1163 2593 1252 2676 uulgo

96 2721 164 2764 cum
187 2699 224 2762 ob
248 2709 392 2778 aetatem,
424 2707 483 2762 tom
508 2698 545 2762 ub
570 2697 697 2762 habitum
721 2697 814 2782 ipsum
838 2697 976 2783 appellari
1000 2695 1125 2760 solebat.
1172 2693 1253 2759 ldem

96 2801 233 2887 quicquid
253 2800 377 2865 habehat
391 2801 421 2864 in
439 2821 549 2885 egenos
566 2800 760 2877 distribuere,
784 2819 818 2862 nc
834 2800 961 2884 quotidie
978 2800 1097 2886 stirpem
1115 2821 1251 2886 erogare.

98 2903 161 2968 Sed
186 2903 221 2966 ab
246 2902 366 2967 ineante
390 2913 487 2967 aetate
509 2903 599 2966 variis
622 2923 654 2964 se
679 2902 850 2966 haeresibus
875 2903 1039 2967 addixerat.
1083 2900 1193 2967 Postea
1217 2903 1253 2966 ad

97 3007 219 3070 Aetium
238 3007 405 3093 episcopam
429 3006 540 3069 delatus
563 3027 597 3069 ac
614 3003 823 3070 Gnosticorum
847 3004 977 3069 haeresis
996 3007 1148 3070 convictus
1171 3027 1188 3069 a
1206 3025 1253 3068 sa-

100 3108 235 3172 cerdotio
250 3117 442 3172 exactoratus
457 3119 512 3172 est.
560 3104 640 3171 lllius
657 3107 760 3194 quippe
775 3109 830 3172 loci
846 3119 961 3171 creatus
976 3109 1043 3171 olim
1061 3109 1156 3171 luerat
1170 3129 1252 3194 pres-

98 3211 199 3296 byter.
243 3209 453 3296 Deprehensus
470 3211 568 3295 itaque
584 3222 614 3274 et
630 3211 665 3273 ab
682 3212 770 3274 aonia
788 3210 885 3294 pulsus
902 3209 931 3272 in
948 3209 1104 3273 Coebaben
1123 3209 1252 3273 Arabiae

99 3312 234 3398 oppidum
260 3315 409 3398 prolectas
431 3325 494 3391 est,
527 3312 574 3375 ubi
598 3311 814 3376 Ebionaeornm
838 3333 872 3376 ac
893 3309 1116 3375 Nazaraeorum
1140 3313 1254 3376 semina

100 3416 243 3501 pullulare
261 3426 435 3501 coeperant,
461 3426 492 3477 ut
508 3414 538 3477 in
557 3415 654 3478 multis
672 3414 832 3478 relutnndis
850 3414 1020 3477 haeresibus
1037 3425 1122 3477 autea
1140 3415 1252 3478 monui·
1303 3451 1308 3464 ·

98 3539 177 3582 mus.
223 3515 393 3596 Postremo,
425 3517 504 3581 velut
524 3514 628 3579 aetatis
647 3516 992 3601 maturitateasapientior
1011 3517 1120 3596 lactus,
1151 3518 1252 3604 postli-

98 3621 191 3684 minio
206 3620 308 3697 rediit,
333 3619 460 3683 abditum
477 3619 545 3682 illud
564 3617 644 3682 virus
659 3619 687 3680 in
704 3630 823 3703 pectore
840 3621 955 3694 ferens,
980 3628 1009 3681 et
1025 3618 1143 3702 ignotus
1160 3619 1253 3684 omni-

99 3724 174 3801 bus,
199 3721 293 3784 donec
308 3723 422 3786 tandem
440 3720 587 3786 nonnullis
604 3741 620 3783 e
636 3721 832 3800 sermonibus,
857 3741 929 3805 qnos
943 3722 972 3784 in
987 3720 1149 3806 aliquorum
1166 3744 1253 3789 aures

98 3823 320 3901 insusurrabat,
353 3845 405 3910 pro
426 3824 575 3888 haeretico
594 3833 759 3908 compertus
785 3846 802 3888 a
825 3824 908 3887 nobis
929 3825 1201 3892 excommunicatus
1224 3839 1254 3891 et

100 3925 311 3990 mediocritatis
326 3937 443 3990 nostrae
462 3947 551 4012 opera
568 3925 720 3989 convictus
739 3936 795 3990 est.
840 3923 925 3990 Unde
942 3928 970 3990 in
987 3929 1154 4014 speluncam
1172 3931 1252 3994 dein·

100 4051 170 4115 ceps
192 4029 352 4108 abscessit,
385 4029 511 4092 omnium
532 4030 723 4094 execratione
744 4029 910 4106 damnatus,
943 4041 973 4093 et
994 4041 1052 4094 tam
1074 4053 1090 4094 a
1115 4032 1252 4096 tratribus

100 4131 258 4196 derelictas
273 4153 359 4215 quam
375 4152 390 4194 a
406 4132 568 4216 plerisque,
593 4153 609 4194 a
625 4131 728 4216 quibus
747 4131 913 4194 necessaria
932 4136 1010 4197 vitae
1027 4134 1171 4218 praesidia
1184 4155 1252 4222 sup·

102 4233 250 4319 petebant.
295 4234 343 4297 Ad
362 4234 439 4298 hanc
455 4235 552 4318 itaque
569 4254 669 4298 senem
686 4234 752 4313 ille,
777 4254 862 4317 quem
879 4235 951 4313 dixi,
975 4235 1130 4316 Eutaotus,
1155 4237 1181 4300 si
1198 4240 1251 4303 boc

102 4335 221 4400 nomine
240 4337 388 4400 vocandus
405 4347 468 4418 est,
503 4357 567 4400 cum
591 4357 630 4400 cx
648 4337 787 4422 Aegypto
803 4337 951 4416 venisset,
984 4339 1020 4402 ab
1042 4359 1134 4424 eoque
1156 4339 1251 4428 impiis

101 4488 339 4610 mimmii
351 4489 398 4558 nto
410 4489 481 4546 odhra
495 4495 546 4544 eod.
557 4493 664 4556 amora,
731 4489 755 4543 3.
771 4493 836 4543 Lr'brr'
852 4493 934 4544 hubent
950 4492 994 4546 τοῦ
1011 4509 1040 4547 τε
1056 4491 1139 4552 τόπου,
