3100 4984
321 339 457 392 raNantt
473 341 536 394 tte.
547 341 566 393 l.
586 341 668 393 Tott.
680 341 725 392 lll.
740 339 975 392 HAER.XXXlV.
1162 329 1224 392 439

73 479 126 522 nec
142 459 218 524 intre
236 479 291 524 nec
307 471 393 524 extra
409 460 589 540 ocrisistnnt,
615 461 759 546 talemque
776 481 815 524 cx
831 460 880 524 illa
894 459 1157 524 scientissimorum
1173 459 1224 522 bo-

72 562 180 626 minum
202 564 284 626 velint
305 573 437 626 semente
460 565 584 626 fructum
607 566 748 628 referunt.

155 661 296 728 Ceterum
315 664 437 730 Marcus
461 666 517 729 iste
535 663 744 730 Colorbasicae
765 661 852 748 Sigus
876 675 990 728 uterum
1015 685 1048 727 ae
1067 675 1223 750 concepta·
1242 681 1302 750 cap.
1316 682 1358 732 tv.

71 767 165 832 culum
189 789 277 830 unum
302 788 335 830 se
358 789 392 831 ar
416 768 593 851 singularem
620 769 709 832 luisse
732 767 934 854 praedicabat,
968 779 999 829 ot
1023 767 1070 850 qui
1097 766 1223 849 unigena

69 870 163 932 eidem
188 872 292 947 luerit,
324 891 358 934 ac
379 871 510 934 delectus
532 891 651 949 semen,
684 872 758 954 quod
782 870 811 932 in
834 889 867 932 se
886 880 1056 954 receperat,
1087 869 1140 932 boe
1162 871 1223 932 lere

68 974 298 1058 modopeperit.
344 971 458 1059 Quippe
475 993 614 1036 summam
631 973 708 1036 illam
727 971 887 1036 Tetradem
911 994 951 1035 ex
972 971 1006 1034 iis
1026 971 1116 1048 locis,
1148 992 1222 1053 quae

68 1075 161 1138 rideri
184 1074 386 1159 nominariqoe
410 1085 574 1160 nequeunt,
608 1075 643 1137 ad
664 1095 731 1138 sese
757 1073 891 1138 muliebri
911 1073 1010 1158 specie
1034 1073 1222 1138 descendisse

67 1177 235 1260 (quoniam,
266 1178 378 1261 inquit,
411 1179 486 1262 quod
508 1179 536 1240 in
557 1198 591 1240 ca
611 1176 762 1240 masculini
783 1197 874 1240 sexus
894 1187 958 1240 erat
974 1175 1122 1240 sustinere
1140 1199 1222 1240 mun·

66 1281 117 1342 dus
135 1299 194 1342 non
212 1282 357 1364 poterat),
381 1279 485 1344 deinde
503 1301 536 1342 se
552 1299 694 1364 quaenam
712 1290 793 1342 essct
808 1279 976 1364 apernisse,
1002 1279 1221 1342 universorum-

65 1403 118 1465 que
138 1383 378 1465 generalium,
407 1403 492 1466 qunm
511 1382 619 1444 nemini
637 1383 757 1446 deorum
776 1403 901 1466 unquam
919 1381 1122 1465 bominumque
1142 1391 1221 1466 pate·

64 1486 193 1560 lecerat,
217 1484 272 1548 soli
291 1483 345 1569 ipsi
365 1484 437 1548 iiscc
452 1485 552 1551 verbis
570 1485 762 1568 exposuisse:
785 1480 862 1548 Cum
881 1483 1002 1569 primurn
1024 1480 1111 1546 Pater
1129 1483 1152 1546 is
1172 1483 1220 1568 qui

63 1607 160 1671 neque
183 1585 361 1668 cogitatione
383 1587 447 1672 capi
470 1599 566 1672 potest
589 1600 617 1649 et
638 1599 761 1662 naturae
783 1587 878 1651 omrtis
902 1597 947 1650 est
966 1607 1092 1670 expers,
1126 1606 1220 1669 neque

63 1711 152 1773 porro
172 1709 234 1751 mas
250 1699 295 1752 est
314 1699 364 1751 ant
381 1689 504 1769 lomina,
529 1688 673 1774 parturire
689 1691 802 1774 eoepit,
827 1691 902 1774 quod
920 1689 950 1752 in
967 1711 999 1752 se
1016 1699 1079 1752 erat
1094 1689 1220 1772 inexpli-

63 1791 156 1855 cabile
172 1790 267 1875 gigni,
293 1793 368 1875 quod
384 1791 612 1876 inaspectabilc,
637 1793 755 1855 lnrmari
771 1794 910 1878 cupiens,
935 1813 968 1856 os
984 1789 1114 1876 apernit,
1139 1790 1219 1853 simi·

62 1895 179 1978 lemque
195 1894 238 1956 sui
257 1891 430 1958 Sermonem
448 1895 549 1957 edidit.
595 1893 654 1978 Qui
671 1896 785 1980 quidem
805 1897 923 1958 adstans
941 1895 967 1956 ei
986 1895 1120 1978 quidnam
1138 1903 1219 1956 esset

60 1997 208 2073 ostendit,
232 2017 295 2058 cnm
311 1997 528 2082 inaspectabilis
544 1997 621 2060 illius
636 1998 716 2060 velut
730 1998 839 2080 effigies
855 2008 1020 2084 appareret.
1065 1995 1217 2059 Eiusmodi

61 2121 149 2182 porro
174 2099 299 2162 nominis
321 2099 368 2161 illa
392 2097 590 2183 pronuntiatio
612 2101 722 2164 extitit.
768 2099 897 2164 Primum
921 2097 1123 2184 appellationis
1146 2119 1217 2162 suae

59 2201 235 2264 vocabulum
257 2201 391 2264 elocutus
413 2211 476 2264 est:
510 2202 677 2266 bocautem
696 2198 799 2284 Ἀρχὴ,
830 2203 892 2266 sive
912 2201 1108 2285 Principium,
1140 2213 1215 2280 erat,

60 2306 141 2366 cuius
166 2303 278 2388 syllaba
302 2314 426 2387 quatuor
448 2304 600 2368 elementis
622 2307 787 2370 constabat.
832 2303 909 2368 Mox
931 2305 1052 2368 alteram
1074 2303 1215 2389 syllabam

57 2405 183 2484 adiecit,
209 2427 283 2488 quae
299 2407 405 2490 etipsa
421 2407 566 2470 elementa
581 2409 749 2472 continebat
762 2419 897 2492 quatuor.
945 2405 1016 2472 lude
1032 2405 1147 2468 tertiam
1166 2408 1215 2470 de-

58 2527 118 2570 cern
141 2529 184 2572 cx
206 2509 359 2573 elementis
379 2510 582 2593 compositam.
627 2507 703 2574 Mox
725 2521 856 2595 quartam
875 2511 1086 2573 elementorum
1105 2509 1215 2572 duode-

57 2610 122 2673 cim.
174 2608 218 2672 lta
237 2611 363 2676 nominis
384 2611 473 2674 totius
491 2613 645 2697 appellatio
665 2635 703 2676 ex
721 2613 841 2676 tricenis
861 2625 904 2676 est
922 2613 1093 2689 elementis,
1124 2613 1214 2696 sylla·

57 2712 99 2774 bis
113 2735 190 2778 vero
206 2723 407 2796 coagmentata
423 2726 559 2797 quatuor.
606 2714 649 2779 lta
663 2729 772 2794 tamen,
791 2726 820 2778 ut
834 2727 863 2778 et
878 2716 1052 2778 clementum
1066 2715 1215 2799 quodlibet

57 2818 192 2900 proprias
208 2816 309 2879 literas
328 2819 519 2901 propriosque
535 2819 722 2884 characteres
738 2831 767 2882 et
784 2817 1048 2902 pronuntiationem
1067 2817 1212 2903 propriam

57 2915 177 2997 babeat,
213 2918 333 3001 figuram
352 2919 475 3002 deniqne
495 2921 676 3004 effigiemque
696 2921 858 3006 propriam,
891 2941 985 3004 neque
1004 2919 1155 3004 quiequam
1176 2920 1214 2982 sit

55 3023 126 3101 quod
146 3021 227 3084 illius
243 3023 381 3099 l'ormmn,
415 3021 497 3084 euius
517 3025 691 3086 elementum
712 3035 774 3103 est,
800 3023 939 3108 aspiciat,
971 3023 1029 3085 imo
1047 3043 1083 3085 ue
1103 3044 1213 3105 eogno-

56 3134 115 3184 scat
135 3124 267 3207 quidem.
313 3122 419 3208 Neque
439 3145 527 3208 porro
546 3127 634 3188 vicini
653 3127 708 3189 sibi
727 3127 872 3210 quodlicet
891 3125 1026 3189 ebernenti
1044 3125 1212 3208 pronuntia·

55 3223 163 3288 tionem
183 3226 285 3304 novit,
317 3228 368 3288 sed
388 3225 431 3289 sic
450 3227 498 3289 ille
516 3229 699 3312 pronuntiat,
732 3241 763 3291 ut
782 3241 871 3298 totum
890 3229 1044 3312 proiciens
1061 3225 1211 3288 nominare

55 3327 226 3390 universnm
243 3328 403 3392 existimet.
450 3325 572 3414 Singula
588 3331 704 3416 qnippe,
728 3353 792 3394 cunr
809 3331 938 3396 urrirersi
954 3331 1013 3391 sint
1028 3337 1137 3412 partes,
1163 3347 1212 3410 pe-

55 3431 193 3492 culiarem
214 3429 272 3492 sibi
289 3451 391 3494 sonum
412 3432 492 3495 velut
511 3443 601 3496 totum
620 3433 745 3511 ellerre,
779 3454 833 3496 neo
850 3434 929 3518 prius
950 3431 986 3494 ab
1004 3430 1117 3494 edendo
1135 3451 1209 3494 sono

53 3623 139 3691 metus,
172 3622 220 3669 Vct.
238 3620 370 3681 interpretis
390 3625 517 3671 versionem
537 3637 615 3688 neqnc
687 3621 723 3672 15.
741 3613 756 3673 d
774 3616 835 3673 nied
853 3635 902 3684 eqo.
934 3621 1005 3680 Vntqo
1020 3611 1211 3677 eatotc‘micc'e.

53 3699 127 3746 rpsnm
141 3703 220 3752 snper
233 3685 382 3736 clementum
398 3699 443 3741 est.
460 3695 551 3739 secutus
564 3703 616 3750 spe·
686 3689 724 3740 lst.
741 3687 784 3742 τὸν
807 3705 855 3752 eno.
890 3685 918 3740 τὸ
942 3691 995 3736 libri
1014 3701 1098 3734 omnes.
1133 3689 1212 3738 Possis

53 3753 219 3818 mnuusqnom
230 3759 308 3804 umine
319 3761 418 3807 correxit
429 3751 443 3809 ὃ
454 3753 516 3822 rinip
528 3751 614 3809 αὐτοῦ.
649 3761 719 3807 ettom
737 3757 765 3811 τὸ
785 3758 847 3814 πᾶν,
871 3758 939 3806 modo
957 3753 1111 3820 ἐκφωνῶντιι
1127 3758 1209 3817 ptura·

55 3827 78 3895 3tt
91 3825 127 3872 itte
140 3827 227 3886 thtsse
239 3826 317 3884 potiris
328 3827 420 3874 videtur
432 3818 451 3891 d
465 3819 527 3888 ’ὅπερ
542 3819 615 3888 αὐτὸ,
648 3829 700 3876 liter
712 3841 800 3888 samos,
815 3829 847 3875 nd
862 3823 965 3876 ἕκαστον
977 3826 1129 3884 referendum.
1154 3826 1210 3874 Loci

53 3891 144 3951 acuteque
169 3894 292 3954 scripsisse
317 3900 342 3940 ct
366 3893 427 3942 nibil
450 3909 534 3942 eorum
562 3909 615 3942 csse
648 3897 856 3957 interpretationem
878 3896 1025 3942 verissimam
1047 3893 1110 3942 dedit
1130 3896 1155 3942 V.
1175 3895 1209 3943 ct.

53 3958 113 4031 ¹qnod
135 3957 205 4008 illins
230 3958 314 4008 rident
332 3960 452 4023 sormam,
479 3979 526 4011 nec
548 3960 615 4029 qnod
649 3967 708 4024 Aua.
719 3967 825 4014 oranter
837 3966 863 4012 ιἰι
875 3965 952 4011 Genet.
963 3963 1071 4022 Errtmurs
1079 3963 1120 4009 der
1131 3964 1208 4010 Gnost.

52 4039 125 4088 ipsum
143 4045 222 4094 snper
240 4028 389 4078 elementum
406 4040 451 4080 est.
650 4033 751 4092 Systerne
765 4048 788 4093 p.
803 4029 855 4082 ttt.
892 4032 938 4079 l'et.
955 4032 1068 4090 interpres
1083 4044 1112 4078 ee·
1129 4044 1208 4078 comre-

86 4097 120 4146 ts.
138 4095 276 4162 γινώσκειν
290 4100 340 4146 eod.
355 4099 431 4148 Vener.
456 4101 528 4161 Vulqo
542 4095 615 4164 γινιὸ-
647 4105 701 4161 pto,
717 4106 787 4162 pato,
803 4101 954 4160 exemplario,
970 4104 1062 4159 praeter
1075 4112 1143 4147 vnce
1156 4111 1207 4147 aen·

54 4176 110 4214 arar.
648 4172 731 4217 lentr'ne
742 4171 919 4230 intelleqentr'nm
928 4182 1027 4229 ornarem,
1039 4169 1148 4215 conuertit
1158 4169 1207 4216 sic:

86 4235 120 4280 li.
137 4230 215 4284 πάλιν
238 4227 323 4296 ἀρκεῖν
344 4247 397 4282 mee
420 4239 452 4284 esi
475 4237 614 4284 emendatio.
649 4236 698 4284 aed
718 4253 763 4285 nec
780 4251 929 4302 cognoscere
948 4252 1017 4292 enirn,
1041 4232 1085 4282 sed
1103 4250 1133 4280 ne
1150 4233 1206 4298 qui-

53 4297 110 4344 Libri
134 4315 218 4349 omnes
238 4302 322 4350 liabent
343 4303 475 4362 πολιορκεῖ
508 4306 613 4352 Pseudo·
648 4303 704 4352 rlern
722 4304 826 4370 proximi
850 4304 900 4353 eins
918 4301 1108 4369 rrnrrmqnothue
1126 4317 1206 4349 errim-

53 4367 159 4443 Operum
173 4371 191 4416 t.
208 4370 223 4415 t.
241 4363 301 4420 atae
316 4365 367 4433 μήν
383 4367 430 4434 τήν
445 4371 487 4421 roi
505 4371 611 4435 stacten
647 4371 776 4422 titutionem
790 4372 861 4430 scire,
879 4371 924 4422 sed
938 4373 1004 4438 qnod
1019 4371 1071 4434 ipse
1086 4368 1205 4428 concretior,

52 4435 121 4486 narmi
135 4433 245 4488 ἕκαστον
258 4433 403 4502 ἑνιφώνησιν
414 4436 553 4504 γινώσκειν,
567 4434 611 4492 att-
644 4438 678 4488 ito
698 4458 771 4490 omne
789 4441 856 4506 quod
874 4441 987 4491 ennuntiat
1003 4439 1063 4489 illud
1082 4437 1148 4505 quod
1166 4448 1205 4490 est

51 4497 78 4552 tt
91 4501 158 4568 μηδὲ
175 4501 300 4588 (spurcis
315 4501 351 4565 nic
364 4503 392 4558 cd
410 4507 456 4557 νιᾶν
470 4503 610 4572 damnamin-
644 4519 724 4560 toturn
742 4510 862 4559 nominet.

52 4583 85 4629 τι,
97 4567 136 4625 ’ὅτι
148 4569 180 4626 τὸ
196 4573 320 4640 mactabat
330 4567 460 4639 ὀνομάζειν
472 4571 548 4627 αὐτὸν
559 4581 609 4626 cett.
