<?xml version="1.0" encoding="UTF-8"?>
<!DOCTYPE html PUBLIC "-//W3C//DTD XHTML 1.0 Transitional//EN"
    "http://www.w3.org/TR/xhtml1/DTD/xhtml1-transitional.dtd">
<html xmlns="http://www.w3.org/1999/xhtml" xml:lang="en" lang="en">
 <head>
  <title>
</title>
<meta http-equiv="Content-Type" content="text/html;charset=utf-8" />
  <meta name='ocr-system' content='tesseract 3.04.00' />
  <meta name='ocr-capabilities' content='ocr_page ocr_carea ocr_par ocr_line ocrx_word'/>
</head>
<body>
  <div class='ocr_page' id='page_1' title='image "./corporishaerese01oehlgoog_0509.png"; bbox 0 0 3106 4990; ppageno 0'>
   <div class='ocr_carea' id='block_1_1' title="bbox 307 285 1036 348">
    <p class='ocr_par' dir='ltr' id='par_1_1' title="bbox 307 285 1036 348">
     <span class='ocr_line' id='line_1_1' title="bbox 307 285 1036 348; baseline 0 -2"><span class='ocrx_word' id='word_1_1' title='bbox 307 285 370 348; x_wconf 75' lang='grc'><strong><em>496</em></strong></span> <span class='ocrx_word' id='word_1_2' title='bbox 732 295 1036 348; x_wconf 79' lang='grc' dir='ltr'><strong><em>οιαοτιοειιιιιιιιι</em></strong></span> 
     </span>
    </p>
   </div>
   <div class='ocr_carea' id='block_1_2' title="bbox 188 408 1533 4191">
    <p class='ocr_par' dir='ltr' id='par_1_2' title="bbox 305 408 1533 3267">
     <span class='ocr_line' id='line_1_2' title="bbox 307 408 1456 498; baseline -0.002 -20"><span class='ocrx_word' id='word_1_3' title='bbox 307 437 419 498; x_wconf 83' lang='grc' dir='ltr'><strong><em>γονται,</em></strong></span> <span class='ocrx_word' id='word_1_4' title='bbox 441 409 482 488; x_wconf 79' lang='grc' dir='ltr'><strong><em>οός</em></strong></span> <span class='ocrx_word' id='word_1_5' title='bbox 496 408 555 477; x_wconf 83' lang='grc' dir='ltr'><strong><em>άπό</em></strong></span> <span class='ocrx_word' id='word_1_6' title='bbox 571 418 625 495; x_wconf 86' lang='grc' dir='ltr'><strong><em>τῆς</em></strong></span> <span class='ocrx_word' id='word_1_7' title='bbox 637 412 853 498; x_wconf 72' lang='grc' dir='ltr'><strong><em>προειρημένης</em></strong></span> <span class='ocrx_word' id='word_1_8' title='bbox 866 409 1005 498; x_wconf 82' lang='grc' dir='ltr'><strong><em>βροόσεως</em></strong></span> <span class='ocrx_word' id='word_1_9' title='bbox 1019 417 1071 495; x_wconf 86' lang='grc' dir='ltr'><strong><em>τῆς</em></strong></span> <span class='ocrx_word' id='word_1_10' title='bbox 1085 413 1247 494; x_wconf 80' lang='grc' dir='ltr'><strong><em>δυςοδμέας</em></strong></span> <span class='ocrx_word' id='word_1_11' title='bbox 1260 411 1456 494; x_wconf 75' lang='grc' dir='ltr'><strong><em>ἐμπεπλησμέ-</em></strong></span> 
     </span>
     <span class='ocr_line' id='line_1_3' title="bbox 309 505 1455 598; baseline 0.001 -19"><span class='ocrx_word' id='word_1_12' title='bbox 309 541 372 593; x_wconf 90' lang='grc' dir='ltr'><strong><em>νοι,</em></strong></span> <span class='ocrx_word' id='word_1_13' title='bbox 395 516 446 580; x_wconf 79' lang='grc' dir='ltr'><strong><em>καὶ</em></strong></span> <span class='ocrx_word' id='word_1_14' title='bbox 460 511 500 590; x_wconf 84' lang='grc' dir='ltr'><strong><em>οός</em></strong></span> <span class='ocrx_word' id='word_1_15' title='bbox 515 511 583 579; x_wconf 86' lang='grc' dir='ltr'><strong><em>κενά</em></strong></span> <span class='ocrx_word' id='word_1_16' title='bbox 601 512 740 598; x_wconf 85' lang='grc' dir='ltr'><strong><em>δαιμόνια</em></strong></span> <span class='ocrx_word' id='word_1_17' title='bbox 756 511 958 596; x_wconf 86' lang='grc' dir='ltr'><strong><em>άπατηθέντες</em></strong></span> <span class='ocrx_word' id='word_1_18' title='bbox 973 505 1058 582; x_wconf 78' lang='grc' dir='ltr'><strong><em>οὗτοι</em></strong></span> <span class='ocrx_word' id='word_1_19' title='bbox 1069 511 1120 581; x_wconf 87' lang='grc' dir='ltr'><strong><em>τόν</em></strong></span> <span class='ocrx_word' id='word_1_20' title='bbox 1135 512 1225 595; x_wconf 86' lang='grc' dir='ltr'><strong><em>όφιν,</em></strong></span> <span class='ocrx_word' id='word_1_21' title='bbox 1248 511 1290 590; x_wconf 78' lang='grc' dir='ltr'><strong><em>οδς</em></strong></span> <span class='ocrx_word' id='word_1_22' title='bbox 1302 521 1455 598; x_wconf 80' lang='grc' dir='ltr'><strong><em>προεῖπον,</em></strong></span> 
     </span>
     <span class='ocr_line' id='line_1_4' title="bbox 309 613 1455 702; baseline 0.003 -21"><span class='ocrx_word' id='word_1_23' title='bbox 309 614 470 695; x_wconf 76' lang='grc' dir='ltr'><strong><em>δοξάζουσι.</em></strong></span> <span class='ocrx_word' id='word_1_24' title='bbox 517 619 576 682; x_wconf 80' lang='grc' dir='ltr'><strong><em>Καὶ</em></strong></span> <span class='ocrx_word' id='word_1_25' title='bbox 590 615 646 702; x_wconf 80' lang='grc' dir='ltr'><strong><em>ὅρα</em></strong></span> <span class='ocrx_word' id='word_1_26' title='bbox 660 619 703 694; x_wconf 83' lang='grc' dir='ltr'><strong><em>είς</em></strong></span> <span class='ocrx_word' id='word_1_27' title='bbox 717 616 792 700; x_wconf 86' lang='grc' dir='ltr'><strong><em>όσην</em></strong></span> <span class='ocrx_word' id='word_1_28' title='bbox 808 618 923 702; x_wconf 88' lang='grc' dir='ltr'><strong><em>προέβη</em></strong></span> <span class='ocrx_word' id='word_1_29' title='bbox 938 621 1156 700; x_wconf 74' lang='grc' dir='ltr'><strong><em>κακομηχανίαν</em></strong></span> <span class='ocrx_word' id='word_1_30' title='bbox 1172 613 1191 684; x_wconf 86' lang='grc' dir='ltr'><strong><em>ό</em></strong></span> <span class='ocrx_word' id='word_1_31' title='bbox 1207 614 1329 694; x_wconf 76' lang='grc' dir='ltr'><strong><em>τούτους</em></strong></span> <span class='ocrx_word' id='word_1_32' title='bbox 1344 613 1455 698; x_wconf 78' lang='grc' dir='ltr'><strong><em>άπαιῆ·</em></strong></span> 
     </span>
     <span class='ocr_line' id='line_1_5' title="bbox 308 715 1455 806; baseline -0.002 -21"><span class='ocrx_word' id='word_1_33' title='bbox 308 743 363 796; x_wconf 88' lang='grc' dir='ltr'><strong><em>σας</em></strong></span> <span class='ocrx_word' id='word_1_34' title='bbox 385 718 463 802; x_wconf 89' lang='grc' dir='ltr'><strong><em>όφις.</em></strong></span> <span class='ocrx_word' id='word_1_35' title='bbox 509 717 656 806; x_wconf 83' lang='grc' dir='ltr'><strong><em>Καθάπερ</em></strong></span> <span class='ocrx_word' id='word_1_36' title='bbox 679 717 735 806; x_wconf 77' lang='grc' dir='ltr'><strong><em>γάρ</em></strong></span> <span class='ocrx_word' id='word_1_37' title='bbox 754 721 784 798; x_wconf 82' lang='grc' dir='ltr'><strong><em>έξ</em></strong></span> <span class='ocrx_word' id='word_1_38' title='bbox 802 716 936 803; x_wconf 82' lang='grc' dir='ltr'><strong><em>όπαρχῆς</em></strong></span> <span class='ocrx_word' id='word_1_39' title='bbox 949 717 1023 796; x_wconf 86' lang='grc' dir='ltr'><strong><em>τοδς</em></strong></span> <span class='ocrx_word' id='word_1_40' title='bbox 1040 717 1213 804; x_wconf 76' lang='grc' dir='ltr'><strong><em>περί-Εὕαν</em></strong></span> <span class='ocrx_word' id='word_1_41' title='bbox 1229 722 1281 785; x_wconf 82' lang='grc' dir='ltr'><strong><em>καλ</em></strong></span> <span class='ocrx_word' id='word_1_42' title='bbox 1296 717 1348 786; x_wconf 85' lang='grc' dir='ltr'><strong><em>τόν</em></strong></span> <span class='ocrx_word' id='word_1_43' title='bbox 1365 715 1455 800; x_wconf 75' lang='grc' dir='ltr'><strong><em>Ἀδάμ</em></strong></span> 
     </span>
     <span class='ocr_line' id='line_1_6' title="bbox 307 819 1455 911; baseline -0.003 -23"><span class='ocrx_word' id='word_1_44' title='bbox 307 821 473 906; x_wconf 79' lang='grc' dir='ltr'><strong><em>ῆπάτηοεν,</em></strong></span> <span class='ocrx_word' id='word_1_45' title='bbox 496 819 575 887; x_wconf 75' lang='grc' dir='ltr'><strong><em>οὕτω</em></strong></span> <span class='ocrx_word' id='word_1_46' title='bbox 592 823 643 888; x_wconf 85' lang='grc' dir='ltr'><strong><em>καί</em></strong></span> <span class='ocrx_word' id='word_1_47' title='bbox 659 827 714 888; x_wconf 87' lang='grc' dir='ltr'><strong><em>νῦν</em></strong></span> <span class='ocrx_word' id='word_1_48' title='bbox 730 821 870 906; x_wconf 88' lang='grc' dir='ltr'><strong><em>κρόπτων</em></strong></span> <span class='ocrx_word' id='word_1_49' title='bbox 886 820 992 888; x_wconf 79' lang='grc' dir='ltr'><strong><em>ἔαυτόν</em></strong></span> <span class='ocrx_word' id='word_1_50' title='bbox 1008 825 1042 888; x_wconf 80' lang='grc' dir='ltr'><strong><em>ἔν</em></strong></span> <span class='ocrx_word' id='word_1_51' title='bbox 1057 849 1088 888; x_wconf 92' lang='grc' dir='ltr'><strong><em>τε</em></strong></span> <span class='ocrx_word' id='word_1_52' title='bbox 1103 827 1144 911; x_wconf 75' lang='grc' dir='ltr'><strong><em>τῷ</em></strong></span> <span class='ocrx_word' id='word_1_53' title='bbox 1160 819 1283 908; x_wconf 90' lang='grc' dir='ltr'><strong><em>παρόντι</em></strong></span> <span class='ocrx_word' id='word_1_54' title='bbox 1301 823 1351 888; x_wconf 85' lang='grc' dir='ltr'><strong><em>καλ</em></strong></span> <span class='ocrx_word' id='word_1_55' title='bbox 1368 823 1401 888; x_wconf 79' lang='grc' dir='ltr'><strong><em>έν</em></strong></span> <span class='ocrx_word' id='word_1_56' title='bbox 1417 824 1455 907; x_wconf 69' lang='grc' dir='ltr'><strong><em>τῷ</em></strong></span> 
     </span>
     <span class='ocr_line' id='line_1_7' title="bbox 305 921 1455 1014; baseline -0.001 -24"><span class='ocrx_word' id='word_1_57' title='bbox 305 923 401 1014; x_wconf 84' lang='grc' dir='ltr'><strong><em>χρόνιμ</em></strong></span> <span class='ocrx_word' id='word_1_58' title='bbox 416 929 476 990; x_wconf 80' lang='grc' dir='ltr'><strong><em>τῶν</em></strong></span> <span class='ocrx_word' id='word_1_59' title='bbox 488 921 641 990; x_wconf 87' lang='grc' dir='ltr'><strong><em>Ἰουδαίων</em></strong></span> <span class='ocrx_word' id='word_1_60' title='bbox 655 923 722 1010; x_wconf 85' lang='grc' dir='ltr'><strong><em>άχρι</em></strong></span> <span class='ocrx_word' id='word_1_61' title='bbox 736 929 788 1008; x_wconf 86' lang='grc' dir='ltr'><strong><em>τῆς</em></strong></span> <span class='ocrx_word' id='word_1_62' title='bbox 801 929 854 990; x_wconf 88' lang='grc' dir='ltr'><strong><em>τοῦ</em></strong></span> <span class='ocrx_word' id='word_1_63' title='bbox 869 930 1002 1010; x_wconf 75' lang='grc' dir='ltr'><strong><em>Χριστοῦ</em></strong></span> <span class='ocrx_word' id='word_1_64' title='bbox 1016 929 1187 1012; x_wconf 86' lang='grc' dir='ltr'><strong><em>παρουσίας.</em></strong></span> <span class='ocrx_word' id='word_1_65' title='bbox 1232 921 1309 990; x_wconf 82' lang='grc' dir='ltr'><strong><em>Είτα</em></strong></span> <span class='ocrx_word' id='word_1_66' title='bbox 1320 925 1374 990; x_wconf 84' lang='grc' dir='ltr'><strong><em>καλ</em></strong></span> <span class='ocrx_word' id='word_1_67' title='bbox 1387 947 1455 1007; x_wconf 84' lang='grc' dir='ltr'><strong><em>προ-</em></strong></span> 
     </span>
     <span class='ocr_line' id='line_1_8' title="bbox 307 1023 1455 1117; baseline -0.001 -26"><span class='ocrx_word' id='word_1_68' title='bbox 307 1025 469 1111; x_wconf 87' lang='grc' dir='ltr'><strong><em>βαινόντων</em></strong></span> <span class='ocrx_word' id='word_1_69' title='bbox 485 1032 543 1092; x_wconf 78' lang='grc' dir='ltr'><strong><em>τῶν</em></strong></span> <span class='ocrx_word' id='word_1_70' title='bbox 559 1025 674 1111; x_wconf 89' lang='grc' dir='ltr'><strong><em>χρόνων</em></strong></span> <span class='ocrx_word' id='word_1_71' title='bbox 688 1030 803 1110; x_wconf 76' lang='grc' dir='ltr'><strong><em>λίχνους</em></strong></span> <span class='ocrx_word' id='word_1_72' title='bbox 819 1025 907 1104; x_wconf 78' lang='grc' dir='ltr'><strong><em>ὄντας</em></strong></span> <span class='ocrx_word' id='word_1_73' title='bbox 924 1025 995 1104; x_wconf 82' lang='grc' dir='ltr'><strong><em>τοῦς</em></strong></span> <span class='ocrx_word' id='word_1_74' title='bbox 1010 1026 1193 1114; x_wconf 82' lang='grc' dir='ltr'><strong><em>άνθροόπονς</em></strong></span> <span class='ocrx_word' id='word_1_75' title='bbox 1210 1034 1246 1117; x_wconf 81' lang='grc' dir='ltr'><strong><em>τῆ</em></strong></span> <span class='ocrx_word' id='word_1_76' title='bbox 1263 1024 1300 1094; x_wconf 87' lang='grc' dir='ltr'><strong><em>δι’</em></strong></span> <span class='ocrx_word' id='word_1_77' title='bbox 1316 1023 1410 1092; x_wconf 81' lang='grc' dir='ltr'><strong><em>αότοῦ</em></strong></span> <span class='ocrx_word' id='word_1_78' title='bbox 1423 1027 1455 1091; x_wconf 79' lang='grc' dir='ltr'><strong><em>έτ</em></strong></span> 
     </span>
     <span class='ocr_line' id='line_1_9' title="bbox 306 1128 1453 1219; baseline -0.003 -24"><span class='ocrx_word' id='word_1_79' title='bbox 306 1138 358 1212; x_wconf 84' lang='grc' dir='ltr'><strong><em>τῆς</em></strong></span> <span class='ocrx_word' id='word_1_80' title='bbox 376 1136 531 1215; x_wconf 77' lang='grc' dir='ltr'><strong><em>παρακοῆς</em></strong></span> <span class='ocrx_word' id='word_1_81' title='bbox 545 1134 694 1219; x_wconf 85' lang='grc' dir='ltr'><strong><em>ληφθείση</em></strong></span> <span class='ocrx_word' id='word_1_82' title='bbox 714 1129 822 1213; x_wconf 84' lang='grc' dir='ltr'><strong><em>βράσει</em></strong></span> <span class='ocrx_word' id='word_1_83' title='bbox 842 1131 885 1196; x_wconf 76' lang='grc' dir='ltr'><strong><em>ἔτι</em></strong></span> <span class='ocrx_word' id='word_1_84' title='bbox 899 1128 1100 1198; x_wconf 83' lang='grc' dir='ltr'><strong><em>όπονοθεόαν</em></strong></span> <span class='ocrx_word' id='word_1_85' title='bbox 1120 1132 1172 1196; x_wconf 84' lang='grc' dir='ltr'><strong><em>καί</em></strong></span> <span class='ocrx_word' id='word_1_86' title='bbox 1191 1131 1328 1215; x_wconf 70' lang='grc' dir='ltr'><strong><em>ἐρεθίζων</em></strong></span> <span class='ocrx_word' id='word_1_87' title='bbox 1349 1131 1393 1206; x_wconf 84' lang='grc' dir='ltr'><strong><em>ελς</em></strong></span> <span class='ocrx_word' id='word_1_88' title='bbox 1407 1151 1453 1192; x_wconf 88' lang='grc' dir='ltr'><strong><em>κε-</em></strong></span> 
     </span>
     <span class='ocr_line' id='line_1_10' title="bbox 308 1227 1454 1319; baseline -0.002 -21"><span class='ocrx_word' id='word_1_89' title='bbox 308 1233 478 1319; x_wconf 82' lang='grc' dir='ltr'><strong><em>ρισσοτόραν</em></strong></span> <span class='ocrx_word' id='word_1_90' title='bbox 492 1229 609 1316; x_wconf 81' lang='grc' dir='ltr'><strong><em>όπάτην</em></strong></span> <span class='ocrx_word' id='word_1_91' title='bbox 624 1229 682 1298; x_wconf 83' lang='grc' dir='ltr'><strong><em>άπδ</em></strong></span> <span class='ocrx_word' id='word_1_92' title='bbox 698 1238 751 1300; x_wconf 85' lang='grc' dir='ltr'><strong><em>τοῦ</em></strong></span> <span class='ocrx_word' id='word_1_93' title='bbox 766 1231 850 1309; x_wconf 72' lang='grc' dir='ltr'><strong><em>ὄντος</em></strong></span> <span class='ocrx_word' id='word_1_94' title='bbox 863 1239 939 1300; x_wconf 86' lang='grc' dir='ltr'><strong><em>θεοῦ</em></strong></span> <span class='ocrx_word' id='word_1_95' title='bbox 953 1231 1106 1317; x_wconf 86' lang='grc' dir='ltr'><strong><em>άφίστησι,</em></strong></span> <span class='ocrx_word' id='word_1_96' title='bbox 1128 1231 1220 1300; x_wconf 83' lang='grc' dir='ltr'><strong><em>πολλά</em></strong></span> <span class='ocrx_word' id='word_1_97' title='bbox 1234 1233 1288 1315; x_wconf 83' lang='grc' dir='ltr'><strong><em>μὲν</em></strong></span> <span class='ocrx_word' id='word_1_98' title='bbox 1303 1227 1454 1315; x_wconf 80' lang='grc' dir='ltr'><strong><em>όπισχνοό-</em></strong></span> 
     </span>
     <span class='ocr_line' id='line_1_11' title="bbox 309 1331 1452 1422; baseline -0.003 -22"><span class='ocrx_word' id='word_1_99' title='bbox 309 1361 396 1419; x_wconf 90' lang='grc' dir='ltr'><strong><em>μενος</em></strong></span> <span class='ocrx_word' id='word_1_100' title='bbox 412 1332 472 1413; x_wconf 80' lang='grc' dir='ltr'><strong><em>άελ,</em></strong></span> <span class='ocrx_word' id='word_1_101' title='bbox 496 1331 537 1410; x_wconf 76' lang='grc' dir='ltr'><strong><em>τίς</em></strong></span> <span class='ocrx_word' id='word_1_102' title='bbox 552 1338 603 1400; x_wconf 85' lang='grc' dir='ltr'><strong><em>καί</em></strong></span> <span class='ocrx_word' id='word_1_103' title='bbox 618 1337 647 1412; x_wconf 82' lang='grc' dir='ltr'><strong><em>ίξ</em></strong></span> <span class='ocrx_word' id='word_1_104' title='bbox 663 1331 761 1420; x_wconf 87' lang='grc' dir='ltr'><strong><em>άρχῆς.</em></strong></span> <span class='ocrx_word' id='word_1_105' title='bbox 806 1339 868 1401; x_wconf 78' lang='grc' dir='ltr'><strong><em>Καὶ</em></strong></span> <span class='ocrx_word' id='word_1_106' title='bbox 882 1333 937 1422; x_wconf 83' lang='grc' dir='ltr'><strong><em>γάρ</em></strong></span> <span class='ocrx_word' id='word_1_107' title='bbox 953 1337 1005 1401; x_wconf 79' lang='grc' dir='ltr'><strong><em>καί</em></strong></span> <span class='ocrx_word' id='word_1_108' title='bbox 1017 1334 1083 1402; x_wconf 89' lang='grc' dir='ltr'><strong><em>τότε</em></strong></span> <span class='ocrx_word' id='word_1_109' title='bbox 1096 1332 1238 1418; x_wconf 85' lang='grc' dir='ltr'><strong><em>ῆπάοησε,</em></strong></span> <span class='ocrx_word' id='word_1_110' title='bbox 1259 1337 1360 1420; x_wconf 69' lang='grc' dir='ltr'><strong><em>λόγον,</em></strong></span> <span class='ocrx_word' id='word_1_111' title='bbox 1374 1332 1452 1400; x_wconf 79' lang='grc' dir='ltr'><strong><em>Ἐσε-</em></strong></span> 
     </span>
     <span class='ocr_line' id='line_1_12' title="bbox 307 1433 1453 1524; baseline -0.002 -22"><span class='ocrx_word' id='word_1_112' title='bbox 307 1447 364 1503; x_wconf 85' lang='grc' dir='ltr'><strong><em>σθε</em></strong></span> <span class='ocrx_word' id='word_1_113' title='bbox 386 1434 426 1513; x_wconf 80' lang='grc' dir='ltr'><strong><em>οδς</em></strong></span> <span class='ocrx_word' id='word_1_114' title='bbox 443 1440 523 1503; x_wconf 89' lang='grc' dir='ltr'><strong><em>θεοί·</em></strong></span> <span class='ocrx_word' id='word_1_115' title='bbox 552 1433 613 1502; x_wconf 87' lang='grc' dir='ltr'><strong><em>είτα</em></strong></span> <span class='ocrx_word' id='word_1_116' title='bbox 630 1434 796 1523; x_wconf 78' lang='grc' dir='ltr'><strong><em>προϊόντων</em></strong></span> <span class='ocrx_word' id='word_1_117' title='bbox 817 1443 874 1504; x_wconf 79' lang='grc' dir='ltr'><strong><em>τόν</em></strong></span> <span class='ocrx_word' id='word_1_118' title='bbox 892 1436 1007 1524; x_wconf 82' lang='grc' dir='ltr'><strong><em>χρόνον</em></strong></span> <span class='ocrx_word' id='word_1_119' title='bbox 1025 1436 1079 1522; x_wconf 80' lang='grc' dir='ltr'><strong><em>τῆν</em></strong></span> <span class='ocrx_word' id='word_1_120' title='bbox 1096 1435 1293 1524; x_wconf 80' lang='grc' dir='ltr'><strong><em>πολύμορφον</em></strong></span> <span class='ocrx_word' id='word_1_121' title='bbox 1309 1439 1361 1503; x_wconf 82' lang='grc' dir='ltr'><strong><em>καί</em></strong></span> <span class='ocrx_word' id='word_1_122' title='bbox 1377 1461 1453 1520; x_wconf 87' lang='grc' dir='ltr'><strong><em>τερο-</em></strong></span> 
     </span>
     <span class='ocr_line' id='line_1_13' title="bbox 307 1537 1533 1627; baseline 0.002 -21"><span class='ocrx_word' id='word_1_123' title='bbox 307 1541 387 1623; x_wconf 82' lang='grc' dir='ltr'><strong><em>τοόδη</em></strong></span> <span class='ocrx_word' id='word_1_124' title='bbox 405 1543 569 1620; x_wconf 86' lang='grc' dir='ltr'><strong><em>φαντασίαν</em></strong></span> <span class='ocrx_word' id='word_1_125' title='bbox 586 1537 687 1615; x_wconf 83' lang='grc' dir='ltr'><strong><em>αότοῖς</em></strong></span> <span class='ocrx_word' id='word_1_126' title='bbox 705 1538 897 1626; x_wconf 74' lang='grc' dir='ltr'><strong><em>ἐξειργάσατο.</em></strong></span> <span class='ocrx_word' id='word_1_127' title='bbox 940 1539 1013 1608; x_wconf 87' lang='grc' dir='ltr'><strong><em>Ἀπό</em></strong></span> <span class='ocrx_word' id='word_1_128' title='bbox 1031 1539 1086 1627; x_wconf 82' lang='grc' dir='ltr'><strong><em>γάρ</em></strong></span> <span class='ocrx_word' id='word_1_129' title='bbox 1104 1545 1157 1606; x_wconf 88' lang='grc' dir='ltr'><strong><em>τοῦ</em></strong></span> <span class='ocrx_word' id='word_1_130' title='bbox 1171 1538 1238 1617; x_wconf 82' lang='grc' dir='ltr'><strong><em>ένός</em></strong></span> <span class='ocrx_word' id='word_1_131' title='bbox 1254 1542 1305 1606; x_wconf 83' lang='grc' dir='ltr'><strong><em>καλ</em></strong></span> <span class='ocrx_word' id='word_1_132' title='bbox 1322 1547 1375 1606; x_wconf 89' lang='grc' dir='ltr'><strong><em>τοῦ</em></strong></span> <span class='ocrx_word' id='word_1_133' title='bbox 1391 1537 1452 1620; x_wconf 85' lang='grc' dir='ltr'><strong><em>άλη·</em></strong></span> <span class='ocrx_word' id='word_1_134' title='bbox 1532 1595 1533 1608; x_wconf 64' lang='grc'><strong><em>,</em></strong></span> 
     </span>
     <span class='ocr_line' id='line_1_14' title="bbox 308 1639 1453 1728; baseline 0.004 -19"><span class='ocrx_word' id='word_1_135' title='bbox 308 1649 399 1709; x_wconf 85' lang='grc' dir='ltr'><strong><em>θινοῦ</em></strong></span> <span class='ocrx_word' id='word_1_136' title='bbox 412 1648 489 1707; x_wconf 85' lang='grc' dir='ltr'><strong><em>θεοῦ</em></strong></span> <span class='ocrx_word' id='word_1_137' title='bbox 503 1639 670 1724; x_wconf 83' lang='grc' dir='ltr'><strong><em>άποστῆοας</em></strong></span> <span class='ocrx_word' id='word_1_138' title='bbox 687 1639 797 1720; x_wconf 79' lang='grc' dir='ltr'><strong><em>αῦτοός</em></strong></span> <span class='ocrx_word' id='word_1_139' title='bbox 811 1645 976 1728; x_wconf 87' lang='grc' dir='ltr'><strong><em>ένεκίσσησε</em></strong></span> <span class='ocrx_word' id='word_1_140' title='bbox 989 1641 1078 1710; x_wconf 88' lang='grc' dir='ltr'><strong><em>πάλαι</em></strong></span> <span class='ocrx_word' id='word_1_141' title='bbox 1092 1643 1144 1728; x_wconf 83' lang='grc' dir='ltr'><strong><em>τῆν</em></strong></span> <span class='ocrx_word' id='word_1_142' title='bbox 1158 1650 1213 1727; x_wconf 91' lang='grc' dir='ltr'><strong><em>τῆς</em></strong></span> <span class='ocrx_word' id='word_1_143' title='bbox 1226 1645 1453 1728; x_wconf 67' lang='grc' dir='ltr'><strong><em>είδονλολατρείσε</em></strong></span> 
     </span>
     <span class='ocr_line' id='line_1_15' title="bbox 309 1738 1454 1832; baseline -0.003 -21"><span class='ocrx_word' id='word_1_144' title='bbox 309 1747 360 1812; x_wconf 78' lang='grc' dir='ltr'><strong><em>καί</em></strong></span> <span class='ocrx_word' id='word_1_145' title='bbox 374 1748 537 1821; x_wconf 83' lang='grc' dir='ltr'><strong><em>πολοθεΐας</em></strong></span> <span class='ocrx_word' id='word_1_146' title='bbox 553 1744 727 1829; x_wconf 78' lang='grc' dir='ltr'><strong><em>βλάσφημον</em></strong></span> <span class='ocrx_word' id='word_1_147' title='bbox 740 1750 935 1828; x_wconf 86' lang='grc' dir='ltr'><strong><em>κενοφωνίαν.</em></strong></span> <span class='ocrx_word' id='word_1_148' title='bbox 982 1743 1132 1812; x_wconf 74' lang='grc' dir='ltr'><strong><em>Οὐδέποτε</em></strong></span> <span class='ocrx_word' id='word_1_149' title='bbox 1145 1745 1200 1832; x_wconf 83' lang='grc' dir='ltr'><strong><em>γάρ</em></strong></span> <span class='ocrx_word' id='word_1_150' title='bbox 1215 1738 1291 1829; x_wconf 79' lang='grc' dir='ltr'><strong><em>ἦσαν</em></strong></span> <span class='ocrx_word' id='word_1_151' title='bbox 1303 1747 1382 1826; x_wconf 83' lang='grc' dir='ltr'><strong><em>θεολ,</em></strong></span> <span class='ocrx_word' id='word_1_152' title='bbox 1404 1742 1454 1820; x_wconf 81' lang='grc' dir='ltr'><strong><em>όές-</em></strong></span> 
     </span>
     <span class='ocr_line' id='line_1_16' title="bbox 308 1843 1454 1934; baseline -0.002 -20"><span class='ocrx_word' id='word_1_153' title='bbox 308 1874 363 1932; x_wconf 89' lang='grc' dir='ltr'><strong><em>περ</em></strong></span> <span class='ocrx_word' id='word_1_154' title='bbox 379 1845 449 1914; x_wconf 80' lang='grc' dir='ltr'><strong><em>ον’δί</em></strong></span> <span class='ocrx_word' id='word_1_155' title='bbox 464 1849 545 1926; x_wconf 89' lang='grc' dir='ltr'><strong><em>είσιν,</em></strong></span> <span class='ocrx_word' id='word_1_156' title='bbox 569 1843 639 1912; x_wconf 86' lang='grc' dir='ltr'><strong><em>άλλά</em></strong></span> <span class='ocrx_word' id='word_1_157' title='bbox 655 1844 674 1913; x_wconf 87' lang='grc' dir='ltr'><strong><em>ό</em></strong></span> <span class='ocrx_word' id='word_1_158' title='bbox 687 1845 766 1926; x_wconf 87' lang='grc' dir='ltr'><strong><em>θεός.</em></strong></span> <span class='ocrx_word' id='word_1_159' title='bbox 813 1853 979 1934; x_wconf 82' lang='grc' dir='ltr'><strong><em>Προεκίσοα</em></strong></span> <span class='ocrx_word' id='word_1_160' title='bbox 995 1849 1027 1914; x_wconf 83' lang='grc' dir='ltr'><strong><em>δέ</em></strong></span> <span class='ocrx_word' id='word_1_161' title='bbox 1042 1847 1095 1932; x_wconf 86' lang='grc' dir='ltr'><strong><em>τῆν</em></strong></span> <span class='ocrx_word' id='word_1_162' title='bbox 1111 1851 1322 1932; x_wconf 82' lang='grc' dir='ltr'><strong><em>είδαλομανίαν</em></strong></span> <span class='ocrx_word' id='word_1_163' title='bbox 1339 1850 1391 1914; x_wconf 84' lang='grc' dir='ltr'><strong><em>καλ</em></strong></span> <span class='ocrx_word' id='word_1_164' title='bbox 1405 1871 1454 1912; x_wconf 82' lang='grc' dir='ltr'><strong><em>πο-</em></strong></span> 
     </span>
     <span class='ocr_line' id='line_1_17' title="bbox 308 1943 1455 2035; baseline 0.001 -20"><span class='ocrx_word' id='word_1_165' title='bbox 308 1954 431 2016; x_wconf 83' lang='grc' dir='ltr'><strong><em>λυθεΐαν</em></strong></span> <span class='ocrx_word' id='word_1_166' title='bbox 448 1953 500 2015; x_wconf 88' lang='grc' dir='ltr'><strong><em>καί</em></strong></span> <span class='ocrx_word' id='word_1_167' title='bbox 518 1947 669 2033; x_wconf 86' lang='grc' dir='ltr'><strong><em>άπατηλῆν</em></strong></span> <span class='ocrx_word' id='word_1_168' title='bbox 684 1949 832 2017; x_wconf 91' lang='grc' dir='ltr'><strong><em>διάνοιαν·</em></strong></span> <span class='ocrx_word' id='word_1_169' title='bbox 855 1948 911 2017; x_wconf 86' lang='grc' dir='ltr'><strong><em>οόκ</em></strong></span> <span class='ocrx_word' id='word_1_170' title='bbox 929 1943 965 2034; x_wconf 81' lang='grc' dir='ltr'><strong><em>ἦν</em></strong></span> <span class='ocrx_word' id='word_1_171' title='bbox 982 1951 1014 2018; x_wconf 77' lang='grc' dir='ltr'><strong><em>δέ</em></strong></span> <span class='ocrx_word' id='word_1_172' title='bbox 1030 1955 1124 2028; x_wconf 86' lang='grc' dir='ltr'><strong><em>αίτιος</em></strong></span> <span class='ocrx_word' id='word_1_173' title='bbox 1138 1949 1262 2035; x_wconf 89' lang='grc' dir='ltr'><strong><em>μόνοςό</em></strong></span> <span class='ocrx_word' id='word_1_174' title='bbox 1278 1948 1455 2033; x_wconf 77' lang='grc' dir='ltr'><strong><em>φαινόμενοι</em></strong></span> 
     </span>
     <span class='ocr_line' id='line_1_18' title="bbox 308 2048 1454 2142; baseline -0.001 -24"><span class='ocrx_word' id='word_1_175' title='bbox 308 2052 372 2119; x_wconf 91' lang='grc' dir='ltr'><strong><em>τότε</em></strong></span> <span class='ocrx_word' id='word_1_176' title='bbox 389 2050 476 2135; x_wconf 86' lang='grc' dir='ltr'><strong><em>όφις,</em></strong></span> <span class='ocrx_word' id='word_1_177' title='bbox 508 2048 577 2118; x_wconf 83' lang='grc' dir='ltr'><strong><em>άλλδ</em></strong></span> <span class='ocrx_word' id='word_1_178' title='bbox 596 2049 614 2118; x_wconf 92' lang='grc' dir='ltr'><strong><em>ό</em></strong></span> <span class='ocrx_word' id='word_1_179' title='bbox 631 2055 662 2118; x_wconf 84' lang='grc' dir='ltr'><strong><em>έν</em></strong></span> <span class='ocrx_word' id='word_1_180' title='bbox 677 2057 718 2142; x_wconf 76' lang='grc' dir='ltr'><strong><em>τῷ</em></strong></span> <span class='ocrx_word' id='word_1_181' title='bbox 736 2051 804 2133; x_wconf 85' lang='grc' dir='ltr'><strong><em>όφει</em></strong></span> <span class='ocrx_word' id='word_1_182' title='bbox 821 2051 892 2136; x_wconf 90' lang='grc' dir='ltr'><strong><em>όφις</em></strong></span> <span class='ocrx_word' id='word_1_183' title='bbox 908 2052 1049 2138; x_wconf 87' lang='grc' dir='ltr'><strong><em>λαλῆσας,</em></strong></span> <span class='ocrx_word' id='word_1_184' title='bbox 1081 2055 1160 2136; x_wconf 84' lang='grc' dir='ltr'><strong><em>φημί</em></strong></span> <span class='ocrx_word' id='word_1_185' title='bbox 1177 2053 1209 2120; x_wconf 81' lang='grc' dir='ltr'><strong><em>δέ</em></strong></span> <span class='ocrx_word' id='word_1_186' title='bbox 1225 2051 1378 2137; x_wconf 81' lang='grc' dir='ltr'><strong><em>διάβολος,</em></strong></span> <span class='ocrx_word' id='word_1_187' title='bbox 1406 2053 1454 2117; x_wconf 83' lang='grc' dir='ltr'><strong><em>καί</em></strong></span> 
     </span>
     <span class='ocr_line' id='line_1_19' title="bbox 310 2151 1454 2242; baseline 0.001 -22"><span class='ocrx_word' id='word_1_188' title='bbox 310 2154 362 2238; x_wconf 87' lang='grc' dir='ltr'><strong><em>τῆν</em></strong></span> <span class='ocrx_word' id='word_1_189' title='bbox 376 2153 470 2237; x_wconf 89' lang='grc' dir='ltr'><strong><em>άκοῆν</em></strong></span> <span class='ocrx_word' id='word_1_190' title='bbox 485 2160 537 2222; x_wconf 85' lang='grc' dir='ltr'><strong><em>τοῦ</em></strong></span> <span class='ocrx_word' id='word_1_191' title='bbox 553 2152 719 2240; x_wconf 80' lang='grc' dir='ltr'><strong><em>άνθροόπου</em></strong></span> <span class='ocrx_word' id='word_1_192' title='bbox 733 2154 861 2240; x_wconf 80' lang='grc' dir='ltr'><strong><em>ταράξας</em></strong></span> <span class='ocrx_word' id='word_1_193' title='bbox 875 2155 925 2222; x_wconf 85' lang='grc' dir='ltr'><strong><em>διδ</em></strong></span> <span class='ocrx_word' id='word_1_194' title='bbox 938 2164 991 2240; x_wconf 88' lang='grc' dir='ltr'><strong><em>τῆς</em></strong></span> <span class='ocrx_word' id='word_1_195' title='bbox 1005 2155 1154 2242; x_wconf 78' lang='grc' dir='ltr'><strong><em>γυναικός.</em></strong></span> <span class='ocrx_word' id='word_1_196' title='bbox 1199 2157 1259 2220; x_wconf 80' lang='grc' dir='ltr'><strong><em>Καὶ</em></strong></span> <span class='ocrx_word' id='word_1_197' title='bbox 1275 2151 1346 2221; x_wconf 81' lang='grc' dir='ltr'><strong><em>σόδί</em></strong></span> <span class='ocrx_word' id='word_1_198' title='bbox 1360 2152 1393 2221; x_wconf 85' lang='grc' dir='ltr'><strong><em>τό</em></strong></span> <span class='ocrx_word' id='word_1_199' title='bbox 1410 2151 1454 2230; x_wconf 77' lang='grc' dir='ltr'><strong><em>ξό-</em></strong></span> 
     </span>
     <span class='ocr_line' id='line_1_20' title="bbox 309 2249 1454 2345; baseline 0.001 -22"><span class='ocrx_word' id='word_1_200' title='bbox 309 2266 359 2324; x_wconf 86' lang='grc' dir='ltr'><strong><em>λον</em></strong></span> <span class='ocrx_word' id='word_1_201' title='bbox 372 2249 410 2340; x_wconf 86' lang='grc' dir='ltr'><strong><em>ῆν</em></strong></span> <span class='ocrx_word' id='word_1_202' title='bbox 424 2255 550 2344; x_wconf 87' lang='grc' dir='ltr'><strong><em>άμαρτία</em></strong></span> <span class='ocrx_word' id='word_1_203' title='bbox 567 2255 651 2336; x_wconf 83' lang='grc' dir='ltr'><strong><em>(θεός</em></strong></span> <span class='ocrx_word' id='word_1_204' title='bbox 665 2254 722 2343; x_wconf 83' lang='grc' dir='ltr'><strong><em>γάρ</em></strong></span> <span class='ocrx_word' id='word_1_205' title='bbox 735 2255 821 2324; x_wconf 76' lang='grc' dir='ltr'><strong><em>οὐδέν</em></strong></span> <span class='ocrx_word' id='word_1_206' title='bbox 834 2256 966 2345; x_wconf 86' lang='grc' dir='ltr'><strong><em>πονηρόν</em></strong></span> <span class='ocrx_word' id='word_1_207' title='bbox 981 2257 1127 2339; x_wconf 86' lang='grc' dir='ltr'><strong><em>φντεάει)·</em></strong></span> <span class='ocrx_word' id='word_1_208' title='bbox 1144 2262 1251 2343; x_wconf 73' lang='grc' dir='ltr'><strong><em>γνοῦσιν</em></strong></span> <span class='ocrx_word' id='word_1_209' title='bbox 1263 2257 1297 2323; x_wconf 77' lang='grc' dir='ltr'><strong><em>δέ</em></strong></span> <span class='ocrx_word' id='word_1_210' title='bbox 1307 2259 1454 2338; x_wconf 69' lang='grc' dir='ltr'><strong><em>ἐνεποίησε</em></strong></span> 
     </span>
     <span class='ocr_line' id='line_1_21' title="bbox 309 2357 1454 2446; baseline 0 -22"><span class='ocrx_word' id='word_1_211' title='bbox 309 2359 342 2426; x_wconf 88' lang='grc' dir='ltr'><strong><em>τό</em></strong></span> <span class='ocrx_word' id='word_1_212' title='bbox 360 2358 446 2438; x_wconf 78' lang='grc' dir='ltr'><strong><em>ξύλον</em></strong></span> <span class='ocrx_word' id='word_1_213' title='bbox 461 2367 515 2426; x_wconf 89' lang='grc' dir='ltr'><strong><em>τοῦ</em></strong></span> <span class='ocrx_word' id='word_1_214' title='bbox 532 2361 640 2424; x_wconf 86' lang='grc' dir='ltr'><strong><em>είδέναι</em></strong></span> <span class='ocrx_word' id='word_1_215' title='bbox 657 2357 775 2446; x_wconf 87' lang='grc' dir='ltr'><strong><em>α’γαθόν</em></strong></span> <span class='ocrx_word' id='word_1_216' title='bbox 791 2385 821 2426; x_wconf 88' lang='grc' dir='ltr'><strong><em>τε</em></strong></span> <span class='ocrx_word' id='word_1_217' title='bbox 838 2363 890 2426; x_wconf 84' lang='grc' dir='ltr'><strong><em>καλ</em></strong></span> <span class='ocrx_word' id='word_1_218' title='bbox 906 2367 1029 2443; x_wconf 88' lang='grc' dir='ltr'><strong><em>φαῦλον.</em></strong></span> <span class='ocrx_word' id='word_1_219' title='bbox 1074 2362 1136 2426; x_wconf 79' lang='grc' dir='ltr'><strong><em>Καὶ</em></strong></span> <span class='ocrx_word' id='word_1_220' title='bbox 1152 2357 1217 2444; x_wconf 80' lang='grc' dir='ltr'><strong><em>οιίχλ</em></strong></span> <span class='ocrx_word' id='word_1_221' title='bbox 1233 2358 1283 2426; x_wconf 83' lang='grc' dir='ltr'><strong><em>διά</em></strong></span> <span class='ocrx_word' id='word_1_222' title='bbox 1301 2357 1335 2426; x_wconf 89' lang='grc' dir='ltr'><strong><em>τό</em></strong></span> <span class='ocrx_word' id='word_1_223' title='bbox 1350 2360 1454 2424; x_wconf 77' lang='grc' dir='ltr'><strong><em>εἰδέναι</em></strong></span> 
     </span>
     <span class='ocr_line' id='line_1_22' title="bbox 309 2459 1454 2550; baseline 0 -22"><span class='ocrx_word' id='word_1_224' title='bbox 309 2460 494 2541; x_wconf 84' lang='grc' dir='ltr'><strong><em>όθάνατος,</em></strong></span> <span class='ocrx_word' id='word_1_225' title='bbox 525 2459 595 2528; x_wconf 81' lang='grc' dir='ltr'><strong><em>άλλδ</em></strong></span> <span class='ocrx_word' id='word_1_226' title='bbox 617 2460 667 2526; x_wconf 83' lang='grc' dir='ltr'><strong><em>διά</em></strong></span> <span class='ocrx_word' id='word_1_227' title='bbox 688 2459 742 2546; x_wconf 83' lang='grc' dir='ltr'><strong><em>τῆν</em></strong></span> <span class='ocrx_word' id='word_1_228' title='bbox 761 2461 924 2550; x_wconf 76' lang='grc' dir='ltr'><strong><em>παρακοήν.</em></strong></span> <span class='ocrx_word' id='word_1_229' title='bbox 970 2465 1030 2529; x_wconf 79' lang='grc' dir='ltr'><strong><em>Καί</em></strong></span> <span class='ocrx_word' id='word_1_230' title='bbox 1051 2461 1108 2550; x_wconf 73' lang='grc' dir='ltr'><strong><em>γάρ</em></strong></span> <span class='ocrx_word' id='word_1_231' title='bbox 1129 2459 1151 2544; x_wconf 85' lang='grc' dir='ltr'><strong><em>ῆ</em></strong></span> <span class='ocrx_word' id='word_1_232' title='bbox 1171 2467 1252 2527; x_wconf 80' lang='grc' dir='ltr'><strong><em>πᾶσα</em></strong></span> <span class='ocrx_word' id='word_1_233' title='bbox 1272 2468 1326 2528; x_wconf 87' lang='grc' dir='ltr'><strong><em>τοῦ</em></strong></span> <span class='ocrx_word' id='word_1_234' title='bbox 1348 2463 1454 2544; x_wconf 80' lang='grc' dir='ltr'><strong><em>έχθροιῖ</em></strong></span> 
     </span>
     <span class='ocr_line' id='line_1_23' title="bbox 310 2559 1454 2652; baseline 0.001 -24"><span class='ocrx_word' id='word_1_235' title='bbox 310 2563 374 2630; x_wconf 89' lang='grc' dir='ltr'><strong><em>τότε</em></strong></span> <span class='ocrx_word' id='word_1_236' title='bbox 391 2561 518 2646; x_wconf 85' lang='grc' dir='ltr'><strong><em>ουσκευῆ</em></strong></span> <span class='ocrx_word' id='word_1_237' title='bbox 536 2561 590 2648; x_wconf 81' lang='grc' dir='ltr'><strong><em>οάχ</em></strong></span> <span class='ocrx_word' id='word_1_238' title='bbox 605 2565 700 2630; x_wconf 74' lang='grc' dir='ltr'><strong><em>ἕνεκεν</em></strong></span> <span class='ocrx_word' id='word_1_239' title='bbox 718 2569 770 2630; x_wconf 83' lang='grc' dir='ltr'><strong><em>τοῦ</em></strong></span> <span class='ocrx_word' id='word_1_240' title='bbox 784 2564 940 2652; x_wconf 83' lang='grc' dir='ltr'><strong><em>βράματος</em></strong></span> <span class='ocrx_word' id='word_1_241' title='bbox 957 2567 1090 2652; x_wconf 75' lang='grc' dir='ltr'><strong><em>γέγονεν,</em></strong></span> <span class='ocrx_word' id='word_1_242' title='bbox 1120 2561 1177 2630; x_wconf 72' lang='grc' dir='ltr'><strong><em>ἄλλ’</em></strong></span> <span class='ocrx_word' id='word_1_243' title='bbox 1194 2565 1291 2631; x_wconf 69' lang='grc' dir='ltr'><strong><em>ἕνεκεν</em></strong></span> <span class='ocrx_word' id='word_1_244' title='bbox 1306 2567 1361 2630; x_wconf 83' lang='grc' dir='ltr'><strong><em>τοῦ</em></strong></span> <span class='ocrx_word' id='word_1_245' title='bbox 1375 2559 1454 2648; x_wconf 78' lang='grc' dir='ltr'><strong><em>έρχό·</em></strong></span> 
     </span>
     <span class='ocr_line' id='line_1_24' title="bbox 310 2663 1455 2753; baseline -0.005 -21"><span class='ocrx_word' id='word_1_246' title='bbox 310 2675 422 2732; x_wconf 91' lang='grc' dir='ltr'><strong><em>σασθαι</em></strong></span> <span class='ocrx_word' id='word_1_247' title='bbox 444 2663 546 2741; x_wconf 74' lang='grc' dir='ltr'><strong><em>αὐτοῖς</em></strong></span> <span class='ocrx_word' id='word_1_248' title='bbox 569 2663 624 2748; x_wconf 84' lang='grc' dir='ltr'><strong><em>τῆν</em></strong></span> <span class='ocrx_word' id='word_1_249' title='bbox 647 2665 810 2752; x_wconf 85' lang='grc' dir='ltr'><strong><em>παρακοῆν.</em></strong></span> <span class='ocrx_word' id='word_1_250' title='bbox 844 2665 943 2732; x_wconf 83' lang='grc' dir='ltr'><strong><em>Ὅθεν</em></strong></span> <span class='ocrx_word' id='word_1_251' title='bbox 968 2665 1207 2753; x_wconf 77' lang='grc' dir='ltr'><strong><em>παρακούσαντες</em></strong></span> <span class='ocrx_word' id='word_1_252' title='bbox 1233 2666 1299 2735; x_wconf 87' lang='grc' dir='ltr'><strong><em>τότε</em></strong></span> <span class='ocrx_word' id='word_1_253' title='bbox 1326 2672 1380 2732; x_wconf 87' lang='grc' dir='ltr'><strong><em>τοῦ</em></strong></span> <span class='ocrx_word' id='word_1_254' title='bbox 1406 2663 1455 2747; x_wconf 85' lang='grc' dir='ltr'><strong><em>μέν</em></strong></span> 
     </span>
     <span class='ocr_line' id='line_1_25' title="bbox 313 2765 1453 2855; baseline 0.003 -24"><span class='ocrx_word' id='word_1_255' title='bbox 313 2770 502 2854; x_wconf 90' lang='grc' dir='ltr'><strong><em>Παραδείσου</em></strong></span> <span class='ocrx_word' id='word_1_256' title='bbox 520 2770 631 2845; x_wconf 76' lang='grc' dir='ltr'><strong><em>ἔξωθεν</em></strong></span> <span class='ocrx_word' id='word_1_257' title='bbox 650 2773 794 2853; x_wconf 76' lang='grc' dir='ltr'><strong><em>γίνονται,</em></strong></span> <span class='ocrx_word' id='word_1_258' title='bbox 823 2771 1042 2855; x_wconf 83' lang='grc' dir='ltr'><strong><em>έπιτιμηθίντες</em></strong></span> <span class='ocrx_word' id='word_1_259' title='bbox 1061 2768 1246 2850; x_wconf 80' lang='grc' dir='ltr'><strong><em>δικαιότατα,</em></strong></span> <span class='ocrx_word' id='word_1_260' title='bbox 1269 2767 1305 2836; x_wconf 81' lang='grc' dir='ltr'><strong><em>οιί</em></strong></span> <span class='ocrx_word' id='word_1_261' title='bbox 1320 2765 1395 2834; x_wconf 78' lang='grc' dir='ltr'><strong><em>κατά</em></strong></span> <span class='ocrx_word' id='word_1_262' title='bbox 1412 2773 1453 2846; x_wconf 79' lang='grc' dir='ltr'><strong><em>μί·</em></strong></span> 
     </span>
     <span class='ocr_line' id='line_1_26' title="bbox 310 2866 1454 2959; baseline 0.007 -25"><span class='ocrx_word' id='word_1_263' title='bbox 310 2891 372 2950; x_wconf 87' lang='grc' dir='ltr'><strong><em>σος,</em></strong></span> <span class='ocrx_word' id='word_1_264' title='bbox 389 2866 459 2934; x_wconf 87' lang='grc' dir='ltr'><strong><em>άλλά</em></strong></span> <span class='ocrx_word' id='word_1_265' title='bbox 473 2868 548 2935; x_wconf 84' lang='grc' dir='ltr'><strong><em>κατά</em></strong></span> <span class='ocrx_word' id='word_1_266' title='bbox 561 2871 724 2953; x_wconf 82' lang='grc' dir='ltr'><strong><em>ἐπιμέλειαν</em></strong></span> <span class='ocrx_word' id='word_1_267' title='bbox 737 2877 791 2937; x_wconf 88' lang='grc' dir='ltr'><strong><em>τοῦ</em></strong></span> <span class='ocrx_word' id='word_1_268' title='bbox 809 2879 893 2939; x_wconf 90' lang='grc' dir='ltr'><strong><em>θεοῦ.</em></strong></span> <span class='ocrx_word' id='word_1_269' title='bbox 941 2874 1020 2956; x_wconf 77' lang='grc' dir='ltr'><strong><em>Φησὶ</em></strong></span> <span class='ocrx_word' id='word_1_270' title='bbox 1034 2871 1090 2958; x_wconf 75' lang='grc' dir='ltr'><strong><em>γάρ</em></strong></span> <span class='ocrx_word' id='word_1_271' title='bbox 1106 2871 1182 2959; x_wconf 88' lang='grc' dir='ltr'><strong><em>πρός</em></strong></span> <span class='ocrx_word' id='word_1_272' title='bbox 1196 2869 1305 2950; x_wconf 84' lang='grc' dir='ltr'><strong><em>αάτοός</em></strong></span> <span class='ocrx_word' id='word_1_273' title='bbox 1317 2868 1336 2938; x_wconf 90' lang='grc' dir='ltr'><strong><em>ό</em></strong></span> <span class='ocrx_word' id='word_1_274' title='bbox 1348 2869 1454 2956; x_wconf 75' lang='grc' dir='ltr'><strong><em>κάρτος,</em></strong></span> 
     </span>
     <span class='ocr_line' id='line_1_27' title="bbox 310 2969 1454 3064; baseline -0.001 -26"><span class='ocrx_word' id='word_1_275' title='bbox 310 2980 356 3056; x_wconf 88' lang='grc' dir='ltr'><strong><em>Γῆ</em></strong></span> <span class='ocrx_word' id='word_1_276' title='bbox 374 2969 415 3053; x_wconf 89' lang='grc' dir='ltr'><strong><em>εί,</em></strong></span> <span class='ocrx_word' id='word_1_277' title='bbox 444 2973 495 3038; x_wconf 82' lang='grc' dir='ltr'><strong><em>καί</em></strong></span> <span class='ocrx_word' id='word_1_278' title='bbox 513 2973 554 3048; x_wconf 85' lang='grc' dir='ltr'><strong><em>είς</em></strong></span> <span class='ocrx_word' id='word_1_279' title='bbox 569 2980 625 3057; x_wconf 75' lang='grc' dir='ltr'><strong><em>γῆν</em></strong></span> <span class='ocrx_word' id='word_1_280' title='bbox 642 2971 795 3064; x_wconf 85' lang='grc' dir='ltr'><strong><em>άπελεάση.</em></strong></span> <span class='ocrx_word' id='word_1_281' title='bbox 828 2972 911 3041; x_wconf 81' lang='grc' dir='ltr'><strong><em>Ἔδει</em></strong></span> <span class='ocrx_word' id='word_1_282' title='bbox 929 2973 984 3061; x_wconf 79' lang='grc' dir='ltr'><strong><em>γάρ</em></strong></span> <span class='ocrx_word' id='word_1_283' title='bbox 1004 2973 1055 3041; x_wconf 86' lang='grc' dir='ltr'><strong><em>τόν</em></strong></span> <span class='ocrx_word' id='word_1_284' title='bbox 1072 2974 1166 3051; x_wconf 81' lang='grc' dir='ltr'><strong><em>ὄντας</em></strong></span> <span class='ocrx_word' id='word_1_285' title='bbox 1183 2973 1255 3041; x_wconf 86' lang='grc' dir='ltr'><strong><em>όντα</em></strong></span> <span class='ocrx_word' id='word_1_286' title='bbox 1272 2977 1401 3058; x_wconf 74' lang='grc' dir='ltr'><strong><em>τεχνίτην</em></strong></span> <span class='ocrx_word' id='word_1_287' title='bbox 1412 2994 1454 3036; x_wconf 85' lang='grc' dir='ltr'><strong><em>τιε-</em></strong></span> 
     </span>
     <span class='ocr_line' id='line_1_28' title="bbox 312 3062 1455 3164; baseline -0.003 -25"><span class='ocrx_word' id='word_1_288' title='bbox 312 3076 426 3162; x_wconf 89' lang='grc' dir='ltr'><strong><em>ραμέως</em></strong></span> <span class='ocrx_word' id='word_1_289' title='bbox 447 3077 533 3156; x_wconf 89' lang='grc' dir='ltr'><strong><em>δίκην</em></strong></span> <span class='ocrx_word' id='word_1_290' title='bbox 551 3073 758 3159; x_wconf 76' lang='grc' dir='ltr'><strong><em>ἐπιμελόμενον</em></strong></span> <span class='ocrx_word' id='word_1_291' title='bbox 779 3062 930 3144; x_wconf 82' lang='grc' dir='ltr'><strong><em>τοῦίδίου</em></strong></span> <span class='ocrx_word' id='word_1_292' title='bbox 952 3074 1003 3144; x_wconf 83' lang='grc' dir='ltr'><strong><em>διό</em></strong></span> <span class='ocrx_word' id='word_1_293' title='bbox 1019 3085 1125 3164; x_wconf 81' lang='grc' dir='ltr'><strong><em>χειρῶν</em></strong></span> <span class='ocrx_word' id='word_1_294' title='bbox 1143 3078 1349 3160; x_wconf 79' lang='grc' dir='ltr'><strong><em>πεπλασμένον</em></strong></span> <span class='ocrx_word' id='word_1_295' title='bbox 1368 3071 1455 3142; x_wconf 69' lang='grc' dir='ltr'><strong><em>αὐτοῦ</em></strong></span> 
     </span>
     <span class='ocr_line' id='line_1_29' title="bbox 309 3175 1455 3267; baseline 0.005 -23"><span class='ocrx_word' id='word_1_296' title='bbox 309 3176 478 3261; x_wconf 86' lang='grc' dir='ltr'><strong><em>πλάσματός</em></strong></span> <span class='ocrx_word' id='word_1_297' title='bbox 493 3203 522 3242; x_wconf 87' lang='grc' dir='ltr'><strong><em>τε</em></strong></span> <span class='ocrx_word' id='word_1_298' title='bbox 537 3180 587 3244; x_wconf 82' lang='grc' dir='ltr'><strong><em>καλ</em></strong></span> <span class='ocrx_word' id='word_1_299' title='bbox 604 3175 713 3263; x_wconf 81' lang='grc' dir='ltr'><strong><em>άγγονς</em></strong></span> <span class='ocrx_word' id='word_1_300' title='bbox 727 3185 814 3246; x_wconf 89' lang='grc' dir='ltr'><strong><em>τοῦτο</em></strong></span> <span class='ocrx_word' id='word_1_301' title='bbox 831 3177 954 3266; x_wconf 75' lang='grc' dir='ltr'><strong><em>ὕστερον</em></strong></span> <span class='ocrx_word' id='word_1_302' title='bbox 969 3182 1002 3247; x_wconf 86' lang='grc' dir='ltr'><strong><em>έν</em></strong></span> <span class='ocrx_word' id='word_1_303' title='bbox 1016 3179 1193 3264; x_wconf 81' lang='grc' dir='ltr'><strong><em>έλαττοόματι</em></strong></span> <span class='ocrx_word' id='word_1_304' title='bbox 1206 3177 1329 3267; x_wconf 83' lang='grc' dir='ltr'><strong><em>χεχονός</em></strong></span> <span class='ocrx_word' id='word_1_305' title='bbox 1344 3176 1394 3246; x_wconf 79' lang='grc' dir='ltr'><strong><em>διό</em></strong></span> <span class='ocrx_word' id='word_1_306' title='bbox 1407 3181 1455 3258; x_wconf 71' lang='grc' dir='ltr'><strong><em>πἰε</em></strong></span> 
     </span>
    </p>

    <p class='ocr_par' dir='ltr' id='par_1_3' title="bbox 188 3277 1533 4191">
     <span class='ocr_line' id='line_1_30' title="bbox 188 3277 1456 3367; baseline 0 -21"><span class='ocrx_word' id='word_1_307' title='bbox 188 3314 239 3360; x_wconf 68' lang='grc' dir='ltr'><strong><em>ρος.</em></strong></span> <span class='ocrx_word' id='word_1_308' title='bbox 252 3301 297 3347; x_wconf 86' lang='grc' dir='ltr'><strong><em>ιιι.</em></strong></span> <span class='ocrx_word' id='word_1_309' title='bbox 311 3288 466 3366; x_wconf 83' lang='grc' dir='ltr'><strong><em>παρακοῆς</em></strong></span> <span class='ocrx_word' id='word_1_310' title='bbox 486 3319 529 3330; x_wconf 89' lang='grc'>-</span> <span class='ocrx_word' id='word_1_311' title='bbox 549 3282 616 3360; x_wconf 82' lang='grc' dir='ltr'><strong><em>καλ,</em></strong></span> <span class='ocrx_word' id='word_1_312' title='bbox 645 3277 687 3356; x_wconf 83' lang='grc' dir='ltr'><strong><em>άς</em></strong></span> <span class='ocrx_word' id='word_1_313' title='bbox 699 3283 807 3361; x_wconf 78' lang='grc' dir='ltr'><strong><em>εἰπεῖν,</em></strong></span> <span class='ocrx_word' id='word_1_314' title='bbox 829 3284 872 3348; x_wconf 82' lang='grc' dir='ltr'><strong><em>έτι</em></strong></span> <span class='ocrx_word' id='word_1_315' title='bbox 887 3291 984 3366; x_wconf 83' lang='grc' dir='ltr'><strong><em>πηλοῦ</em></strong></span> <span class='ocrx_word' id='word_1_316' title='bbox 999 3281 1100 3363; x_wconf 85' lang='grc' dir='ltr'><strong><em>όιτος,</em></strong></span> <span class='ocrx_word' id='word_1_317' title='bbox 1122 3285 1174 3348; x_wconf 84' lang='grc' dir='ltr'><strong><em>καλ</em></strong></span> <span class='ocrx_word' id='word_1_318' title='bbox 1191 3280 1231 3358; x_wconf 92' lang='grc' dir='ltr'><strong><em>οδς</em></strong></span> <span class='ocrx_word' id='word_1_319' title='bbox 1250 3278 1336 3347; x_wconf 70' lang='grc' dir='ltr'><strong><em>οῦπό</em></strong></span> <span class='ocrx_word' id='word_1_320' title='bbox 1354 3278 1456 3367; x_wconf 77' lang='grc' dir='ltr'><strong><em>βαχάδι</em></strong></span> 
     </span>
     <span class='ocr_line' id='line_1_31' title="bbox 310 3379 1533 3470; baseline 0 -22"><span class='ocrx_word' id='word_1_321' title='bbox 310 3379 517 3469; x_wconf 83' lang='grc' dir='ltr'><strong><em>άπορρόματος</em></strong></span> <span class='ocrx_word' id='word_1_322' title='bbox 531 3380 683 3469; x_wconf 79' lang='grc' dir='ltr'><strong><em>γεγονότος</em></strong></span> <span class='ocrx_word' id='word_1_323' title='bbox 698 3391 754 3448; x_wconf 88' lang='grc' dir='ltr'><strong><em>τοῦ</em></strong></span> <span class='ocrx_word' id='word_1_324' title='bbox 771 3382 880 3470; x_wconf 80' lang='grc' dir='ltr'><strong><em>άγχονς</em></strong></span> <span class='ocrx_word' id='word_1_325' title='bbox 901 3423 941 3438; x_wconf 92' lang='lat'><strong><em>-··</em></strong></span> <span class='ocrx_word' id='word_1_326' title='bbox 963 3383 1005 3468; x_wconf 82' lang='grc' dir='ltr'><strong><em>μῆ</em></strong></span> <span class='ocrx_word' id='word_1_327' title='bbox 1022 3385 1107 3451; x_wconf 79' lang='grc' dir='ltr'><strong><em>ἐάσαι</em></strong></span> <span class='ocrx_word' id='word_1_328' title='bbox 1121 3384 1227 3466; x_wconf 71' lang='grc' dir='ltr'><strong><em>οὕτως,</em></strong></span> <span class='ocrx_word' id='word_1_329' title='bbox 1248 3381 1320 3450; x_wconf 80' lang='grc' dir='ltr'><strong><em>άλλδ</em></strong></span> <span class='ocrx_word' id='word_1_330' title='bbox 1335 3385 1454 3466; x_wconf 83' lang='grc' dir='ltr'><strong><em>μεταβσ·</em></strong></span> <span class='ocrx_word' id='word_1_331' title='bbox 1532 3433 1533 3456; x_wconf 59' lang='lat'>2</span> 
     </span>
     <span class='ocr_line' id='line_1_32' title="bbox 309 3479 1455 3578; baseline 0 -28"><span class='ocrx_word' id='word_1_332' title='bbox 309 3494 367 3550; x_wconf 85' lang='grc' dir='ltr'><strong><em>λεῖν</em></strong></span> <span class='ocrx_word' id='word_1_333' title='bbox 382 3489 424 3562; x_wconf 85' lang='grc' dir='ltr'><strong><em>είς</em></strong></span> <span class='ocrx_word' id='word_1_334' title='bbox 439 3483 472 3550; x_wconf 90' lang='grc' dir='ltr'><strong><em>τό</em></strong></span> <span class='ocrx_word' id='word_1_335' title='bbox 491 3482 613 3571; x_wconf 86' lang='grc' dir='ltr'><strong><em>άρχαῖον</em></strong></span> <span class='ocrx_word' id='word_1_336' title='bbox 629 3484 764 3570; x_wconf 81' lang='grc' dir='ltr'><strong><em>φύραμα·</em></strong></span> <span class='ocrx_word' id='word_1_337' title='bbox 788 3489 838 3552; x_wconf 85' lang='grc' dir='ltr'><strong><em>λ’να</em></strong></span> <span class='ocrx_word' id='word_1_338' title='bbox 854 3479 945 3564; x_wconf 81' lang='grc' dir='ltr'><strong><em>αὖθις</em></strong></span> <span class='ocrx_word' id='word_1_339' title='bbox 961 3489 993 3554; x_wconf 85' lang='grc' dir='ltr'><strong><em>έν</em></strong></span> <span class='ocrx_word' id='word_1_340' title='bbox 1007 3494 1043 3578; x_wconf 85' lang='grc' dir='ltr'><strong><em>τῆ</em></strong></span> <span class='ocrx_word' id='word_1_341' title='bbox 1059 3492 1258 3576; x_wconf 67' lang='grc' dir='ltr'><strong><em>παλιγγενεσία</em></strong></span> <span class='ocrx_word' id='word_1_342' title='bbox 1273 3482 1455 3571; x_wconf 77' lang='grc' dir='ltr'><strong><em>άναστευάση</em></strong></span> 
     </span>
     <span class='ocr_line' id='line_1_33' title="bbox 309 3583 1454 3678; baseline -0.002 -26"><span class='ocrx_word' id='word_1_343' title='bbox 309 3587 343 3653; x_wconf 86' lang='grc' dir='ltr'><strong><em>τό</em></strong></span> <span class='ocrx_word' id='word_1_344' title='bbox 362 3587 451 3674; x_wconf 80' lang='grc' dir='ltr'><strong><em>δι’γχος</em></strong></span> <span class='ocrx_word' id='word_1_345' title='bbox 466 3589 498 3653; x_wconf 84' lang='grc' dir='ltr'><strong><em>έν</em></strong></span> <span class='ocrx_word' id='word_1_346' title='bbox 512 3593 547 3678; x_wconf 82' lang='grc' dir='ltr'><strong><em>τῆ</em></strong></span> <span class='ocrx_word' id='word_1_347' title='bbox 561 3585 714 3653; x_wconf 89' lang='grc' dir='ltr'><strong><em>άναοτάσει</em></strong></span> <span class='ocrx_word' id='word_1_348' title='bbox 730 3590 772 3664; x_wconf 90' lang='grc' dir='ltr'><strong><em>είς</em></strong></span> <span class='ocrx_word' id='word_1_349' title='bbox 784 3585 837 3670; x_wconf 86' lang='grc' dir='ltr'><strong><em>τῆν</em></strong></span> <span class='ocrx_word' id='word_1_350' title='bbox 854 3585 979 3673; x_wconf 85' lang='grc' dir='ltr'><strong><em>άρχαίαν</em></strong></span> <span class='ocrx_word' id='word_1_351' title='bbox 994 3588 1186 3673; x_wconf 87' lang='grc' dir='ltr'><strong><em>φαιδρότητα,</em></strong></span> <span class='ocrx_word' id='word_1_352' title='bbox 1206 3591 1257 3655; x_wconf 82' lang='grc' dir='ltr'><strong><em>καλ</em></strong></span> <span class='ocrx_word' id='word_1_353' title='bbox 1274 3591 1316 3654; x_wconf 81' lang='grc' dir='ltr'><strong><em>ἔτι</em></strong></span> <span class='ocrx_word' id='word_1_354' title='bbox 1329 3583 1454 3675; x_wconf 78' lang='grc' dir='ltr'><strong><em>περιττά·</em></strong></span> 
     </span>
     <span class='ocr_line' id='line_1_34' title="bbox 309 3687 1455 3777; baseline -0.001 -21"><span class='ocrx_word' id='word_1_355' title='bbox 309 3715 402 3773; x_wconf 86' lang='grc' dir='ltr'><strong><em>τερον,</em></strong></span> <span class='ocrx_word' id='word_1_356' title='bbox 424 3691 553 3755; x_wconf 84' lang='grc' dir='ltr'><strong><em>τουτέστι</em></strong></span> <span class='ocrx_word' id='word_1_357' title='bbox 567 3688 605 3754; x_wconf 83' lang='grc' dir='ltr'><strong><em>τά</em></strong></span> <span class='ocrx_word' id='word_1_358' title='bbox 617 3688 738 3772; x_wconf 84' lang='grc' dir='ltr'><strong><em>νάματα</em></strong></span> <span class='ocrx_word' id='word_1_359' title='bbox 755 3695 811 3755; x_wconf 76' lang='grc' dir='ltr'><strong><em>τῶν</em></strong></span> <span class='ocrx_word' id='word_1_360' title='bbox 827 3689 864 3756; x_wconf 86' lang='grc' dir='ltr'><strong><em>τά</em></strong></span> <span class='ocrx_word' id='word_1_361' title='bbox 879 3687 1239 3777; x_wconf 79' lang='grc' dir='ltr'><strong><em>άδικοόταταπραξάντων</em></strong></span> <span class='ocrx_word' id='word_1_362' title='bbox 1252 3692 1304 3756; x_wconf 80' lang='grc' dir='ltr'><strong><em>καί</em></strong></span> <span class='ocrx_word' id='word_1_363' title='bbox 1320 3712 1455 3772; x_wconf 84' lang='grc' dir='ltr'><strong><em>μετανοη·</em></strong></span> 
     </span>
     <span class='ocr_line' id='line_1_35' title="bbox 310 3789 1454 3884; baseline -0.003 -26"><span class='ocrx_word' id='word_1_364' title='bbox 310 3789 424 3858; x_wconf 86' lang='grc' dir='ltr'><strong><em>σάντων</em></strong></span> <span class='ocrx_word' id='word_1_365' title='bbox 438 3794 489 3856; x_wconf 79' lang='grc' dir='ltr'><strong><em>καὶ</em></strong></span> <span class='ocrx_word' id='word_1_366' title='bbox 503 3789 692 3858; x_wconf 84' lang='grc' dir='ltr'><strong><em>άποοτάντοιν</em></strong></span> <span class='ocrx_word' id='word_1_367' title='bbox 704 3800 763 3856; x_wconf 73' lang='grc' dir='ltr'><strong><em>τοῖν</em></strong></span> <span class='ocrx_word' id='word_1_368' title='bbox 777 3794 861 3858; x_wconf 87' lang='grc' dir='ltr'><strong><em>ίδίων</em></strong></span> <span class='ocrx_word' id='word_1_369' title='bbox 877 3795 1055 3877; x_wconf 82' lang='grc' dir='ltr'><strong><em>σφαλμάτων</em></strong></span> <span class='ocrx_word' id='word_1_370' title='bbox 1068 3795 1118 3860; x_wconf 82' lang='grc' dir='ltr'><strong><em>καί</em></strong></span> <span class='ocrx_word' id='word_1_371' title='bbox 1132 3797 1164 3862; x_wconf 79' lang='grc' dir='ltr'><strong><em>έν</em></strong></span> <span class='ocrx_word' id='word_1_372' title='bbox 1176 3801 1212 3884; x_wconf 79' lang='grc' dir='ltr'><strong><em>τῆ</em></strong></span> <span class='ocrx_word' id='word_1_373' title='bbox 1224 3791 1328 3880; x_wconf 81' lang='grc' dir='ltr'><strong><em>μνάσει</em></strong></span> <span class='ocrx_word' id='word_1_374' title='bbox 1342 3799 1397 3858; x_wconf 91' lang='grc' dir='ltr'><strong><em>τοῦ</em></strong></span> <span class='ocrx_word' id='word_1_375' title='bbox 1407 3817 1454 3856; x_wconf 85' lang='grc' dir='ltr'><strong><em>τν-</em></strong></span> 
     </span>
     <span class='ocr_line' id='line_1_36' title="bbox 310 3889 1456 3983; baseline 0.007 -25"><span class='ocrx_word' id='word_1_376' title='bbox 310 3897 376 3980; x_wconf 87' lang='grc' dir='ltr'><strong><em>ρίου</em></strong></span> <span class='ocrx_word' id='word_1_377' title='bbox 398 3889 483 3975; x_wconf 72' lang='grc' dir='ltr'><strong><em>η’μοῦν</em></strong></span> <span class='ocrx_word' id='word_1_378' title='bbox 498 3891 595 3976; x_wconf 87' lang='grc' dir='ltr'><strong><em>Ἰησοῦ</em></strong></span> <span class='ocrx_word' id='word_1_379' title='bbox 611 3901 743 3978; x_wconf 82' lang='grc' dir='ltr'><strong><em>Χριστοῦ</em></strong></span> <span class='ocrx_word' id='word_1_380' title='bbox 757 3898 986 3975; x_wconf 87' lang='grc' dir='ltr'><strong><em>τελειωθέντων,</em></strong></span> <span class='ocrx_word' id='word_1_381' title='bbox 1014 3899 1064 3962; x_wconf 75' lang='grc' dir='ltr'><strong><em>’ίνα</em></strong></span> <span class='ocrx_word' id='word_1_382' title='bbox 1082 3899 1197 3983; x_wconf 79' lang='grc' dir='ltr'><strong><em>γίνηται</em></strong></span> <span class='ocrx_word' id='word_1_383' title='bbox 1215 3902 1268 3962; x_wconf 90' lang='grc' dir='ltr'><strong><em>τοῦ</em></strong></span> <span class='ocrx_word' id='word_1_384' title='bbox 1286 3894 1456 3981; x_wconf 64' lang='grc' dir='ltr'><strong><em>φυράματος</em></strong></span> 
     </span>
     <span class='ocr_line' id='line_1_37' title="bbox 311 3993 1455 4084; baseline -0.001 -21"><span class='ocrx_word' id='word_1_385' title='bbox 311 3993 332 4080; x_wconf 83' lang='grc' dir='ltr'><strong><em>ῆ</em></strong></span> <span class='ocrx_word' id='word_1_386' title='bbox 347 3993 504 4071; x_wconf 88' lang='grc' dir='ltr'><strong><em>άνάσταοις</em></strong></span> <span class='ocrx_word' id='word_1_387' title='bbox 519 3998 551 4062; x_wconf 81' lang='grc' dir='ltr'><strong><em>ἐκ</em></strong></span> <span class='ocrx_word' id='word_1_388' title='bbox 568 4002 619 4080; x_wconf 85' lang='grc' dir='ltr'><strong><em>τῆς</em></strong></span> <span class='ocrx_word' id='word_1_389' title='bbox 634 4005 703 4084; x_wconf 77' lang='grc' dir='ltr'><strong><em>γῆς,</em></strong></span> <span class='ocrx_word' id='word_1_390' title='bbox 726 3993 768 4074; x_wconf 73' lang='grc' dir='ltr'><strong><em>οἷς</em></strong></span> <span class='ocrx_word' id='word_1_391' title='bbox 782 3996 907 4083; x_wconf 89' lang='grc' dir='ltr'><strong><em>φόραμα</em></strong></span> <span class='ocrx_word' id='word_1_392' title='bbox 920 3999 1069 4082; x_wconf 85' lang='grc' dir='ltr'><strong><em>μαλαχθίν</em></strong></span> <span class='ocrx_word' id='word_1_393' title='bbox 1083 3996 1164 4084; x_wconf 83' lang='grc' dir='ltr'><strong><em>παρά</em></strong></span> <span class='ocrx_word' id='word_1_394' title='bbox 1179 4001 1232 4064; x_wconf 89' lang='grc' dir='ltr'><strong><em>τοῦ</em></strong></span> <span class='ocrx_word' id='word_1_395' title='bbox 1247 4001 1389 4080; x_wconf 85' lang='grc' dir='ltr'><strong><em>τεχνίτου,</em></strong></span> <span class='ocrx_word' id='word_1_396' title='bbox 1408 3995 1455 4062; x_wconf 82' lang='grc' dir='ltr'><strong><em>καί</em></strong></span> 
     </span>
     <span class='ocr_line' id='line_1_38' title="bbox 311 4090 1407 4191; baseline 0.002 -27"><span class='ocrx_word' id='word_1_397' title='bbox 311 4090 404 4175; x_wconf 77' lang='grc' dir='ltr'><strong><em>αὖθις</em></strong></span> <span class='ocrx_word' id='word_1_398' title='bbox 424 4101 466 4175; x_wconf 89' lang='grc' dir='ltr'><strong><em>είς</em></strong></span> <span class='ocrx_word' id='word_1_399' title='bbox 487 4097 540 4181; x_wconf 84' lang='grc' dir='ltr'><strong><em>τῆν</em></strong></span> <span class='ocrx_word' id='word_1_400' title='bbox 561 4097 683 4186; x_wconf 90' lang='grc' dir='ltr'><strong><em>άρχαίαν</em></strong></span> <span class='ocrx_word' id='word_1_401' title='bbox 703 4127 754 4166; x_wconf 90' lang='grc' dir='ltr'><strong><em>και</em></strong></span> <span class='ocrx_word' id='word_1_402' title='bbox 776 4103 818 4167; x_wconf 77' lang='grc' dir='ltr'><strong><em>ἔτι</em></strong></span> <span class='ocrx_word' id='word_1_403' title='bbox 838 4105 941 4184; x_wconf 88' lang='grc' dir='ltr'><strong><em>βελτίω</em></strong></span> <span class='ocrx_word' id='word_1_404' title='bbox 962 4098 1151 4168; x_wconf 86' lang='grc' dir='ltr'><strong><em>άνατόπασιν</em></strong></span> <span class='ocrx_word' id='word_1_405' title='bbox 1171 4105 1407 4191; x_wconf 70' lang='grc' dir='ltr'><strong><em>κατασκευασθῇ.</em></strong></span> 
     </span>
    </p>
   </div>
   <div class='ocr_carea' id='block_1_3' title="bbox 310 4251 1455 4592">
    <p class='ocr_par' dir='ltr' id='par_1_4' title="bbox 310 4251 1533 4592">
     <span class='ocr_line' id='line_1_39' title="bbox 344 4251 1454 4340; baseline 0.002 -34"><span class='ocrx_word' id='word_1_406' title='bbox 344 4256 368 4306; x_wconf 84' lang='grc'><strong><em>5.</em></strong></span> <span class='ocrx_word' id='word_1_407' title='bbox 385 4259 421 4308; x_wconf 77' lang='lat' dir='ltr'><strong><em>lta</em></strong></span> <span class='ocrx_word' id='word_1_408' title='bbox 436 4259 534 4340; x_wconf 76' lang='grc' dir='ltr'><strong><em>μοπεολ.</em></strong></span> <span class='ocrx_word' id='word_1_409' title='bbox 571 4259 664 4339; x_wconf 69' lang='grc' dir='ltr'><strong><em>ναιςο</em></strong></span> <span class='ocrx_word' id='word_1_410' title='bbox 660 4260 721 4308; x_wconf 76' lang='grc' dir='ltr'><strong><em>τολια</em></strong></span> <span class='ocrx_word' id='word_1_411' title='bbox 736 4262 800 4308; x_wconf 71' lang='lat' dir='ltr'><strong><em>mat</em></strong></span> <span class='ocrx_word' id='word_1_412' title='bbox 820 4251 868 4310; x_wconf 83' lang='grc' dir='ltr'><strong><em>διεδ</em></strong></span> <span class='ocrx_word' id='word_1_413' title='bbox 903 4257 963 4321; x_wconf 80' lang='grc' dir='ltr'><strong><em>εει),</em></strong></span> <span class='ocrx_word' id='word_1_414' title='bbox 979 4273 1039 4309; x_wconf 84' lang='grc' dir='ltr'><strong><em>τοιαι</em></strong></span> <span class='ocrx_word' id='word_1_415' title='bbox 1057 4263 1079 4308; x_wconf 75' lang='grc' dir='ltr'><strong><em>ιι</em></strong></span> <span class='ocrx_word' id='word_1_416' title='bbox 1092 4263 1150 4322; x_wconf 69' lang='lat' dir='ltr'><strong><em>apta</em></strong></span> <span class='ocrx_word' id='word_1_417' title='bbox 1166 4261 1212 4310; x_wconf 80' lang='grc' dir='ltr'><strong><em>ιιιιλ</em></strong></span> <span class='ocrx_word' id='word_1_418' title='bbox 1225 4271 1336 4308; x_wconf 71' lang='lat' dir='ltr'><strong><em>evam</em></strong></span> <span class='ocrx_word' id='word_1_419' title='bbox 1372 4257 1454 4308; x_wconf 70' lang='lat' dir='ltr'><strong><em>cm·</em></strong></span> 
     </span>
     <span class='ocr_line' id='line_1_40' title="bbox 312 4315 1455 4390; baseline 0.002 -14"><span class='ocrx_word' id='word_1_420' title='bbox 312 4317 444 4389; x_wconf 79' lang='grc' dir='ltr'><strong><em>ραγάδα’</em></strong></span> <span class='ocrx_word' id='word_1_421' title='bbox 427 4321 560 4390; x_wconf 84' lang='grc' dir='ltr'><strong><em>αιτόρρυμα</em></strong></span> <span class='ocrx_word' id='word_1_422' title='bbox 575 4320 707 4390; x_wconf 78' lang='grc' dir='ltr'><strong><em>γεγονότος</em></strong></span> <span class='ocrx_word' id='word_1_423' title='bbox 723 4331 788 4387; x_wconf 78' lang='grc' dir='ltr'><strong><em>αλλ,</em></strong></span> <span class='ocrx_word' id='word_1_424' title='bbox 809 4340 870 4388; x_wconf 84' lang='grc' dir='ltr'><strong><em>ηαοι</em></strong></span> <span class='ocrx_word' id='word_1_425' title='bbox 901 4328 951 4376; x_wconf 80' lang='grc' dir='ltr'><strong><em>ιαἀι</em></strong></span> <span class='ocrx_word' id='word_1_426' title='bbox 965 4329 990 4376; x_wconf 85' lang='grc' dir='ltr'><strong><em>ιἰι</em></strong></span> <span class='ocrx_word' id='word_1_427' title='bbox 1003 4329 1106 4378; x_wconf 78' lang='grc' dir='ltr'><strong><em>υαελοιιι</em></strong></span> <span class='ocrx_word' id='word_1_428' title='bbox 1115 4327 1202 4378; x_wconf 72' lang='lat' dir='ltr'>Lunna</span> <span class='ocrx_word' id='word_1_429' title='bbox 1214 4327 1272 4376; x_wconf 78' lang='grc' dir='ltr'><strong><em>λοσε</em></strong></span> <span class='ocrx_word' id='word_1_430' title='bbox 1284 4328 1356 4376; x_wconf 72' lang='lat' dir='ltr'><em>verba</em></span> <span class='ocrx_word' id='word_1_431' title='bbox 1368 4315 1442 4378; x_wconf 73' lang='grc' dir='ltr'><strong><em>καί</em></strong></span> <span class='ocrx_word' id='word_1_432' title='bbox 1423 4335 1455 4378; x_wconf 76' lang='grc' dir='ltr'><strong><em>νε</em></strong></span> 
     </span>
     <span class='ocr_line' id='line_1_41' title="bbox 310 4361 1454 4474; baseline 0 -32"><span class='ocrx_word' id='word_1_433' title='bbox 310 4405 390 4474; x_wconf 68' lang='grc' dir='ltr'><strong><em>νμεροτ</em></strong></span> <span class='ocrx_word' id='word_1_434' title='bbox 411 4397 436 4442; x_wconf 81' lang='grc' dir='ltr'><strong><em>ιιί</em></strong></span> <span class='ocrx_word' id='word_1_435' title='bbox 457 4407 485 4444; x_wconf 85' lang='grc' dir='ltr'><strong><em>πε</em></strong></span> <span class='ocrx_word' id='word_1_436' title='bbox 506 4391 551 4444; x_wconf 78' lang='grc' dir='ltr'><strong><em>καὶ</em></strong></span> <span class='ocrx_word' id='word_1_437' title='bbox 569 4393 662 4456; x_wconf 72' lang='lat' dir='ltr'>quidem</span> <span class='ocrx_word' id='word_1_438' title='bbox 678 4361 795 4454; x_wconf 75' lang='grc' dir='ltr'><strong><em>ροτλιουάι</em></strong></span> <span class='ocrx_word' id='word_1_439' title='bbox 816 4398 870 4444; x_wconf 78' lang='lat' dir='ltr'><strong><em>ante</em></strong></span> <span class='ocrx_word' id='word_1_440' title='bbox 902 4391 979 4446; x_wconf 75' lang='grc' dir='ltr'><strong><em>εἰπεῖν</em></strong></span> <span class='ocrx_word' id='word_1_441' title='bbox 993 4422 1026 4434; x_wconf 93' lang='grc'><strong>-</strong></span> <span class='ocrx_word' id='word_1_442' title='bbox 1039 4422 1072 4434; x_wconf 93' lang='grc'><strong>-</strong></span> <span class='ocrx_word' id='word_1_443' title='bbox 1085 4420 1118 4434; x_wconf 88' lang='grc'><strong>-</strong></span> <span class='ocrx_word' id='word_1_444' title='bbox 1132 4395 1176 4447; x_wconf 83' lang='grc' dir='ltr'><strong><em>τοῦ</em></strong></span> <span class='ocrx_word' id='word_1_445' title='bbox 1191 4387 1285 4459; x_wconf 80' lang='grc' dir='ltr'><strong><em>άγγους</em></strong></span> <span class='ocrx_word' id='word_1_446' title='bbox 1295 4396 1380 4444; x_wconf 62' lang='lat' dir='ltr'><strong><em>misi&amp;</em></strong></span> <span class='ocrx_word' id='word_1_447' title='bbox 1412 4393 1454 4442; x_wconf 72' lang='lat' dir='ltr'><strong><em>Pr·</em></strong></span> 
     </span>
     <span class='ocr_line' id='line_1_42' title="bbox 310 4451 1454 4546; baseline 0.003 -34"><span class='ocrx_word' id='word_1_448' title='bbox 310 4451 445 4525; x_wconf 81' lang='grc' dir='ltr'><strong><em>άτιδρρυμιι</em></strong></span> <span class='ocrx_word' id='word_1_449' title='bbox 458 4461 542 4510; x_wconf 76' lang='lat' dir='ltr'><strong><em>addita</em></strong></span> <span class='ocrx_word' id='word_1_450' title='bbox 552 4461 609 4524; x_wconf 85' lang='grc' dir='ltr'><strong><em>(ςαο</em></strong></span> <span class='ocrx_word' id='word_1_451' title='bbox 619 4461 712 4522; x_wconf 71' lang='lat' dir='ltr'><strong><em>quidem</em></strong></span> <span class='ocrx_word' id='word_1_452' title='bbox 722 4462 791 4510; x_wconf 84' lang='grc' dir='ltr'><strong><em>ποσο</em></strong></span> <span class='ocrx_word' id='word_1_453' title='bbox 799 4464 869 4512; x_wconf 77' lang='lat' dir='ltr'>Pem-</span> <span class='ocrx_word' id='word_1_454' title='bbox 903 4457 940 4514; x_wconf 83' lang='grc' dir='ltr'><strong><em>ίτι</em></strong></span> <span class='ocrx_word' id='word_1_455' title='bbox 950 4453 1059 4546; x_wconf 80' lang='grc' dir='ltr'><strong><em>πηλοῦ”</em></strong></span> <span class='ocrx_word' id='word_1_456' title='bbox 1045 4477 1115 4522; x_wconf 79' lang='grc' dir='ltr'><strong><em>ουτος</em></strong></span> <span class='ocrx_word' id='word_1_457' title='bbox 1126 4463 1195 4525; x_wconf 72' lang='grc' dir='ltr'><strong><em>[σοι’λτ</em></strong></span> <span class='ocrx_word' id='word_1_458' title='bbox 1206 4466 1350 4524; x_wconf 62' lang='lat' dir='ltr'><strong><em>reposuerim</em></strong></span> <span class='ocrx_word' id='word_1_459' title='bbox 1364 4457 1398 4516; x_wconf 72' lang='lat' dir='ltr'><strong><em>lu</em></strong></span> <span class='ocrx_word' id='word_1_460' title='bbox 1413 4475 1454 4520; x_wconf 75' lang='grc' dir='ltr'><strong><em>σε·</em></strong></span> 
     </span>
     <span class='ocr_line' id='line_1_43' title="bbox 310 4523 998 4592; baseline 0.006 -14"><span class='ocrx_word' id='word_1_461' title='bbox 310 4530 364 4578; x_wconf 74' lang='grc' dir='ltr'><strong><em>νλυι</em></strong></span> <span class='ocrx_word' id='word_1_462' title='bbox 379 4529 521 4590; x_wconf 70' lang='lat' dir='ltr'><strong><em>empulae</em></strong></span> <span class='ocrx_word' id='word_1_463' title='bbox 542 4543 590 4579; x_wconf 85' lang='grc' dir='ltr'><strong><em>ιιιτ</em></strong></span> <span class='ocrx_word' id='word_1_464' title='bbox 605 4529 744 4580; x_wconf 75' lang='lat' dir='ltr'><strong><em>medendum</em></strong></span> <span class='ocrx_word' id='word_1_465' title='bbox 759 4532 869 4592; x_wconf 69' lang='lat' dir='ltr'><strong><em>opinatus</em></strong></span> <span class='ocrx_word' id='word_1_466' title='bbox 901 4523 977 4581; x_wconf 85' lang='grc' dir='ltr'><strong><em>λοῦ”</em></strong></span> <span class='ocrx_word' id='word_1_467' title='bbox 962 4547 998 4584; x_wconf 84' lang='grc' dir='ltr'><strong><em>οι</em></strong></span> 
     </span>
    </p>
   </div>
   <div class='ocr_carea' id='block_1_4' title="bbox 0 0 1558 4980">
    <p class='ocr_par' dir='ltr' id='par_1_5' title="bbox 0 0 1558 4980">
     <span class='ocr_line' id='line_1_44' title="bbox 0 0 1558 4980; baseline 0 0"><span class='ocrx_word' id='word_1_468' title='bbox 0 0 1558 4980; x_wconf 95' lang='lat' dir='ltr'><strong><em> </em></strong></span> 
     </span>
    </p>
   </div>
  </div>
 </body>
</html>
