3080 5002
319 247 380 343 694
744 231 866 348 ίμαοτι
885 261 1057 314 εειειιαιιι

321 399 370 442 σεν
394 377 444 442 ενα
466 374 550 442 άλλον
573 375 656 442 θεόν.
699 374 785 447 Οδὲ
805 375 961 463 γενόμενος
986 377 1072 458 ἄλλος
1092 377 1167 456 θεός
1187 381 1280 448 ἔκτισε
1305 379 1342 446 τά
1368 377 1474 456 πάντα,

320 476 448 608 οὐρανόν
464 482 564 546 καί
528 507 591 565 γην
614 483 665 546 και
680 501 777 546 παετα
791 507 827 546 τα
819 479 876 546 ἐν
892 488 934 580 τῶ
952 479 1062 572 κάσμφ.
1105 479 1216 566 Λπέβη
1230 479 1312 548 δέ
1274 509 1330 548 ουκ
1345 479 1473 568 άγαθός,

320 584 372 652 καὶ
398 580 434 646 τά
460 578 509 648 ὑπ’
537 581 628 648 αῦτοῦ
651 581 810 669 γευόμενα,
833 585 942 668 φησιν,
970 581 1026 652 οῦκ
1049 582 1173 670 άγαθοδς
1192 581 1474 671 εἰργασμένα,

321 682 395 784 ιιγιτά
418 684 471 768 τήν
494 682 586 750 αὐτοῦ
610 685 727 768 φαύλην
750 685 886 752 διάνοιαν
909 683 1011 752 4τά’
992 684 1042 752 υιι’
1064 685 1158 754 αι’ποῦ
1179 690 1312 754 ἔκτισται»

185 779 252 845 Κεφ·
271 775 303 850 β·
410 793 462 865 Τίς
480 789 511 853 δὲ
527 785 654 866 σίνέξεται
669 793 729 854 τῶν
743 785 887 855 τοιούτων
901 787 1011 876 λόγων,
1033 793 1084 856 καὶ
1100 787 1137 854 οῦ
1152 797 1262 872 μᾶλλον
1273 786 1474 874 καταγελάσαι

321 901 374 976 τῆς
388 893 526 975 τοιαύτης
543 896 756 974 ματαιοπονίας
763 920 773 970 ;
797 888 882 956 Κατά
906 889 961 976 γάρ
986 891 1042 958 δύο
1064 889 1195 978 τρόπους
1212 890 1405 980 εὑρεθήσεται
1425 888 1474 972 αόχ

322 993 472 1081 άρμοδίως
496 992 647 1080 πράττων,
677 993 827 1080 χριόμενος
849 1001 885 1084 τῇ
910 992 1033 1085 τοιαύτη
1055 991 1191 1086 όπονοίφ.
1236 997 1294 1060 Καὶ
1317 991 1369 1059 διά
1393 1001 1473 1060 τοῦτο

320 1097 397 1184 πρός
414 1095 505 1164 αόιδν
527 1095 567 1174 τός
586 1094 664 1182 πρός
684 1095 817 1182 παρόντα
835 1099 910 1183 ἐρῶ,
933 1098 1010 1184 Λίγε
1028 1123 1095 1180 μοι,
1117 1089 1260 1175 ῦυδτος·
1282 1095 1391 1174 δόσεις
1412 1097 1472 1186 γάρ,

323 1194 500 1284 ὦἈπελλῆ,
522 1198 543 1283 ή
559 1197 611 1266 τόν
625 1197 699 1264 θεόν
716 1197 867 1287 άγνωστυν
885 1207 944 1265 τῶν
960 1197 1122 1282 μελλόντων
1145 1199 1329 1286 πεποιηκότα
1344 1197 1423 1266 θεόν
1442 1199 1474 1264 δν

321 1303 446 1386 φάσκεις
473 1301 509 1366 τά
538 1299 688 1385 ποιήματα
719 1301 785 1368 ιοῦ
806 1309 901 1378 καλῶς
931 1305 1239 1389 4δεδηχιιονργηκέναι
1263 1302 1283 1388 ἦ
1309 1309 1472 1388 8τιραγινι-

322 1429 431 1474 σκονια
458 1407 511 1488 μὲν
536 1403 580 1470 ότι
604 1412 738 1482 τοιοῦτος
761 1402 779 1470 ό
802 1401 852 1470 δυ’
877 1403 969 1470 αὐτοῦ
988 1405 1155 1489 κτιζόμενος
1177 1406 1247 1482 θεός
1271 1402 1473 1488 ἐάκοβήσεται

321 1509 430 1575 τοῦτον
449 1507 535 1594 χάριν
557 1504 648 1573 αὐτόν
671 1510 877 1592 πεποιηκέναι,
899 1511 950 1574 ἵνα
973 1511 1068 1584 αἴτιος
1090 1509 1205 1594 γίνηται
1225 1515 1285 1574 τοῖν
1304 1513 1409 1584 κακῶς
1428 1504 1473 1571 δι’

323 1610 416 1679 αὐτοῦ
438 1613 766 1698 ὁδεδημιουργημένων.
812 1613 872 1676 Καί
894 1611 973 1678 ἐσται
996 1610 1158 1688 ἐξάπαντος
1176 1609 1194 1676 ό
1213 1609 1274 1678 άνω
1294 1608 1366 1686 θεός
1389 1607 1475 1684 αῦτδς

323 1713 518 1802 δημιουργός,
547 1713 675 1797 ποιήσας
696 1713 748 1779 τόν
771 1715 824 1780 ἕνα
846 1711 898 1780 τόν
918 1712 953 1780 τά
976 1713 1073 1780 πάντα
1094 1712 1295 1797 πεποιηκότα,
1322 1715 1373 1778 καὶ
1396 1715 1472 1778 ἐσται

322 1816 421 1884 οῦκὲτι
434 1821 528 1893 αίιιος
545 1814 564 1883 ό
578 1815 629 1892 τός
646 1821 754 1893 κτίσεις
767 1815 953 1900 πεποιηκός,
976 1814 1047 1882 άλλά
1063 1813 1081 1882 ό
1095 1814 1156 1882 όνω
1170 1815 1244 1893 θεός
1257 1813 1275 1882 ό
1290 1815 1341 1882 τόν
1358 1815 1474 1900 κτιστήν

322 1920 468 2005 ποιήσας,
490 1922 541 1984 καί
563 1919 607 1985 σίν
629 1918 719 1996 αῦτδς
741 1926 799 1986 τῶν
821 1922 941 1985 πάντων
962 1918 1152 2006 δημιουργός.

411 2021 541 2108 Χριστόν
564 2024 596 2088 δέ
617 2023 701 2107 ήκειν
723 2021 785 2114 φής
805 2021 850 2089 ἐπ’
867 2021 995 2118 ἐσχάτων
1015 2029 1075 2088 τῶν
1093 2029 1223 2108 καιρῶν,
1246 2019 1312 2088 υίδν
1333 2019 1405 2087 ῦντα
1427 2029 1475 2087 τοῦ

323 2126 384 2194 άνω
403 2124 524 2212 άγαθοῦ
541 2133 631 2206 θεοῦ,
655 2129 705 2191 καί
726 2123 759 2192 τό
778 2123 862 2212 δι’γιον
885 2123 977 2191 αῦτοῦ
997 2133 1129 2210 πνεῦμα,
1153 2122 1291 2252 οδςαγίτως
1313 2127 1363 2190 ἐπὶ
1386 2147 1474 2206 σωτη-

323 2236 373 2319 ρίφ
395 2237 455 2295 τῶν
470 2232 511 2305 είς
527 2236 635 2314 γνοῦσιν
652 2227 745 2296 αῦτου
730 2231 942 2314 ἐρχομένων,
964 2229 1014 2294 καί
1035 2227 1163 2294 ἐλθόντα
1185 2255 1223 2295 συ
1214 2227 1362 2312 ’δοκήσει
1382 2253 1473 2310 πεφη-

323 2335 422 2412 νέναι,
446 2329 517 2398 άλλό
532 2334 564 2397 ἐν
582 2329 705 2422 άληθείμ
724 2331 819 2420 σάρκα
838 2333 1003 2416 εἰληφέναι,
1026 2329 1081 2400 οῦκ
1104 2328 1164 2400 άπό
1185 2336 1308 2418 Μαρίας
1330 2339 1384 2416 τῆς
1404 2359 1476 2456 τερρ-

323 2437 434 2516 θίνου,
458 2431 528 2500 άλλά
546 2432 689 2558 άληθινήγ
706 2435 760 2519 μέν
780 2431 981 2520 ἐσχηκέναι
947 2461 1000 2518 την
1024 2433 1120 2520 σάρκα
1137 2461 1188 2502 και
1208 2439 1308 2518 σῶμα,
1330 2431 1476 2502 οῦτεάιιο

324 2541 491 2621 σπέρματος
510 2534 628 2624 άνδρδς,
651 2535 718 2604 οῦτε
736 2535 796 2604 όπό
815 2536 957 2624 γυναικός
972 2539 1139 2624 παρθένου,
1163 2533 1220 2604 ἄλλ’
1235 2537 1349 2620 ἔσχε
1317 2563 1370 2620 μεν
1385 2536 1478 2623 σάρκα

326 2638 472 2724 ἀληθινήν
497 2638 592 2729 τούτῳ
617 2645 658 2729 τῷ
680 2640 796 2729 τρόπῳ·
829 2644 905 2720 Καὶ,
928 2643 1037 2724 φησὶν,
1066 2643 1098 2706 ἐν
1118 2647 1160 2729 τῷ
1181 2642 1319 2726 ἔρχεσθαι
1341 2637 1399 2705 dud
1421 2646 1478 2704 τῶν

327 2746 527 2830 ἐπουρανίων,
554 2735 647 2825 ήλθεν
667 2747 709 2820 είς
727 2742 782 2828 τήν
799 2751 854 2830 γῆν
861 2795 870 2824 ,
891 2747 942 2809 καὶ
963 2742 1126 2829 συνήγαγεν
1150 2744 1244 2832 ἑαυτῷ
1262 2739 1321 2810 άπό
1340 2748 1399 2808 τοῖν
1419 2763 1477 2808 τεσ-

326 2845 425 2932 σάρων
439 2850 585 2930 στοιχείων
602 2853 694 2930 σῶμα.
740 2850 801 2912 Καὶ
820 2853 885 2922 ποῦς
902 2848 953 2913 καὶ
969 2838 1056 2922 οὗτος
1071 2843 1127 2911 οῦκ
1145 2848 1289 2931 ἐπείγεται
1305 2849 1347 2922 είς
1364 2843 1396 2912 τό
1418 2871 1476 2928 φα

197 2969 247 3014 με.
260 2957 305 3004 ³⁸²
325 2957 458 3036 ραθήναι
476 2946 569 3015 αότοῦ
583 2947 636 3032 τήν
652 2945 776 3032 άνομίαυ
791 2947 1017 3017 ἀκολουθοῦσαν
1034 2957 1097 3026 ταῖς
1111 2955 1170 3014 τοῖν
1188 2955 1324 3015 παλαιῶν
1337 2945 1477 3032 Ἑλλήνων

325 3059 458 3136 ποιητῶν
479 3054 546 3138 περί
566 3059 619 3136 τῆς
637 3057 822 3133 κενοφωνίας
842 3051 951 3136 ταύτης
970 3051 1085 3131 δόξαιςς
1111 3049 1223 3118 Φόσκει
1242 3050 1299 3139 γάρ
1323 3053 1377 3118 καλ
1394 3043 1478 3126 οὗτος

327 3152 367 3232 ιός
394 3158 514 3236 ἐκεῖνοι,
545 3157 596 3220 καί
621 3157 663 3220 ἐτι
686 3159 878 3242 ψυχροτέρως
901 3154 970 3242 παρ’
995 3159 1127 3232 ἐκείνους
1150 3157 1257 3242 λέγων,
1286 3153 1339 3222 τόν
1366 3161 1476 3238 σωτῆρα

326 3260 420 3348 ἐαυτῷ
439 3256 669 3341 ὑποστήσασθαι
688 3257 721 3324 τό
744 3267 834 3344 σῶμα.
877 3257 950 3326 ’Λπό
971 3257 1027 3346 γάρ
1054 3265 1107 3324 τοῦ
1130 3261 1222 3346 ξηροῦ
1243 3255 1277 3324 τό
1299 3257 1404 3346 ξηρόν,
1429 3257 1475 3322 καὶ

326 3359 386 3428 άπδ
405 3369 459 3427 τοῦ
476 3369 592 3447 θερμοῦ
610 3360 642 3427 τό
664 3362 796 3449 θερμόν,
818 3364 869 3428 καί
892 3360 950 3428 άπό
974 3369 1028 3430 τοῦ
1046 3358 1139 3448 ῦγροῦ
1164 3359 1195 3426 τό
1217 3357 1327 3446 ῦγρόν,
1351 3364 1402 3428 καί
1420 3358 1475 3426 άαό
1526 3419 1527 3444 3

326 3472 380 3530 τοῦ
396 3471 516 3552 ψυχροῦ
531 3462 563 3530 τό
580 3464 709 3552 ψυχρόν·
733 3468 782 3531 καί
801 3465 896 3542 οὕτως
912 3463 1025 3542 πλάσας
1039 3465 1133 3554 ἐαυτῷ
1154 3469 1239 3548 σῶμα
1261 3461 1412 3546 ἀληθινῶς
1430 3464 1475 3528 κε’·
1526 3491 1527 3534 f

328 3594 421 3650 φηνεν
438 3571 470 3633 ἐν
485 3567 603 3658 κόσμῳ,
627 3570 679 3634 καί
701 3571 832 3648 ἐδίδαξεν
849 3566 927 3652 ἡμᾶς
940 3568 993 3654 τήν
1011 3566 1073 3636 άνω
1089 3573 1210 3654 γνῶσιν,
1233 3576 1430 3653 καταφρονεῖν
1449 3590 1476 3630 τε
1526 3585 1527 3588 ’

327 3678 381 3736 τοῦ
406 3674 604 3759 δημιουργοῦ,
633 3673 683 3738 καί
707 3670 860 3756 α’ρνεῖσθαι
887 3669 980 3738 αῦτοῦ
1003 3670 1039 3738 τά
1060 3673 1147 3758 ἔργα,
1175 3666 1337 3748 ῦποδείξας
1358 3668 1476 3754 ήμῖνέν

327 3778 400 3864 ποίᾳ
418 3781 519 3864 γραφή
540 3773 614 3840 ποῖά
638 3778 699 3840 ἐστι
716 3773 752 3839 τά
770 3774 858 3856 φύσει
877 3778 907 3854 ἐξ
928 3773 1020 3842 αῦτυῦ
1035 3776 1190 3862 είρημένα,
1211 3774 1262 3840 καί
1276 3773 1352 3838 ποῖά
1371 3775 1427 3839 ἐστι
1444 3769 1476 3836 τό

328 3875 387 3943 άπό
406 3883 459 3942 τοῦ
478 3881 670 3964 δημιουργοῦ.
717 3876 819 3954 Οὕτως
833 3876 905 3964 γάρ,
928 3881 1035 3963 φησίν,
1058 3881 1116 3961 ἐφη
1133 3878 1165 3944 ἐν
1180 3883 1221 3966 τρῖ
1238 3873 1410 3966 εῦαγγελίρι,
1432 3877 1475 3940 Γι·

328 3991 433 4048 νεσθαι
458 3977 577 4062 δόκιμοι
600 3988 775 4067 τραπεζῖται.
823 3987 895 4068 Χριῦ
920 3980 991 4068 γάρ,
1019 3983 1128 4065 φησὶν,
1158 3975 1218 4046 άπό
1243 3976 1343 4060 πάσης
1367 3987 1476 4068 γραφῆς

329 4082 479 4168 άναλέγων
494 4081 530 4148 τό
544 4081 678 4170 χρήσιμα.
715 4081 802 4164 Eira,
826 4087 928 4168 φησὶν,
951 4087 1061 4152 ἔδωκεν
1076 4081 1094 4150 δ
1111 4078 1238 4170 Χριστός
1253 4081 1361 4152 ἑαυτόν
1375 4093 1478 4150 παθεῖν

329 4190 361 4253 ἐν
383 4186 463 4276 αὐτῷ
486 4193 526 4275 τῷ
551 4184 678 4269 σάματι,
701 4189 751 4254 καί
774 4175 951 4274 ἐσταυρώθη
975 4189 1007 4254 ἐν
1026 4184 1166 4276 ἆληθείμ,
1187 4189 1239 4255 καὶ
1259 4188 1370 4268 ἐδτιξεκ
1391 4186 1477 4270 αῦεήν

362 4323 387 4377 4
406 4331 512 4378 Fortasse
529 4320 616 4380 πάντα.
956 4327 1082 4380 Norba
1086 4327 1422 4412 δεδημαρχηκότα--

366 4394 424 4444 (ἷκε.
442 4397 523 4443 Η,-
559 4397 580 4444 l.
599 4389 628 4448 αδ
644 4397 730 4457 καλῶς
746 4399 796 4449 cod
814 4401 886 4449 vatic.
921 4397 975 4456 κῶς
996 4389 1037 4448 διό
1061 4391 1155 4463 αότυῡ,
1186 4411 1247 4460 quae
1269 4413 1316 4447 ιιιιι
1349 4345 1478 4461 οετνματττί

331 4463 418 4519 κακῶς
442 4467 536 4513 coniecit
562 4467 679 4516 Ριιαυίυι.
725 4467 810 4526 καλῶς
835 4470 889 4518 lum·
921 4469 947 4516 ιἰι
962 4468 1016 4515 edil.
1032 4470 1123 4528 μείνω,
1146 4467 1258 4518 Petamus
1270 4469 1371 4518 τειίιίειίλ
1385 4481 1416 4525 εκ
1431 4465 1478 4517 σεδ

331 4530 386 4579 editi
403 4531 424 4577 ιλ
439 4533 490 4580 συθ.
506 4533 628 4594 Myer.
925 4537 1045 4586 λ’σίλεακο.
