3110 4984
391 304 780 360 rnnnnnnrn.r.nonnn.
798 307 993 360 usnam.
1205 299 1264 366 ιιι

117 423 253 490 tieeletim
274 443 415 510 apennis,
447 423 581 490 subtilius
603 425 800 506 disseremus,
831 445 891 490 non
913 437 946 491 ut
964 427 1141 494 audientium
1164 429 1264 516 legen·

114 527 222 592 tiumve
243 547 351 592 sensus
371 527 572 611 inquinamus,
603 528 655 592 sed
678 537 712 592 nt
734 528 969 612 prudentioribus
990 530 1191 597 vehementius
1213 535 1264 598 ad·

112 651 216 694 versus
238 630 305 693 illcs
327 630 423 693 odium
446 630 695 714 pessimorumque
718 630 877 694 facinorum
897 631 1118 696 detestationem
1141 635 1263 700 iniicere

113 732 271 816 possimus.
315 729 423 814 Neque
443 752 514 796 vero
536 731 678 795 scelestos
699 731 766 796 illos
786 731 965 796 calumniose
984 734 1178 815 traducimus,
1210 739 1263 802 sed

113 853 187 918 quae
209 833 248 896 ob
269 832 342 917 ipsis
358 842 518 916 geruntur,
550 853 586 896 ea
604 833 644 896 uti
662 853 695 896 se
709 853 759 896 ras
777 833 864 896 babet
879 833 972 916 palam
990 835 1124 900 omnibns
1140 839 1263 922 exponi·

113 955 187 1000 utos.
235 931 313 998 Sunt
331 945 361 998 et
379 955 419 998 ex
437 935 495 998 ittis
512 935 599 1019 aliqui
617 937 665 1019 qui
683 933 850 999 laldebaotb
869 935 1025 1022 praecipue
1042 937 1157 1018 colunt,
1181 959 1262 1004 eum·

112 1057 166 1120 qne
184 1033 362 1100 Barbelonis
382 1037 509 1122 priorem
528 1049 598 1102 natu
616 1038 704 1101 lilium
720 1058 787 1100 csse
803 1036 989 1123 praedicant,
1011 1039 1135 1124 ideoque
1152 1039 1262 1106 babeo·

112 1139 163 1202 dus
185 1138 213 1200 ei
238 1137 332 1202 borror
352 1148 414 1216 ast,
443 1138 593 1222 inquiunt,
622 1140 697 1222 qnod
715 1140 866 1203 recondite
885 1139 973 1204 multu
992 1141 1140 1224 patefecit.
1184 1141 1261 1208 lline

112 1242 252 1324 estquod
271 1249 369 1303 certos
386 1240 477 1304 libros
499 1239 665 1304 laldabaotb
683 1239 800 1306 nomine
819 1241 976 1326 inscriptos
994 1263 1029 1308 ao
1047 1244 1261 1309 commentitios

110 1343 233 1420 labent,
266 1361 321 1406 nee
338 1363 397 1405 uon
413 1342 552 1406 barbaras
570 1339 758 1428 Principum,
790 1353 822 1407 nt
841 1353 993 1422 usserunt,
1024 1363 1060 1408 ac
1078 1341 1260 1410 Potestaturn

110 1464 160 1528 per
173 1444 403 1528 unumquodque
418 1444 531 1508 eoelum
547 1445 756 1530 appellationes
771 1445 957 1524 innumeras,
987 1445 1034 1530 qni
1051 1465 1153 1510 omnes
1168 1447 1261 1510 bomi-

111 1567 174 1610 num
192 1545 301 1610 animis
315 1557 384 1610 eunt
399 1545 550 1610 contrarii.
595 1543 675 1612 Sane
691 1547 795 1630 ingens
810 1547 935 1610 humano
948 1547 1051 1629 generi
1065 1548 1146 1612 baua
1162 1559 1209 1612 est
1221 1569 1262 1614 ex

111 1646 273 1712 istiusmodi
300 1647 446 1711 bominum
472 1667 573 1712 errore
600 1659 777 1733 comparata.
830 1648 891 1712 Alii
916 1645 1121 1714 Caulnuoaueb
1146 1649 1260 1716 cuidam

112 1751 231 1812 eandem
253 1749 475 1813 venerationem
497 1750 650 1828 delerant,
684 1771 742 1834 quo
763 1750 880 1814 nomine
906 1769 993 1814 unum
1013 1771 1054 1815 ex
1075 1747 1261 1836 Principibus

114 1852 266 1936 appellant.
311 1849 425 1933 Quibus
442 1873 546 1914 vocum
566 1851 711 1914 terriculis
729 1851 991 1935 commentitiisque
1009 1871 1044 1914 ae
1060 1851 1192 1916 barbaris
1208 1875 1259 1938 ap·

113 1952 313 2036 pettnionibcs
330 1951 472 2037 imperitis
490 1953 653 2016 bominibus
670 1952 819 2038 imponere
835 1964 990 2018 conantur.
1036 1949 1096 2018 Sed
1112 1953 1258 2038 peritiori-

111 2054 178 2132 bus,
212 2065 244 2118 et
262 2055 299 2118 iis
317 2055 366 2138 qni
385 2055 593 2139 cuiuscumque
611 2054 736 2126 nominis
758 2075 792 2118 ac
810 2058 975 2140 prepositae
994 2055 1038 2118 rei
1054 2054 1186 2120 notitiam
1204 2075 1258 2140 per

113 2157 234 2219 lirinum
250 2157 395 2238 quandam
409 2155 561 2219 scientiam
577 2157 705 2220 eiusdem
721 2167 790 2220 sunt
803 2157 849 2220 dei
866 2156 1008 2220 benelioio
1024 2156 1173 2220 consecuti
1190 2157 1258 2241 quid

112 2257 221 2320 facilius
239 2279 326 2341 quam
345 2257 402 2322 iste
421 2258 618 2322 fabulosorum
636 2257 747 2322 abillis
766 2279 899 2323 errorum
915 2259 1038 2322 conficta
1056 2259 1192 2341 dogmau
1208 2277 1257 2322 re·

112 2359 232 2424 lellerel

188 2458 267 2526 Cum
285 2461 362 2524 enirn
378 2457 537 2526 Prodicum
558 2461 726 2543 nominant,
759 2462 829 2526 nibil
846 2483 880 2526 ca
897 2483 958 2526 vox
974 2461 1052 2530 aliud
1069 2481 1154 2546 ῳιιιιι
1172 2461 1256 2526 voln-
1273 2472 1333 2543 Cep.
1345 2476 1387 2527 tv.

112 2573 216 2646 plutum
235 2562 419 2647 excogitatas
438 2563 591 2628 illecebras
614 2563 731 2628 indicat.
775 2561 853 2628 Nuus
873 2564 1007 2648 quioquid
1025 2559 1255 2645 crpoaornrodpee·

112 2687 159 2728 m
176 2665 301 2743 dicitur,
332 2665 361 2728 id
381 2685 528 2728 venereae
546 2665 671 2730 libidinis
688 2667 929 2751 significationem
947 2677 979 2730 et
995 2675 1133 2730 tentatam
1149 2665 1186 2730 ab
1201 2666 1255 2730 ali·

111 2787 162 2849 qoo
182 2767 380 2852 corruptelam
405 2767 596 2830 demonstret.
640 2766 719 2832 Narn
741 2770 777 2832 ad
796 2789 897 2832 eorum
921 2767 1053 2848 lacinus,
1085 2768 1133 2852 qui
1150 2769 1255 2852 puellis

109 2879 238 2953 stuprum
259 2869 403 2948 oderunt,
433 2866 614 2932 Graecorum
637 2871 743 2934 usitata
764 2893 825 2934 vox
847 2881 894 2934 est
910 2869 1116 2951 lepronlaenoe
1133 2869 1254 2952 ταύτην,

110 2969 159 3034 boc
176 2981 225 3034 est
242 2981 372 3054 stuprum
390 2970 456 3033 buin
475 2970 592 3035 obtulit.
633 2969 718 3036 Unde
736 2972 822 3036 etiam
840 2973 1014 3058 impostores
1033 2972 1073 3036 illi
1088 2972 1136 3055 qui
1154 2972 1190 3036 de
1206 2991 1254 3036 re·

107 3071 157 3136 bus
178 3069 327 3136 Graecina
344 3072 540 3156 scripserunt,
569 3093 634 3136 euru
652 3073 687 3136 de
708 3073 917 3158 pulchritudine
935 3074 1110 3138 mentionem
1130 3073 1252 3151 laniunt,

106 3171 208 3247 addice
224 3168 387 3255 reperirem
403 3173 559 3258 appellant.
607 3171 692 3256 Quod
709 3195 779 3240 vero
793 3177 828 3238 ad
845 3197 948 3240 rocem
965 3172 1169 3240 Caulaucauob
1187 3173 1253 3237 atti·

106 3287 171 3354 oet,
204 3275 272 3360 quis
288 3296 391 3340 eorum
410 3276 459 3359 qui
477 3276 603 3342 nominis
622 3277 706 3340 buius
722 3288 893 3362 potestatem
910 3277 1027 3342 noverit
1041 3277 1131 3340 risum
1150 3286 1253 3338 tenere

105 3377 214 3460 posmt,
239 3397 306 3440 cum
325 3377 399 3440 istos
414 3379 512 3442 videat
528 3377 669 3442 vocabula
685 3380 823 3462 quaedam
844 3377 990 3442 llebraiee
1006 3377 1081 3442 bene
1099 3386 1251 3462 concepta,
1335 3384 1340 3394 '

105 3500 156 3544 nee
179 3479 280 3543 minus
304 3479 455 3543 commode
477 3477 593 3544 Graeee
615 3481 746 3560 reddita,
777 3480 813 3544 ab
835 3481 927 3564 iisque
950 3477 998 3565 qui
1017 3476 1132 3542 Graece
1153 3478 1256 3563 legunt

105 3581 189 3664 pane
205 3579 371 3658 intellecta,
395 3602 461 3644 cunr
480 3581 593 3646 difficile
612 3581 682 3646 nibil
701 3582 841 3661 babeam,
865 3583 937 3646 llaec
955 3579 1021 3644 illos
1040 3591 1137 3644 tameo
1155 3581 1256 3665 expri-

106 3682 217 3746 mendis
241 3682 304 3746 suis
325 3681 410 3747 idolis
428 3683 665 3762 accommodare,
697 3683 752 3748 boc
770 3694 815 3748 est
834 3683 969 3746 inanibus
987 3680 1087 3745 lormis
1108 3701 1142 3748 ac
1159 3683 1256 3750 subsi-

105 3783 251 3848 stentibus
270 3783 480 3868 principium,
512 3795 543 3848 ut
560 3784 600 3850 ita
619 3785 730 3864 dicam,
760 3785 979 3850 simulacrorum
996 3783 1159 3867 figmentis,
1186 3787 1253 3851 dnm

105 3907 177 3950 rana
195 3884 248 3950 illa
260 3886 408 3950 nominum
422 3886 577 3950 ambitione
593 3888 741 3952 radiorum
753 3885 898 3950 mentibus
912 3905 1043 3950 errorem
1056 3907 1140 3952 suurn
1154 3908 1256 3972 asper·

105 3999 191 4069 gont,
223 4007 282 4070 qno
303 3998 415 4072 turpem
439 3988 517 4052 illam
543 4009 578 4052 ao
600 3989 760 4052 fabulosam
787 3995 879 4052 artem
902 3987 988 4052 latios
1011 3987 1172 4074 dissipent?
1201 3987 1256 4050 Et-

106 4093 179 4152 eainr
195 4109 261 4154 nox
275 4087 325 4152 illa
343 4085 546 4154 Caulaucaueb
567 4090 641 4175 apud
657 4088 777 4154 Esaiam
793 4087 900 4173 scripta
916 4088 1023 4174 legitur
1038 4091 1067 4154 in
1084 4090 1255 4154 duodecima

106 4190 237 4270 anione,
263 4211 328 4254 eum
344 4191 384 4257 ita
399 4191 542 4275 loquitur:
570 4194 785 4255 tributarium
800 4211 885 4272 snper
900 4193 1091 4268 tributalem,
1114 4211 1189 4272 pen
1206 4213 1256 4253 ru·
1268 4207 1405 4267 noctuam.

134 4375 159 4427 3.
176 4381 233 4438 τοῖς
248 4379 301 4428 end.
318 4379 392 4428 Vntlc.
405 4383 426 4427 et
439 4381 493 4428 edit.
505 4382 579 4441 princ.
609 4373 665 4430 red·
701 4379 927 4439 clodomirem
943 4379 1066 4430 ctlmtctec
1081 4380 1144 4428 lber.
1161 4379 1257 4430 Ortbod.

109 4447 520 4508 meod-Rbrdwlrdprt'ne.
703 4445 1117 4510 ttntt,2.,qntaonemtrcott.

137 4511 359 4581 emundent
372 4508 467 4578 ταύτην
479 4515 532 4566 eod
546 4517 618 4566 Votlc.
637 4541 671 4556 -·
737 4515 762 4566 b.
779 4516 873 4578 lteporao
889 4507 1093 4572 umente.

986 4597 1056 4661 lt*
