3078 5012
340 306 585 365 assumimur.
603 309 684 363 rou.
699 311 744 361 ru.
762 307 861 361 nanu.
876 309 958 361 xurr.
1007 375 1018 404 ι
1163 299 1223 363 595

72 441 146 494 trem
170 427 405 509 honoratissimi,
437 451 520 496 sunm
543 431 678 516 angelum
697 429 821 494 miserit.
866 427 974 514 Neque
995 431 1071 494 enim
1090 431 1224 515 angeium

71 553 156 596 suam
179 533 213 596 ad
236 533 323 598 alieni
342 532 513 618 obsequium
533 534 689 619 ablegaret,
713 531 885 618 praesertim
905 533 948 613 si,
972 532 1075 614 ateis,
1095 529 1223 613 Mareia,

72 636 167 700 eidem
191 637 268 700 ioret
289 636 464 702 contrarius.

158 735 260 804 Sobel.
276 736 320 806 X.
351 743 393 802 Et
409 744 555 821 ahymmo
577 744 606 801 m
628 744 738 802 domurn
753 741 902 822 Ptare'aaer'
921 739 1071 801 ducubuit.
1117 742 1226 802 Mulier
1237 753 1292 799 une.
1300 753 1362 810 aaa

71 853 165 904 auterre
181 847 332 924 psecatrm
351 855 430 906 retro
451 855 530 905 stans
550 846 589 904 ad
604 846 689 924 petes
710 846 844 924 tompmu
864 847 988 923 regnunt,
1018 853 1047 904 ct
1068 846 1167 917 ursit,
1199 853 1229 903 et

71 947 265 1008 osculabatur.
1105 957 1106 960 ’

158 1045 261 1112 uerna.
280 1045 324 1112 X.
356 1047 421 1113 Hoc
444 1049 556 1134 ipsum,
587 1048 662 1133 quod
688 1047 840 1132 ingressus
867 1057 929 1126 est,
961 1047 1098 1112 habuisse
1120 1065 1227 1132 eorpus

73 1150 215 1216 ostendit.
259 1147 386 1215 Domum
412 1153 516 1236 qnippe
540 1171 576 1214 oo
601 1169 766 1214 mansuram
791 1149 924 1237 eorporis
947 1150 1102 1234 signifieat.
1148 1149 1226 1214 'l'nm

70 1252 248 1318 sucumbere
263 1253 372 1318 nulium
388 1255 423 1317 ad
438 1253 561 1318 aiteram
578 1253 705 1339 pertinet
717 1275 802 1337 quam
817 1255 853 1316 ad
871 1273 937 1316 eum
952 1251 1035 1317 euius
1051 1251 1228 1316 accumbens

71 1377 181 1442 corpus
196 1355 273 1420 moia
286 1355 326 1420 sit
340 1356 513 1442 praeditum.
553 1353 627 1420 item
644 1358 719 1440 quoi
735 1354 841 1420 mulier
855 1353 991 1442 iacrymis
1007 1355 1096 1440 podes
1111 1354 1226 1440 irrigat,

70 1481 134 1524 non
151 1460 306 1525 simulacra
323 1458 413 1524 inisse
428 1460 532 1544 pedum
546 1458 648 1523 inaniri
659 1460 851 1523 demonstrat.
901 1463 1084 1534 Urcitanum,
1108 1463 1228 1539 etrepa-

70 1568 130 1639 na't,
155 1575 185 1626 et
203 1566 330 1625 osculata
352 1573 410 1640 est,
435 1581 541 1648 corpus
561 1561 677 1646 aliquod
700 1561 802 1646 prooal
825 1560 911 1625 dubio
933 1572 1133 1626 contractans.

161 1661 262 1730 Sobel.
278 1661 339 1730 XI.
374 1661 414 1728 Et
427 1663 551 1728 iterum:
575 1669 652 1728 llaec
667 1668 799 1745 memorab
812 1669 1012 1746 &aeripedes
1024 1687 1109 1741 meos,
1134 1677 1164 1728 et
1176 1687 1227 1727 rm·
1240 1687 1297 1736 maa,
1309 1691 1342 1735 aa,

69 1773 135 1844 ua't,
160 1780 190 1831 ct
210 1771 337 1830 moulata
359 1779 410 1829 est.
1127 1847 1128 1850 Ἴ

161 1869 264 1935 liniat.
283 1867 343 1934 xl.
375 1867 424 1934 Ne
439 1870 479 1933 ita
497 1880 633 1956 putares,
658 1865 823 1948 oMaroio,
847 1870 910 1934 sola
927 1869 1074 1935 homiuum
1091 1869 1228 1957 opinione

70 1973 234 2040 salvatoris
257 1973 346 2058 peries
366 1973 498 2058 rigasse,
534 1973 656 2036 unxisse
681 1983 767 2057 atque
791 1973 949 2038 osculatam
974 1995 1041 2038 esso
1063 1974 1227 2055 mulierem,
1298 1963 1304 1978 '

69 2077 152 2142 idem
174 2076 239 2162 ipse
260 2075 393 2140 dominus
412 2073 585 2160 astipulator
603 2074 730 2154 aceedit,
762 2097 797 2139 aa
820 2097 877 2140 noa
899 2077 1036 2162 opinione
1058 2076 1135 2141 istud
1152 2077 1230 2141 auoi-

71 2179 157 2244 disse
173 2179 253 2259 sois,
277 2179 329 2242 sed
345 2177 442 2263 reipsa
459 2179 651 2258 demonstrat,
675 2188 705 2241 et
721 2199 780 2241 nou
797 2179 832 2241 ad
847 2175 1038 2243 Pharisaeum
1055 2179 1153 2258 modo,
1178 2178 1229 2242 sed

72 2283 113 2346 ad
132 2293 181 2361 te,
205 2302 223 2345 o
242 2279 375 2359 Marcio,
407 2291 530 2364 tuosque
547 2281 766 2366 redarguendos
783 2279 861 2344 istud
879 2282 1002 2345 affirmat
1017 2302 1051 2345 ao
1068 2281 1228 2368 praedicat.

74 2389 171 2459 Haeo,
197 2381 308 2469 inquit,
332 2387 417 2445 uouit
429 2387 516 2464 pedor
536 2405 625 2458 meos,
649 2396 679 2446 et
693 2387 820 2446 osculata
836 2395 888 2446 est.
936 2381 1088 2468 Quosuam
1106 2384 1230 2448 obsecro

75 2487 188 2572 pedes,
213 2485 269 2549 uisi
293 2505 332 2549 ex
354 2505 460 2565 earne,
484 2485 600 2549 ossibus
621 2486 787 2570 ueterisque
809 2485 938 2572 partibus
961 2487 1158 2572 compositos?

165 2586 267 2654 Saboi.
283 2585 357 2651 xli.
389 2586 500 2652 Deerat
515 2587 544 2651 iu
559 2587 636 2653 iilius
651 2589 769 2652 codiee:
793 2593 889 2652 Mater
902 2594 972 2665 eiua,
991 2592 1140 2673 etpiatrea
1151 2594 1229 2652 eius:
1244 2615 1369 2673 owe,

72 2693 129 2758 sei
152 2691 246 2756 soiam
270 2699 352 2754 erata
376 2695 472 2753 Mater
492 2702 540 2752 tara
562 2703 591 2752 et
601 2693 716 2774 fratrea
738 2695 788 2753 tm'.

161 2792 264 2859 Reiut.
280 2789 355 2856 Xll.
384 2789 517 2857 Tametsi
535 2793 724 2877 evangelicae
740 2793 903 2858 sententiaa
922 2794 1074 2880 superiora
1090 2795 1141 2860 iila
1155 2796 1232 2860 reoi-

73 2899 148 2978 aias,
172 2919 190 2960 o
208 2893 337 2976 Mareia,
360 2905 393 2958 nt
409 2916 446 2960 ue
465 2895 609 2980 evangelii
623 2895 750 2981 scriptor
768 2895 834 2960 buia
851 2897 1030 2982 quorundam
1047 2899 1112 2962 voci
1127 2899 1232 2962 suffra-

71 2999 140 3086 gari
157 2997 307 3078 videatur,
330 3001 426 3060 Mater
439 3010 504 3072 tuo,
528 3011 559 3060 et
561 3001 675 3083 factm
691 3003 743 3074 tui,
768 2999 922 3064 veritatem
940 2999 1125 3065 nibilominus
1138 3000 1231 3085 ipsam

71 3099 239 3189 praeterire
259 3121 318 3164 unu
335 3109 431 3186 pates.
477 3097 560 3164 Cedo
578 3101 655 3165 enim
675 3121 728 3165 our
742 3121 801 3166 non
818 3103 972 3188 plerasque
989 3103 1089 3166 matris
1105 3103 1232 3187 appelia-

72 3207 121 3269 oit
136 3202 275 3268 nominet
297 3223 350 3266 our
366 3221 424 3266 ooo
441 3203 538 3288 piures
554 3203 654 3268 babuit
671 3205 800 3288 patriast
841 3203 937 3287 Quam
952 3205 1033 3268 varia
1050 3205 1087 3268 aie
1100 3203 1232 3268 Homero

72 3307 247 3372 dicuntura
266 3305 380 3369 multis!
428 3301 522 3388 Quem
542 3305 709 3392 Aegyptum
727 3305 775 3368 aiii
794 3305 921 3384 iaciunt,
951 3305 999 3370 aiii
1019 3301 1143 3386 Chium,
1171 3302 1232 3370 Ca-

72 3407 248 3494 lopbonium
267 3407 372 3491 aiiqui,
404 3407 533 3472 nonnulii
550 3405 715 3492 Phrygum,
749 3406 797 3470 aiii
817 3405 1030 3494 Smyrnaeum,
1062 3403 1184 3472 Meietis
1203 3419 1233 3472 et

73 3509 240 3578 Crithairiis
255 3510 355 3589 utinm,
378 3507 590 3574 Atheniensem
610 3509 700 3574 tuisse
718 3509 814 3596 prodit
828 3509 1030 3590 Aristarchus,
1054 3509 1104 3573 alii
1115 3507 1232 3596 Lydum

72 3635 92 3679 e
110 3610 270 3691 Maeonia,
294 3613 343 3676 alii
358 3613 481 3696 deniqne
498 3608 658 3698 Cyprium,
684 3633 700 3675 o
716 3611 883 3677 suburbano
899 3609 1056 3676 Salaminis
1070 3633 1159 3698 agro,
1184 3613 1232 3696 qui

71 3719 112 3782 ad
132 3715 241 3780 montis
257 3713 371 3779 radices
391 3715 583 3779 circumfusus
601 3725 657 3778 est.
703 3713 793 3799 Atqui
813 3714 900 3778 bomo
922 3714 970 3778 ilie
987 3713 1102 3799 quidem
1120 3713 1230 3779 extitit.

72 3818 193 3885 Veram
212 3817 346 3902 quoniam
369 3816 472 3903 oppida
495 3817 583 3880 muita
605 3818 789 3904 peragrarit,
822 3817 979 3903 plerosque
997 3818 1097 3882 varim
1117 3819 1146 3882 io
1164 3837 1233 3882 sen-

70 3921 190 3988 tentias
211 3918 422 4005 opinionesque
443 3919 591 3984 distraxit.
637 3919 694 3983 iiie
716 3931 898 3984 autemeam
922 3921 957 3982 de
980 3921 1035 3984 deo
1056 3917 1233 4003 Christoque

71 4022 259 4090 uerbenam
282 4021 438 4100 baberent,
473 4043 529 4086 ooo
553 4023 651 4107 piures
672 4023 735 4088 eins
753 4033 880 4101 matres,
912 4023 963 4086 sed
983 4043 1071 4087 onum
1091 4023 1234 4087 duntaxat

71 4135 363 4204 commemorarunt,
388 4143 474 4208 aqua
491 4135 572 4188 esset
583 4125 633 4188 iiie
647 4145 752 4189 revera
768 4123 902 4208 genitus3
928 4146 1022 4211 oeque
1039 4127 1146 4189 iratres
1161 4125 1234 4188 mui-

71 4245 144 4308 tos,
169 4227 221 4292 sed
236 4224 353 4312 losepbi
366 4227 460 4291 solum
475 4226 603 4306 liberos,
627 4247 700 4311 quos
713 4247 754 4290 ex
769 4226 826 4290 aiio
839 4247 979 4312 germana
993 4229 1118 4312 coniuge
1132 4247 1233 4292 susce·
1354 4216 1359 4226 ‘

70 4341 183 4423 perat,
214 4340 247 4396 ut
267 4350 307 4396 ea
326 4349 364 4396 eo
379 4340 483 4394 annua
499 4328 653 4396 veritatem
671 4327 780 4394 armari
794 4329 913 4396 minime
930 4331 1037 4417 possis.
1082 4329 1130 4394 Ao
1147 4351 1185 4395 me
1204 4341 1234 4394 te

69 4489 192 4543 Petuntur
208 4487 371 4550 aamercort
388 4481 493 4554 ἔχοντος.
707 4485 748 4540 57.
766 4484 931 4554 Propodiadis
947 4488 1015 4537 uertit
1031 4487 1166 4538 comorius.

110 4553 157 4609 56.
176 4555 250 4617 Vulpo
266 4551 381 4613 maraon.
708 4555 748 4608 bib
767 4553 937 4622 Σαλαμηνῑων
954 4556 1039 4610 habeut
1054 4557 1114 4606 iibri

961 4639 1031 4709 38*
