<?xml version="1.0" encoding="UTF-8"?>
<!DOCTYPE html PUBLIC "-//W3C//DTD XHTML 1.0 Transitional//EN"
    "http://www.w3.org/TR/xhtml1/DTD/xhtml1-transitional.dtd">
<html xmlns="http://www.w3.org/1999/xhtml" xml:lang="en" lang="en">
 <head>
  <title>
</title>
<meta http-equiv="Content-Type" content="text/html;charset=utf-8" />
  <meta name='ocr-system' content='tesseract 3.04.00' />
  <meta name='ocr-capabilities' content='ocr_page ocr_carea ocr_par ocr_line ocrx_word'/>
</head>
<body>
  <div class='ocr_page' id='page_1' title='image "./corporishaerese01oehlgoog_0698.png"; bbox 0 0 3080 5002; ppageno 0'>
   <div class='ocr_carea' id='block_1_1' title="bbox 408 343 1290 412">
    <p class='ocr_par' dir='ltr' id='par_1_1' title="bbox 408 343 1290 412">
     <span class='ocr_line' id='line_1_1' title="bbox 408 343 1290 412; baseline -0.003 -1"><span class='ocrx_word' id='word_1_1' title='bbox 408 357 543 412; x_wconf 83' lang='lat' dir='ltr'><strong>ranunu</strong></span> <span class='ocrx_word' id='word_1_2' title='bbox 560 359 624 410; x_wconf 82' lang='lat' dir='ltr'><strong>ura.</strong></span> <span class='ocrx_word' id='word_1_3' title='bbox 638 361 655 411; x_wconf 90' lang='grc' dir='ltr'><strong>ι.</strong></span> <span class='ocrx_word' id='word_1_4' title='bbox 672 357 754 411; x_wconf 82' lang='lat' dir='ltr'><strong>rou.</strong></span> <span class='ocrx_word' id='word_1_5' title='bbox 766 357 809 409; x_wconf 91' lang='grc' dir='ltr'><strong>ιιι.</strong></span> <span class='ocrx_word' id='word_1_6' title='bbox 826 357 926 408; x_wconf 81' lang='lat' dir='ltr'><strong>uana.</strong></span> <span class='ocrx_word' id='word_1_7' title='bbox 938 355 1020 407; x_wconf 82' lang='lat' dir='ltr'><strong>xurr.</strong></span> <span class='ocrx_word' id='word_1_8' title='bbox 1229 343 1290 408; x_wconf 71' lang='lat' dir='ltr'><strong>duh</strong></span> 
     </span>
    </p>
   </div>
   <div class='ocr_carea' id='block_1_2' title="bbox 138 473 1444 2512">
    <p class='ocr_par' dir='ltr' id='par_1_2' title="bbox 139 473 1290 668">
     <span class='ocr_line' id='line_1_2' title="bbox 139 473 1290 564; baseline -0.003 -20"><span class='ocrx_word' id='word_1_9' title='bbox 139 479 277 544; x_wconf 84' lang='lat' dir='ltr'><strong>veritatis</strong></span> <span class='ocrx_word' id='word_1_10' title='bbox 291 480 378 564; x_wconf 84' lang='lat' dir='ltr'><strong>rigor</strong></span> <span class='ocrx_word' id='word_1_11' title='bbox 392 489 541 559; x_wconf 86' lang='lat' dir='ltr'><strong>remanet,</strong></span> <span class='ocrx_word' id='word_1_12' title='bbox 565 479 681 544; x_wconf 87' lang='lat' dir='ltr'><strong>tametsi</strong></span> <span class='ocrx_word' id='word_1_13' title='bbox 696 477 905 542; x_wconf 88' lang='lat' dir='ltr'><strong>minutissimas</strong></span> <span class='ocrx_word' id='word_1_14' title='bbox 919 478 948 541; x_wconf 95' lang='lat' dir='ltr'><strong>iu</strong></span> <span class='ocrx_word' id='word_1_15' title='bbox 966 495 1051 562; x_wconf 88' lang='lat' dir='ltr'><strong>pares</strong></span> <span class='ocrx_word' id='word_1_16' title='bbox 1068 473 1180 540; x_wconf 88' lang='lat' dir='ltr'><strong>iuhuite</strong></span> <span class='ocrx_word' id='word_1_17' title='bbox 1196 485 1290 556; x_wconf 88' lang='lat' dir='ltr'><strong>secta,</strong></span> 
     </span>
     <span class='ocr_line' id='line_1_3' title="bbox 139 581 434 668; baseline 0 -22"><span class='ocrx_word' id='word_1_18' title='bbox 139 581 294 668; x_wconf 80' lang='lat' dir='ltr'><strong>divisaque</strong></span> <span class='ocrx_word' id='word_1_19' title='bbox 316 583 434 647; x_wconf 86' lang='lat' dir='ltr'><strong>luerint.</strong></span> 
     </span>
    </p>

    <p class='ocr_par' dir='ltr' id='par_1_3' title="bbox 138 681 1444 2512">
     <span class='ocr_line' id='line_1_4' title="bbox 225 681 1444 770; baseline -0.002 -21"><span class='ocrx_word' id='word_1_20' title='bbox 225 683 352 750; x_wconf 86' lang='lat' dir='ltr'><strong>Praeter</strong></span> <span class='ocrx_word' id='word_1_21' title='bbox 372 685 420 749; x_wconf 84' lang='lat' dir='ltr'><strong>illa</strong></span> <span class='ocrx_word' id='word_1_22' title='bbox 443 705 516 750; x_wconf 84' lang='lat' dir='ltr'><strong>vero</strong></span> <span class='ocrx_word' id='word_1_23' title='bbox 539 685 636 748; x_wconf 89' lang='lat' dir='ltr'><strong>omoia</strong></span> <span class='ocrx_word' id='word_1_24' title='bbox 664 683 719 748; x_wconf 93' lang='lat' dir='ltr'><strong>hoc</strong></span> <span class='ocrx_word' id='word_1_25' title='bbox 741 683 862 770; x_wconf 79' lang='lat' dir='ltr'>insuper</span> <span class='ocrx_word' id='word_1_26' title='bbox 884 681 1194 760; x_wconf 78' lang='lat' dir='ltr'><strong>commemoravimus,</strong></span> <span class='ocrx_word' id='word_1_27' title='bbox 1218 701 1290 746; x_wconf 92' lang='lat' dir='ltr'><strong>uou-</strong></span> <span class='ocrx_word' id='word_1_28' title='bbox 1305 695 1444 762; x_wconf 74' lang='lat' dir='ltr'><strong>Gapxlu.</strong></span> 
     </span>
     <span class='ocr_line' id='line_1_5' title="bbox 140 781 1292 872; baseline -0.003 -20"><span class='ocrx_word' id='word_1_29' title='bbox 140 788 240 853; x_wconf 88' lang='lat' dir='ltr'><strong>nullos</strong></span> <span class='ocrx_word' id='word_1_30' title='bbox 259 809 276 852; x_wconf 91' lang='lat' dir='ltr'><strong>e</strong></span> <span class='ocrx_word' id='word_1_31' title='bbox 293 785 550 852; x_wconf 86' lang='lat' dir='ltr'><strong>hlarciuuistururu</strong></span> <span class='ocrx_word' id='word_1_32' title='bbox 572 807 662 872; x_wconf 84' lang='lat' dir='ltr'><strong>grege</strong></span> <span class='ocrx_word' id='word_1_33' title='bbox 684 787 715 850; x_wconf 92' lang='lat' dir='ltr'><strong>in</strong></span> <span class='ocrx_word' id='word_1_34' title='bbox 738 785 910 850; x_wconf 86' lang='lat' dir='ltr'><strong>altissimum</strong></span> <span class='ocrx_word' id='word_1_35' title='bbox 932 784 1126 870; x_wconf 76' lang='lat' dir='ltr'><strong>blasphemiae</strong></span> <span class='ocrx_word' id='word_1_36' title='bbox 1148 781 1292 868; x_wconf 87' lang='lat' dir='ltr'><strong>gurgitem</strong></span> 
     </span>
     <span class='ocr_line' id='line_1_6' title="bbox 139 885 1294 976; baseline -0.004 -22"><span class='ocrx_word' id='word_1_37' title='bbox 139 891 296 956; x_wconf 86' lang='lat' dir='ltr'><strong>immersos</strong></span> <span class='ocrx_word' id='word_1_38' title='bbox 314 900 401 975; x_wconf 87' lang='lat' dir='ltr'><strong>atque</strong></span> <span class='ocrx_word' id='word_1_39' title='bbox 419 911 460 955; x_wconf 82' lang='lat' dir='ltr'><strong>ex</strong></span> <span class='ocrx_word' id='word_1_40' title='bbox 476 890 616 976; x_wconf 85' lang='lat' dir='ltr'><strong>pestilera</strong></span> <span class='ocrx_word' id='word_1_41' title='bbox 632 889 680 952; x_wconf 88' lang='lat' dir='ltr'><strong>illa</strong></span> <span class='ocrx_word' id='word_1_42' title='bbox 700 889 872 953; x_wconf 85' lang='lat' dir='ltr'><strong>doemonum</strong></span> <span class='ocrx_word' id='word_1_43' title='bbox 891 889 1023 953; x_wconf 89' lang='lat' dir='ltr'><strong>doctriua</strong></span> <span class='ocrx_word' id='word_1_44' title='bbox 1040 885 1120 950; x_wconf 85' lang='lat' dir='ltr'><strong>velut</strong></span> <span class='ocrx_word' id='word_1_45' title='bbox 1141 885 1242 950; x_wconf 85' lang='lat' dir='ltr'><strong>lurore</strong></span> <span class='ocrx_word' id='word_1_46' title='bbox 1265 899 1294 952; x_wconf 90' lang='lat' dir='ltr'><strong>et</strong></span> 
     </span>
     <span class='ocr_line' id='line_1_7' title="bbox 140 989 1293 1079; baseline -0.002 -23"><span class='ocrx_word' id='word_1_47' title='bbox 140 993 270 1059; x_wconf 86' lang='lat' dir='ltr'><strong>amentia</strong></span> <span class='ocrx_word' id='word_1_48' title='bbox 288 994 433 1079; x_wconf 84' lang='lat' dir='ltr'><strong>percitos,</strong></span> <span class='ocrx_word' id='word_1_49' title='bbox 458 1013 543 1078; x_wconf 87' lang='lat' dir='ltr'><strong>quem</strong></span> <span class='ocrx_word' id='word_1_50' title='bbox 565 1013 653 1056; x_wconf 92' lang='lat' dir='ltr'><strong>uuum</strong></span> <span class='ocrx_word' id='word_1_51' title='bbox 672 992 719 1055; x_wconf 88' lang='lat' dir='ltr'><strong>vel</strong></span> <span class='ocrx_word' id='word_1_52' title='bbox 741 991 964 1055; x_wconf 88' lang='lat' dir='ltr'><strong>nominetenus</strong></span> <span class='ocrx_word' id='word_1_53' title='bbox 984 989 1130 1054; x_wconf 88' lang='lat' dir='ltr'><strong>domiuum</strong></span> <span class='ocrx_word' id='word_1_54' title='bbox 1153 989 1293 1054; x_wconf 85' lang='lat' dir='ltr'><strong>memoria</strong></span> 
     </span>
     <span class='ocr_line' id='line_1_8' title="bbox 138 1092 1293 1180; baseline -0.003 -21"><span class='ocrx_word' id='word_1_55' title='bbox 138 1095 301 1160; x_wconf 75' lang='lat' dir='ltr'>retinuisse</span> <span class='ocrx_word' id='word_1_56' title='bbox 318 1095 506 1174; x_wconf 81' lang='lat' dir='ltr'><strong>videbantur,</strong></span> <span class='ocrx_word' id='word_1_57' title='bbox 531 1093 614 1159; x_wconf 89' lang='lat' dir='ltr'><strong>huius</strong></span> <span class='ocrx_word' id='word_1_58' title='bbox 637 1094 728 1180; x_wconf 90' lang='lat' dir='ltr'><strong>ipsius</strong></span> <span class='ocrx_word' id='word_1_59' title='bbox 747 1094 929 1158; x_wconf 81' lang='lat' dir='ltr'><strong>diuinitatem</strong></span> <span class='ocrx_word' id='word_1_60' title='bbox 945 1092 1074 1157; x_wconf 86' lang='lat' dir='ltr'><strong>inaudita</strong></span> <span class='ocrx_word' id='word_1_61' title='bbox 1094 1092 1216 1177; x_wconf 87' lang='lat' dir='ltr'><strong>quadam</strong></span> <span class='ocrx_word' id='word_1_62' title='bbox 1239 1092 1293 1156; x_wconf 90' lang='lat' dir='ltr'><strong>liu·</strong></span> 
     </span>
     <span class='ocr_line' id='line_1_9' title="bbox 139 1193 1292 1284; baseline -0.003 -22"><span class='ocrx_word' id='word_1_63' title='bbox 139 1219 218 1284; x_wconf 81' lang='lat' dir='ltr'><strong>guae</strong></span> <span class='ocrx_word' id='word_1_64' title='bbox 240 1198 399 1283; x_wconf 76' lang='lat' dir='ltr'><strong>petulantia</strong></span> <span class='ocrx_word' id='word_1_65' title='bbox 421 1197 619 1284; x_wconf 86' lang='lat' dir='ltr'><strong>pervertisse,</strong></span> <span class='ocrx_word' id='word_1_66' title='bbox 644 1218 699 1260; x_wconf 91' lang='lat' dir='ltr'><strong>nec</strong></span> <span class='ocrx_word' id='word_1_67' title='bbox 716 1196 854 1261; x_wconf 85' lang='lat' dir='ltr'><strong>coelestis</strong></span> <span class='ocrx_word' id='word_1_68' title='bbox 871 1197 947 1260; x_wconf 91' lang='lat' dir='ltr'><strong>illius</strong></span> <span class='ocrx_word' id='word_1_69' title='bbox 964 1193 1165 1280; x_wconf 75' lang='lat' dir='ltr'><strong>generationis</strong></span> <span class='ocrx_word' id='word_1_70' title='bbox 1187 1213 1292 1258; x_wconf 91' lang='lat' dir='ltr'><strong>numen</strong></span> 
     </span>
     <span class='ocr_line' id='line_1_10' title="bbox 140 1294 1294 1387; baseline -0.003 -23"><span class='ocrx_word' id='word_1_71' title='bbox 140 1302 313 1387; x_wconf 82' lang='lat' dir='ltr'><strong>vituperare</strong></span> <span class='ocrx_word' id='word_1_72' title='bbox 329 1299 421 1365; x_wconf 88' lang='lat' dir='ltr'><strong>luisse</strong></span> <span class='ocrx_word' id='word_1_73' title='bbox 436 1301 560 1364; x_wconf 69' lang='lat' dir='ltr'><strong>vamur.</strong></span> <span class='ocrx_word' id='word_1_74' title='bbox 593 1297 719 1383; x_wconf 79' lang='lat' dir='ltr'><strong>Quidam</strong></span> <span class='ocrx_word' id='word_1_75' title='bbox 736 1299 812 1363; x_wconf 88' lang='lat' dir='ltr'><strong>euim</strong></span> <span class='ocrx_word' id='word_1_76' title='bbox 829 1321 867 1364; x_wconf 78' lang='lat' dir='ltr'><strong>ea</strong></span> <span class='ocrx_word' id='word_1_77' title='bbox 883 1299 939 1363; x_wconf 92' lang='lat' dir='ltr'><strong>illis</strong></span> <span class='ocrx_word' id='word_1_78' title='bbox 955 1299 1101 1363; x_wconf 88' lang='lat' dir='ltr'><strong>domiuum</strong></span> <span class='ocrx_word' id='word_1_79' title='bbox 1117 1297 1210 1383; x_wconf 86' lang='lat' dir='ltr'><strong>ipsum</strong></span> <span class='ocrx_word' id='word_1_80' title='bbox 1220 1294 1294 1362; x_wconf 89' lang='lat' dir='ltr'><strong>lllali</strong></span> 
     </span>
     <span class='ocr_line' id='line_1_11' title="bbox 139 1399 1293 1488; baseline -0.003 -21"><span class='ocrx_word' id='word_1_81' title='bbox 139 1403 231 1467; x_wconf 88' lang='lat' dir='ltr'><strong>lilium</strong></span> <span class='ocrx_word' id='word_1_82' title='bbox 247 1423 314 1469; x_wconf 88' lang='lat' dir='ltr'><strong>esse</strong></span> <span class='ocrx_word' id='word_1_83' title='bbox 330 1403 395 1468; x_wconf 88' lang='lat' dir='ltr'><strong>sine</strong></span> <span class='ocrx_word' id='word_1_84' title='bbox 413 1401 472 1468; x_wconf 89' lang='lat' dir='ltr'><strong>ullo</strong></span> <span class='ocrx_word' id='word_1_85' title='bbox 487 1403 597 1488; x_wconf 90' lang='lat' dir='ltr'><strong>pudore</strong></span> <span class='ocrx_word' id='word_1_86' title='bbox 612 1401 757 1466; x_wconf 76' lang='lat' dir='ltr'><strong>iactitant.</strong></span> <span class='ocrx_word' id='word_1_87' title='bbox 788 1399 874 1484; x_wconf 77' lang='lat' dir='ltr'><strong>Quod</strong></span> <span class='ocrx_word' id='word_1_88' title='bbox 890 1401 938 1464; x_wconf 90' lang='lat' dir='ltr'><strong>alii</strong></span> <span class='ocrx_word' id='word_1_89' title='bbox 956 1401 1051 1465; x_wconf 86' lang='lat' dir='ltr'><strong>miuus</strong></span> <span class='ocrx_word' id='word_1_90' title='bbox 1067 1401 1209 1486; x_wconf 69' lang='lat' dir='ltr'><strong>prohuutp</strong></span> <span class='ocrx_word' id='word_1_91' title='bbox 1231 1399 1293 1484; x_wconf 90' lang='lat' dir='ltr'><strong>qui·</strong></span> 
     </span>
     <span class='ocr_line' id='line_1_12' title="bbox 139 1500 1294 1592; baseline -0.003 -22"><span class='ocrx_word' id='word_1_92' title='bbox 139 1505 198 1570; x_wconf 88' lang='lat' dir='ltr'><strong>hus</strong></span> <span class='ocrx_word' id='word_1_93' title='bbox 218 1505 312 1592; x_wconf 85' lang='lat' dir='ltr'><strong>placet</strong></span> <span class='ocrx_word' id='word_1_94' title='bbox 330 1503 429 1569; x_wconf 88' lang='lat' dir='ltr'><strong>ludica</strong></span> <span class='ocrx_word' id='word_1_95' title='bbox 445 1505 525 1569; x_wconf 91' lang='lat' dir='ltr'><strong>illum</strong></span> <span class='ocrx_word' id='word_1_96' title='bbox 542 1525 576 1569; x_wconf 90' lang='lat' dir='ltr'><strong>ac</strong></span> <span class='ocrx_word' id='word_1_97' title='bbox 594 1502 738 1570; x_wconf 82' lang='lat' dir='ltr'><strong>Crantore</strong></span> <span class='ocrx_word' id='word_1_98' title='bbox 755 1515 853 1568; x_wconf 83' lang='lat' dir='ltr'><strong>uatum</strong></span> <span class='ocrx_word' id='word_1_99' title='bbox 873 1523 951 1569; x_wconf 86' lang='lat' dir='ltr'><strong>esse.</strong></span> <span class='ocrx_word' id='word_1_100' title='bbox 999 1500 1058 1588; x_wconf 79' lang='lat' dir='ltr'><strong>Qui</strong></span> <span class='ocrx_word' id='word_1_101' title='bbox 1076 1523 1140 1567; x_wconf 90' lang='lat' dir='ltr'><strong>eum</strong></span> <span class='ocrx_word' id='word_1_102' title='bbox 1160 1503 1190 1568; x_wconf 95' lang='lat' dir='ltr'><strong>iu</strong></span> <span class='ocrx_word' id='word_1_103' title='bbox 1206 1503 1294 1568; x_wconf 88' lang='lat' dir='ltr'><strong>mise·</strong></span> 
     </span>
     <span class='ocr_line' id='line_1_13' title="bbox 139 1605 1293 1694; baseline -0.003 -22"><span class='ocrx_word' id='word_1_104' title='bbox 139 1609 300 1672; x_wconf 85' lang='lat' dir='ltr'><strong>ricordiam</strong></span> <span class='ocrx_word' id='word_1_105' title='bbox 318 1618 399 1672; x_wconf 88' lang='lat' dir='ltr'><strong>esset</strong></span> <span class='ocrx_word' id='word_1_106' title='bbox 422 1608 597 1694; x_wconf 75' lang='lat' dir='ltr'><strong>propensior</strong></span> <span class='ocrx_word' id='word_1_107' title='bbox 620 1627 655 1672; x_wconf 88' lang='lat' dir='ltr'><strong>ac</strong></span> <span class='ocrx_word' id='word_1_108' title='bbox 673 1619 776 1671; x_wconf 87' lang='lat' dir='ltr'><strong>ustura</strong></span> <span class='ocrx_word' id='word_1_109' title='bbox 799 1607 911 1685; x_wconf 91' lang='lat' dir='ltr'><strong>honus,</strong></span> <span class='ocrx_word' id='word_1_110' title='bbox 937 1615 1020 1692; x_wconf 85' lang='lat' dir='ltr'><strong>patre</strong></span> <span class='ocrx_word' id='word_1_111' title='bbox 1041 1627 1113 1689; x_wconf 91' lang='lat' dir='ltr'><strong>suu,</strong></span> <span class='ocrx_word' id='word_1_112' title='bbox 1138 1625 1223 1690; x_wconf 81' lang='lat' dir='ltr'><strong>quem</strong></span> <span class='ocrx_word' id='word_1_113' title='bbox 1245 1605 1293 1669; x_wconf 92' lang='lat' dir='ltr'><strong>alii</strong></span> 
     </span>
     <span class='ocr_line' id='line_1_14' title="bbox 141 1707 1293 1788; baseline -0.003 -13"><span class='ocrx_word' id='word_1_114' title='bbox 141 1707 334 1788; x_wconf 85' lang='lat' dir='ltr'><strong>Creatorem,</strong></span> <span class='ocrx_word' id='word_1_115' title='bbox 359 1709 409 1774; x_wconf 85' lang='lat' dir='ltr'><strong>alii</strong></span> <span class='ocrx_word' id='word_1_116' title='bbox 427 1707 539 1774; x_wconf 85' lang='lat' dir='ltr'><strong>hlulum</strong></span> <span class='ocrx_word' id='word_1_117' title='bbox 554 1710 741 1788; x_wconf 87' lang='lat' dir='ltr'><strong>existimant,</strong></span> <span class='ocrx_word' id='word_1_118' title='bbox 766 1709 897 1773; x_wconf 81' lang='lat' dir='ltr'><strong>inferiori</strong></span> <span class='ocrx_word' id='word_1_119' title='bbox 915 1709 985 1773; x_wconf 84' lang='lat' dir='ltr'><strong>sede</strong></span> <span class='ocrx_word' id='word_1_120' title='bbox 1007 1708 1111 1773; x_wconf 86' lang='lat' dir='ltr'><strong>relicto</strong></span> <span class='ocrx_word' id='word_1_121' title='bbox 1127 1729 1242 1772; x_wconf 87' lang='lat' dir='ltr'><strong>sursum</strong></span> <span class='ocrx_word' id='word_1_122' title='bbox 1259 1709 1293 1772; x_wconf 88' lang='lat' dir='ltr'><strong>ad</strong></span> 
     </span>
     <span class='ocr_line' id='line_1_15' title="bbox 140 1809 1293 1898; baseline -0.003 -21"><span class='ocrx_word' id='word_1_123' title='bbox 140 1813 223 1877; x_wconf 88' lang='lat' dir='ltr'><strong>illuur</strong></span> <span class='ocrx_word' id='word_1_124' title='bbox 241 1809 355 1878; x_wconf 87' lang='lat' dir='ltr'><strong>lluuum</strong></span> <span class='ocrx_word' id='word_1_125' title='bbox 378 1812 513 1877; x_wconf 85' lang='lat' dir='ltr'><strong>evolasse</strong></span> <span class='ocrx_word' id='word_1_126' title='bbox 537 1813 640 1892; x_wconf 86' lang='lat' dir='ltr'><strong>deum,</strong></span> <span class='ocrx_word' id='word_1_127' title='bbox 664 1812 760 1897; x_wconf 87' lang='lat' dir='ltr'><strong>quiin</strong></span> <span class='ocrx_word' id='word_1_128' title='bbox 781 1809 1004 1898; x_wconf 85' lang='lat' dir='ltr'><strong>explicabilihus</strong></span> <span class='ocrx_word' id='word_1_129' title='bbox 1028 1811 1057 1875; x_wconf 93' lang='lat' dir='ltr'><strong>in</strong></span> <span class='ocrx_word' id='word_1_130' title='bbox 1077 1809 1151 1875; x_wconf 88' lang='lat' dir='ltr'><strong>locis</strong></span> <span class='ocrx_word' id='word_1_131' title='bbox 1172 1811 1293 1891; x_wconf 87' lang='lat' dir='ltr'><strong>residet,</strong></span> 
     </span>
     <span class='ocr_line' id='line_1_16' title="bbox 141 1911 1295 2000; baseline -0.004 -20"><span class='ocrx_word' id='word_1_132' title='bbox 141 1926 175 1980; x_wconf 86' lang='lat' dir='ltr'><strong>et</strong></span> <span class='ocrx_word' id='word_1_133' title='bbox 192 1915 286 1980; x_wconf 89' lang='lat' dir='ltr'><strong>eidem</strong></span> <span class='ocrx_word' id='word_1_134' title='bbox 306 1914 481 1980; x_wconf 78' lang='lat' dir='ltr'><strong>inhaesisse.</strong></span> <span class='ocrx_word' id='word_1_135' title='bbox 528 1917 556 1978; x_wconf 86' lang='grc' dir='ltr'><strong>Α</strong></span> <span class='ocrx_word' id='word_1_136' title='bbox 577 1937 635 2000; x_wconf 84' lang='lat' dir='ltr'><strong>quo</strong></span> <span class='ocrx_word' id='word_1_137' title='bbox 660 1915 688 1978; x_wconf 93' lang='lat' dir='ltr'><strong>iu</strong></span> <span class='ocrx_word' id='word_1_138' title='bbox 711 1915 787 1979; x_wconf 90' lang='lat' dir='ltr'><strong>huuc</strong></span> <span class='ocrx_word' id='word_1_139' title='bbox 801 1913 903 1978; x_wconf 85' lang='lat' dir='ltr'><strong>orbem</strong></span> <span class='ocrx_word' id='word_1_140' title='bbox 921 1913 1095 1994; x_wconf 87' lang='lat' dir='ltr'><strong>demissum,</strong></span> <span class='ocrx_word' id='word_1_141' title='bbox 1120 1925 1150 1978; x_wconf 88' lang='lat' dir='ltr'><strong>et</strong></span> <span class='ocrx_word' id='word_1_142' title='bbox 1168 1924 1199 1977; x_wconf 94' lang='lat' dir='ltr'><strong>ut</strong></span> <span class='ocrx_word' id='word_1_143' title='bbox 1221 1911 1295 1999; x_wconf 83' lang='lat' dir='ltr'><strong>patri</strong></span> 
     </span>
     <span class='ocr_line' id='line_1_17' title="bbox 143 2014 1294 2104; baseline -0.002 -22"><span class='ocrx_word' id='word_1_144' title='bbox 143 2039 201 2082; x_wconf 90' lang='lat' dir='ltr'><strong>suu</strong></span> <span class='ocrx_word' id='word_1_145' title='bbox 217 2018 371 2083; x_wconf 88' lang='lat' dir='ltr'><strong>resisteret</strong></span> <span class='ocrx_word' id='word_1_146' title='bbox 391 2018 539 2104; x_wconf 86' lang='lat' dir='ltr'><strong>delapsum</strong></span> <span class='ocrx_word' id='word_1_147' title='bbox 557 2019 586 2082; x_wconf 92' lang='lat' dir='ltr'><strong>iu</strong></span> <span class='ocrx_word' id='word_1_148' title='bbox 604 2029 700 2082; x_wconf 83' lang='lat' dir='ltr'><strong>terras</strong></span> <span class='ocrx_word' id='word_1_149' title='bbox 718 2014 867 2082; x_wconf 81' lang='lat' dir='ltr'><strong>Christum</strong></span> <span class='ocrx_word' id='word_1_150' title='bbox 886 2017 982 2080; x_wconf 83' lang='lat' dir='ltr'><strong>omnia</strong></span> <span class='ocrx_word' id='word_1_151' title='bbox 997 2017 1046 2081; x_wconf 90' lang='lat' dir='ltr'><strong>illa</strong></span> <span class='ocrx_word' id='word_1_152' title='bbox 1064 2017 1224 2102; x_wconf 79' lang='lat' dir='ltr'><strong>abrogasse</strong></span> <span class='ocrx_word' id='word_1_153' title='bbox 1243 2017 1294 2081; x_wconf 89' lang='lat' dir='ltr'><strong>dc·</strong></span> 
     </span>
     <span class='ocr_line' id='line_1_18' title="bbox 141 2119 1294 2206; baseline -0.002 -22"><span class='ocrx_word' id='word_1_154' title='bbox 141 2131 241 2199; x_wconf 68' lang='lat' dir='ltr'><strong>cuch,</strong></span> <span class='ocrx_word' id='word_1_155' title='bbox 266 2140 340 2206; x_wconf 88' lang='lat' dir='ltr'><strong>quae</strong></span> <span class='ocrx_word' id='word_1_156' title='bbox 355 2119 391 2184; x_wconf 89' lang='lat' dir='ltr'><strong>oh</strong></span> <span class='ocrx_word' id='word_1_157' title='bbox 408 2121 531 2185; x_wconf 85' lang='lat' dir='ltr'><strong>naturali</strong></span> <span class='ocrx_word' id='word_1_158' title='bbox 550 2139 604 2184; x_wconf 89' lang='lat' dir='ltr'><strong>suo</strong></span> <span class='ocrx_word' id='word_1_159' title='bbox 622 2131 705 2205; x_wconf 86' lang='lat' dir='ltr'><strong>patra</strong></span> <span class='ocrx_word' id='word_1_160' title='bbox 722 2121 838 2184; x_wconf 86' lang='lat' dir='ltr'><strong>lucrant</strong></span> <span class='ocrx_word' id='word_1_161' title='bbox 854 2119 1031 2198; x_wconf 86' lang='lat' dir='ltr'><strong>constituta,</strong></span> <span class='ocrx_word' id='word_1_162' title='bbox 1055 2119 1121 2184; x_wconf 87' lang='lat' dir='ltr'><strong>sive</strong></span> <span class='ocrx_word' id='word_1_163' title='bbox 1136 2119 1163 2182; x_wconf 87' lang='lat' dir='ltr'><strong>is</strong></span> <span class='ocrx_word' id='word_1_164' title='bbox 1183 2119 1294 2204; x_wconf 85' lang='lat' dir='ltr'><strong>estqui</strong></span> 
     </span>
     <span class='ocr_line' id='line_1_19' title="bbox 141 2221 1295 2309; baseline -0.001 -22"><span class='ocrx_word' id='word_1_165' title='bbox 141 2223 173 2287; x_wconf 92' lang='lat' dir='ltr'><strong>iu</strong></span> <span class='ocrx_word' id='word_1_166' title='bbox 189 2223 255 2309; x_wconf 82' lang='lat' dir='ltr'><strong>lege</strong></span> <span class='ocrx_word' id='word_1_167' title='bbox 270 2223 384 2287; x_wconf 90' lang='lat' dir='ltr'><strong>locutus</strong></span> <span class='ocrx_word' id='word_1_168' title='bbox 400 2223 523 2302; x_wconf 86' lang='lat' dir='ltr'><strong>dicitur,</strong></span> <span class='ocrx_word' id='word_1_169' title='bbox 547 2223 611 2286; x_wconf 85' lang='lat' dir='ltr'><strong>sive</strong></span> <span class='ocrx_word' id='word_1_170' title='bbox 628 2221 754 2286; x_wconf 79' lang='lat' dir='ltr'><strong>malitiae</strong></span> <span class='ocrx_word' id='word_1_171' title='bbox 772 2222 926 2300; x_wconf 82' lang='lat' dir='ltr'><strong>drusilla,</strong></span> <span class='ocrx_word' id='word_1_172' title='bbox 951 2243 1036 2306; x_wconf 89' lang='lat' dir='ltr'><strong>quem</strong></span> <span class='ocrx_word' id='word_1_173' title='bbox 1059 2223 1138 2286; x_wconf 88' lang='lat' dir='ltr'><strong>iuter</strong></span> <span class='ocrx_word' id='word_1_174' title='bbox 1156 2221 1295 2308; x_wconf 89' lang='lat' dir='ltr'><strong>principia</strong></span> 
     </span>
     <span class='ocr_line' id='line_1_20' title="bbox 141 2323 1294 2410; baseline 0.002 -22"><span class='ocrx_word' id='word_1_175' title='bbox 141 2324 233 2390; x_wconf 89' lang='lat' dir='ltr'><strong>tertio</strong></span> <span class='ocrx_word' id='word_1_176' title='bbox 251 2326 315 2390; x_wconf 91' lang='lat' dir='ltr'><strong>luco</strong></span> <span class='ocrx_word' id='word_1_177' title='bbox 336 2334 479 2390; x_wconf 85' lang='lat' dir='ltr'><strong>statuunt.</strong></span> <span class='ocrx_word' id='word_1_178' title='bbox 524 2323 602 2389; x_wconf 87' lang='lat' dir='ltr'><strong>Nam</strong></span> <span class='ocrx_word' id='word_1_179' title='bbox 618 2326 720 2404; x_wconf 85' lang='lat' dir='ltr'><strong>aliter,</strong></span> <span class='ocrx_word' id='word_1_180' title='bbox 744 2325 785 2389; x_wconf 86' lang='lat' dir='ltr'><strong>uti</strong></span> <span class='ocrx_word' id='word_1_181' title='bbox 806 2323 913 2389; x_wconf 88' lang='lat' dir='ltr'><strong>dictum</strong></span> <span class='ocrx_word' id='word_1_182' title='bbox 936 2336 999 2404; x_wconf 88' lang='lat' dir='ltr'><strong>est,</strong></span> <span class='ocrx_word' id='word_1_183' title='bbox 1024 2334 1110 2410; x_wconf 88' lang='lat' dir='ltr'><strong>atque</strong></span> <span class='ocrx_word' id='word_1_184' title='bbox 1132 2323 1219 2388; x_wconf 83' lang='lat' dir='ltr'><strong>aliter</strong></span> <span class='ocrx_word' id='word_1_185' title='bbox 1238 2325 1294 2390; x_wconf 90' lang='lat' dir='ltr'><strong>ista</strong></span> 
     </span>
     <span class='ocr_line' id='line_1_21' title="bbox 142 2423 1294 2512; baseline 0.002 -22"><span class='ocrx_word' id='word_1_186' title='bbox 142 2427 305 2491; x_wconf 86' lang='lat' dir='ltr'><strong>declarant.</strong></span> <span class='ocrx_word' id='word_1_187' title='bbox 351 2425 453 2512; x_wconf 90' lang='lat' dir='ltr'><strong>ltaque</strong></span> <span class='ocrx_word' id='word_1_188' title='bbox 472 2428 547 2494; x_wconf 88' lang='lat' dir='ltr'><strong>olins</strong></span> <span class='ocrx_word' id='word_1_189' title='bbox 565 2424 724 2512; x_wconf 84' lang='lat' dir='ltr'><strong>Opilicem,</strong></span> <span class='ocrx_word' id='word_1_190' title='bbox 747 2427 822 2490; x_wconf 88' lang='lat' dir='ltr'><strong>alius</strong></span> <span class='ocrx_word' id='word_1_191' title='bbox 836 2423 947 2491; x_wconf 80' lang='lat' dir='ltr'><strong>Malous</strong></span> <span class='ocrx_word' id='word_1_192' title='bbox 967 2446 1034 2492; x_wconf 90' lang='lat' dir='ltr'><strong>esse</strong></span> <span class='ocrx_word' id='word_1_193' title='bbox 1052 2425 1164 2491; x_wconf 82' lang='lat' dir='ltr'><strong>statuit.</strong></span> <span class='ocrx_word' id='word_1_194' title='bbox 1210 2426 1294 2511; x_wconf 75' lang='lat' dir='ltr'><strong>Quae</strong></span> 
     </span>
    </p>
   </div>
   <div class='ocr_carea' id='block_1_3' title="bbox 142 2527 1297 2820">
    <p class='ocr_par' dir='ltr' id='par_1_4' title="bbox 142 2527 1297 2820">
     <span class='ocr_line' id='line_1_22' title="bbox 145 2527 1296 2616; baseline 0.001 -23"><span class='ocrx_word' id='word_1_195' title='bbox 145 2549 212 2594; x_wconf 85' lang='lat' dir='ltr'><strong>cum</strong></span> <span class='ocrx_word' id='word_1_196' title='bbox 228 2527 270 2594; x_wconf 88' lang='lat' dir='ltr'><strong>itu</strong></span> <span class='ocrx_word' id='word_1_197' title='bbox 288 2530 362 2608; x_wconf 90' lang='lat' dir='ltr'><strong>siut,</strong></span> <span class='ocrx_word' id='word_1_198' title='bbox 389 2531 572 2596; x_wconf 78' lang='lat' dir='ltr'><strong>manifestum</strong></span> <span class='ocrx_word' id='word_1_199' title='bbox 590 2551 658 2594; x_wconf 88' lang='lat' dir='ltr'><strong>esse</strong></span> <span class='ocrx_word' id='word_1_200' title='bbox 675 2529 793 2594; x_wconf 88' lang='lat' dir='ltr'><strong>cuilihet</strong></span> <span class='ocrx_word' id='word_1_201' title='bbox 808 2540 906 2613; x_wconf 88' lang='lat' dir='ltr'><strong>potest</strong></span> <span class='ocrx_word' id='word_1_202' title='bbox 924 2530 971 2613; x_wconf 86' lang='lat' dir='ltr'><strong>qui</strong></span> <span class='ocrx_word' id='word_1_203' title='bbox 989 2529 1098 2614; x_wconf 86' lang='lat' dir='ltr'><strong>ingenii</strong></span> <span class='ocrx_word' id='word_1_204' title='bbox 1118 2550 1153 2594; x_wconf 90' lang='lat' dir='ltr'><strong>uc</strong></span> <span class='ocrx_word' id='word_1_205' title='bbox 1171 2531 1296 2616; x_wconf 91' lang='lat' dir='ltr'><strong>prudeu-</strong></span> 
     </span>
     <span class='ocr_line' id='line_1_23' title="bbox 142 2631 1297 2719; baseline 0.002 -25"><span class='ocrx_word' id='word_1_206' title='bbox 142 2633 206 2696; x_wconf 82' lang='lat' dir='ltr'><strong>tiue</strong></span> <span class='ocrx_word' id='word_1_207' title='bbox 222 2632 328 2716; x_wconf 81' lang='lat' dir='ltr'><strong>aliquid</strong></span> <span class='ocrx_word' id='word_1_208' title='bbox 355 2632 462 2696; x_wconf 86' lang='lat' dir='ltr'><strong>haheat</strong></span> <span class='ocrx_word' id='word_1_209' title='bbox 482 2644 571 2697; x_wconf 87' lang='lat' dir='ltr'><strong>tutum</strong></span> <span class='ocrx_word' id='word_1_210' title='bbox 597 2633 672 2697; x_wconf 90' lang='lat' dir='ltr'><strong>illum</strong></span> <span class='ocrx_word' id='word_1_211' title='bbox 691 2632 851 2697; x_wconf 80' lang='lat' dir='ltr'><strong>doctrinam</strong></span> <span class='ocrx_word' id='word_1_212' title='bbox 873 2643 960 2716; x_wconf 87' lang='lat' dir='ltr'><strong>atque</strong></span> <span class='ocrx_word' id='word_1_213' title='bbox 980 2632 1085 2718; x_wconf 89' lang='lat' dir='ltr'><strong>dogma</strong></span> <span class='ocrx_word' id='word_1_214' title='bbox 1108 2631 1297 2719; x_wconf 84' lang='lat' dir='ltr'><strong>ahimpuris·</strong></span> 
     </span>
     <span class='ocr_line' id='line_1_24' title="bbox 145 2733 1296 2820; baseline 0.002 -22"><span class='ocrx_word' id='word_1_215' title='bbox 145 2734 223 2798; x_wconf 89' lang='lat' dir='ltr'><strong>simo</strong></span> <span class='ocrx_word' id='word_1_216' title='bbox 240 2735 344 2820; x_wconf 86' lang='lat' dir='ltr'><strong>spiritu</strong></span> <span class='ocrx_word' id='word_1_217' title='bbox 365 2755 567 2820; x_wconf 88' lang='lat' dir='ltr'><strong>promanasse.</strong></span> <span class='ocrx_word' id='word_1_218' title='bbox 613 2733 760 2818; x_wconf 78' lang='lat' dir='ltr'><strong>Quocirca</strong></span> <span class='ocrx_word' id='word_1_219' title='bbox 781 2734 850 2798; x_wconf 92' lang='lat' dir='ltr'><strong>uihil</strong></span> <span class='ocrx_word' id='word_1_220' title='bbox 865 2746 929 2798; x_wconf 85' lang='lat' dir='ltr'><strong>erat</strong></span> <span class='ocrx_word' id='word_1_221' title='bbox 950 2733 1103 2798; x_wconf 81' lang='lat' dir='ltr'><strong>admodum</strong></span> <span class='ocrx_word' id='word_1_222' title='bbox 1121 2755 1244 2802; x_wconf 85' lang='lat' dir='ltr'><strong>necesse</strong></span> <span class='ocrx_word' id='word_1_223' title='bbox 1266 2736 1296 2800; x_wconf 94' lang='lat' dir='ltr'><strong>iu</strong></span> 
     </span>
    </p>
   </div>
   <div class='ocr_carea' id='block_1_4' title="bbox 144 2837 1446 4258">
    <p class='ocr_par' dir='ltr' id='par_1_5' title="bbox 144 2837 1445 3844">
     <span class='ocr_line' id='line_1_25' title="bbox 146 2837 1297 2924; baseline 0.003 -24"><span class='ocrx_word' id='word_1_224' title='bbox 146 2857 184 2900; x_wconf 91' lang='lat' dir='ltr'><strong>eu</strong></span> <span class='ocrx_word' id='word_1_225' title='bbox 200 2848 370 2920; x_wconf 88' lang='lat' dir='ltr'><strong>argumento</strong></span> <span class='ocrx_word' id='word_1_226' title='bbox 384 2839 537 2902; x_wconf 89' lang='lat' dir='ltr'><strong>tractando</strong></span> <span class='ocrx_word' id='word_1_227' title='bbox 551 2859 585 2902; x_wconf 92' lang='lat' dir='ltr'><strong>ac</strong></span> <span class='ocrx_word' id='word_1_228' title='bbox 602 2838 807 2924; x_wconf 85' lang='lat' dir='ltr'><strong>propugnanda</strong></span> <span class='ocrx_word' id='word_1_229' title='bbox 826 2838 881 2902; x_wconf 87' lang='lat' dir='ltr'><strong>llde</strong></span> <span class='ocrx_word' id='word_1_230' title='bbox 896 2837 1004 2902; x_wconf 88' lang='lat' dir='ltr'><strong>morari</strong></span> <span class='ocrx_word' id='word_1_231' title='bbox 1021 2837 1140 2916; x_wconf 89' lang='lat' dir='ltr'><strong>diutius,</strong></span> <span class='ocrx_word' id='word_1_232' title='bbox 1159 2850 1209 2903; x_wconf 90' lang='lat' dir='ltr'><strong>aut</strong></span> <span class='ocrx_word' id='word_1_233' title='bbox 1223 2858 1297 2903; x_wconf 84' lang='lat' dir='ltr'><strong>vero</strong></span> 
     </span>
     <span class='ocr_line' id='line_1_26' title="bbox 144 2935 1296 3026; baseline 0.002 -24"><span class='ocrx_word' id='word_1_234' title='bbox 144 2935 329 3004; x_wconf 79' lang='lat' dir='ltr'><strong>Marcionem</strong></span> <span class='ocrx_word' id='word_1_235' title='bbox 349 2940 504 3020; x_wconf 77' lang='lat' dir='ltr'><strong>refellere,</strong></span> <span class='ocrx_word' id='word_1_236' title='bbox 529 2941 577 3025; x_wconf 86' lang='lat' dir='ltr'><strong>qui</strong></span> <span class='ocrx_word' id='word_1_237' title='bbox 595 2941 677 3004; x_wconf 85' lang='lat' dir='ltr'><strong>iuxta</strong></span> <span class='ocrx_word' id='word_1_238' title='bbox 694 2940 738 3004; x_wconf 92' lang='lat' dir='ltr'><strong>sui</strong></span> <span class='ocrx_word' id='word_1_239' title='bbox 757 2941 849 3026; x_wconf 91' lang='lat' dir='ltr'><strong>ipsius</strong></span> <span class='ocrx_word' id='word_1_240' title='bbox 872 2941 1002 3004; x_wconf 74' lang='lat' dir='ltr'><strong>accitae</strong></span> <span class='ocrx_word' id='word_1_241' title='bbox 1024 2959 1091 3004; x_wconf 88' lang='lat' dir='ltr'><strong>esse</strong></span> <span class='ocrx_word' id='word_1_242' title='bbox 1108 2941 1224 3006; x_wconf 86' lang='lat' dir='ltr'><strong>videtur</strong></span> <span class='ocrx_word' id='word_1_243' title='bbox 1245 2941 1296 3004; x_wconf 89' lang='lat' dir='ltr'><strong>uh-</strong></span> 
     </span>
     <span class='ocr_line' id='line_1_27' title="bbox 145 3038 1294 3129; baseline 0.003 -25"><span class='ocrx_word' id='word_1_244' title='bbox 145 3040 227 3105; x_wconf 90' lang='lat' dir='ltr'><strong>litos.</strong></span> <span class='ocrx_word' id='word_1_245' title='bbox 272 3038 371 3106; x_wconf 83' lang='lat' dir='ltr'><strong>Neruo</strong></span> <span class='ocrx_word' id='word_1_246' title='bbox 391 3043 532 3128; x_wconf 84' lang='lat' dir='ltr'><strong>siquidem</strong></span> <span class='ocrx_word' id='word_1_247' title='bbox 556 3053 602 3108; x_wconf 90' lang='lat' dir='ltr'><strong>est</strong></span> <span class='ocrx_word' id='word_1_248' title='bbox 626 3043 673 3128; x_wconf 86' lang='lat' dir='ltr'><strong>qui</strong></span> <span class='ocrx_word' id='word_1_249' title='bbox 696 3044 833 3106; x_wconf 85' lang='lat' dir='ltr'><strong>nouuullu</strong></span> <span class='ocrx_word' id='word_1_250' title='bbox 860 3042 899 3108; x_wconf 90' lang='lat' dir='ltr'><strong>sit</strong></span> <span class='ocrx_word' id='word_1_251' title='bbox 920 3044 1111 3129; x_wconf 73' lang='lat' dir='ltr'><strong>intelligentia</strong></span> <span class='ocrx_word' id='word_1_252' title='bbox 1133 3044 1294 3129; x_wconf 80' lang='lat' dir='ltr'><strong>praeditus,</strong></span> 
     </span>
     <span class='ocr_line' id='line_1_28' title="bbox 146 3143 1295 3232; baseline 0.004 -27"><span class='ocrx_word' id='word_1_253' title='bbox 146 3143 216 3228; x_wconf 89' lang='lat' dir='ltr'><strong>quio</strong></span> <span class='ocrx_word' id='word_1_254' title='bbox 232 3145 426 3209; x_wconf 80' lang='lat' dir='ltr'><strong>contumeliae</strong></span> <span class='ocrx_word' id='word_1_255' title='bbox 443 3145 471 3208; x_wconf 94' lang='lat' dir='ltr'><strong>iu</strong></span> <span class='ocrx_word' id='word_1_256' title='bbox 491 3145 574 3210; x_wconf 90' lang='lat' dir='ltr'><strong>deum</strong></span> <span class='ocrx_word' id='word_1_257' title='bbox 592 3146 692 3232; x_wconf 91' lang='lat' dir='ltr'><strong>plenas</strong></span> <span class='ocrx_word' id='word_1_258' title='bbox 707 3146 785 3211; x_wconf 89' lang='lat' dir='ltr'><strong>illius</strong></span> <span class='ocrx_word' id='word_1_259' title='bbox 801 3146 923 3224; x_wconf 78' lang='lat' dir='ltr'><strong>fabulas,</strong></span> <span class='ocrx_word' id='word_1_260' title='bbox 947 3169 981 3211; x_wconf 89' lang='lat' dir='ltr'><strong>ac</strong></span> <span class='ocrx_word' id='word_1_261' title='bbox 998 3143 1172 3210; x_wconf 86' lang='lat' dir='ltr'><strong>temerarios</strong></span> <span class='ocrx_word' id='word_1_262' title='bbox 1186 3156 1216 3209; x_wconf 92' lang='lat' dir='ltr'><strong>et</strong></span> <span class='ocrx_word' id='word_1_263' title='bbox 1230 3165 1295 3232; x_wconf 87' lang='lat' dir='ltr'><strong>per·</strong></span> 
     </span>
     <span class='ocr_line' id='line_1_29' title="bbox 145 3245 1294 3333; baseline 0.004 -26"><span class='ocrx_word' id='word_1_264' title='bbox 145 3245 278 3310; x_wconf 86' lang='lat' dir='ltr'><strong>niciosus</strong></span> <span class='ocrx_word' id='word_1_265' title='bbox 303 3258 426 3312; x_wconf 89' lang='lat' dir='ltr'><strong>conatus</strong></span> <span class='ocrx_word' id='word_1_266' title='bbox 450 3248 578 3332; x_wconf 84' lang='lat' dir='ltr'><strong>detegat.</strong></span> <span class='ocrx_word' id='word_1_267' title='bbox 626 3247 736 3313; x_wconf 86' lang='lat' dir='ltr'><strong>Verum</strong></span> <span class='ocrx_word' id='word_1_268' title='bbox 757 3248 892 3333; x_wconf 87' lang='lat' dir='ltr'><strong>quoniam</strong></span> <span class='ocrx_word' id='word_1_269' title='bbox 922 3249 1029 3313; x_wconf 89' lang='lat' dir='ltr'><strong>nullum</strong></span> <span class='ocrx_word' id='word_1_270' title='bbox 1057 3247 1148 3333; x_wconf 91' lang='lat' dir='ltr'><strong>spinis</strong></span> <span class='ocrx_word' id='word_1_271' title='bbox 1170 3248 1294 3313; x_wconf 85' lang='lat' dir='ltr'><strong>obsitum</strong></span> 
     </span>
     <span class='ocr_line' id='line_1_30' title="bbox 146 3347 1295 3436; baseline 0.004 -26"><span class='ocrx_word' id='word_1_272' title='bbox 146 3347 243 3412; x_wconf 90' lang='lat' dir='ltr'><strong>locum</strong></span> <span class='ocrx_word' id='word_1_273' title='bbox 262 3370 319 3413; x_wconf 92' lang='lat' dir='ltr'><strong>uou</strong></span> <span class='ocrx_word' id='word_1_274' title='bbox 338 3361 526 3436; x_wconf 83' lang='lat' dir='ltr'><strong>repurgatum</strong></span> <span class='ocrx_word' id='word_1_275' title='bbox 543 3371 609 3416; x_wconf 89' lang='lat' dir='ltr'><strong>esse</strong></span> <span class='ocrx_word' id='word_1_276' title='bbox 626 3351 768 3436; x_wconf 81' lang='lat' dir='ltr'><strong>patimur,</strong></span> <span class='ocrx_word' id='word_1_277' title='bbox 791 3352 844 3413; x_wconf 88' lang='lat' dir='ltr'><strong>sed</strong></span> <span class='ocrx_word' id='word_1_278' title='bbox 863 3350 908 3416; x_wconf 87' lang='lat' dir='ltr'><strong>dei</strong></span> <span class='ocrx_word' id='word_1_279' title='bbox 928 3350 1025 3436; x_wconf 91' lang='lat' dir='ltr'><strong>gladio</strong></span> <span class='ocrx_word' id='word_1_280' title='bbox 1045 3351 1196 3416; x_wconf 86' lang='lat' dir='ltr'><strong>succidere</strong></span> <span class='ocrx_word' id='word_1_281' title='bbox 1217 3351 1295 3415; x_wconf 88' lang='lat' dir='ltr'><strong>sole-</strong></span> 
     </span>
     <span class='ocr_line' id='line_1_31' title="bbox 147 3451 1445 3538; baseline 0.003 -25"><span class='ocrx_word' id='word_1_282' title='bbox 147 3471 212 3514; x_wconf 87' lang='lat' dir='ltr'><strong>mus</strong></span> <span class='ocrx_word' id='word_1_283' title='bbox 230 3451 402 3530; x_wconf 87' lang='lat' dir='ltr'><strong>uuiversas,</strong></span> <span class='ocrx_word' id='word_1_284' title='bbox 427 3454 475 3537; x_wconf 90' lang='lat' dir='ltr'><strong>qui</strong></span> <span class='ocrx_word' id='word_1_285' title='bbox 494 3454 606 3538; x_wconf 87' lang='lat' dir='ltr'><strong>quidem</strong></span> <span class='ocrx_word' id='word_1_286' title='bbox 625 3453 829 3533; x_wconf 73' lang='lat' dir='ltr'><strong>praenobilior</strong></span> <span class='ocrx_word' id='word_1_287' title='bbox 848 3463 893 3515; x_wconf 81' lang='lat' dir='ltr'><strong>ert</strong></span> <span class='ocrx_word' id='word_1_288' title='bbox 909 3457 986 3514; x_wconf 79' lang='lat' dir='ltr'><strong>omni</strong></span> <span class='ocrx_word' id='word_1_289' title='bbox 996 3456 1096 3533; x_wconf 75' lang='lat' dir='ltr'><strong>glodrio</strong></span> <span class='ocrx_word' id='word_1_290' title='bbox 1111 3458 1243 3535; x_wconf 68' lang='lat' dir='ltr'><strong>meopu&#39;tr‘,</strong></span> <span class='ocrx_word' id='word_1_291' title='bbox 1267 3467 1445 3535; x_wconf 51' lang='lat' dir='ltr'><strong>caramagna,</strong></span> 
     </span>
     <span class='ocr_line' id='line_1_32' title="bbox 144 3557 1296 3639; baseline 0.004 -24"><span class='ocrx_word' id='word_1_292' title='bbox 144 3557 310 3634; x_wconf 83' lang='lat' dir='ltr'><strong>pertahgens</strong></span> <span class='ocrx_word' id='word_1_293' title='bbox 334 3577 421 3636; x_wconf 82' lang='lat' dir='ltr'><strong>usque</strong></span> <span class='ocrx_word' id='word_1_294' title='bbox 440 3561 479 3618; x_wconf 86' lang='lat' dir='ltr'><strong>ud</strong></span> <span class='ocrx_word' id='word_1_295' title='bbox 498 3560 647 3619; x_wconf 80' lang='lat' dir='ltr'><strong>drhr&#39;srhaes</strong></span> <span class='ocrx_word' id='word_1_296' title='bbox 669 3559 778 3618; x_wconf 68' lang='lat' dir='ltr'><strong>curiam</strong></span> <span class='ocrx_word' id='word_1_297' title='bbox 799 3567 828 3616; x_wconf 83' lang='lat' dir='ltr'><strong>et</strong></span> <span class='ocrx_word' id='word_1_298' title='bbox 847 3560 979 3636; x_wconf 72' lang='lat' dir='ltr'><strong>spalatus,</strong></span> <span class='ocrx_word' id='word_1_299' title='bbox 1004 3577 1167 3636; x_wconf 81' lang='lat' dir='ltr'><strong>compagum</strong></span> <span class='ocrx_word' id='word_1_300' title='bbox 1188 3579 1296 3639; x_wconf 83' lang='lat' dir='ltr'><strong>quoque</strong></span> 
     </span>
     <span class='ocr_line' id='line_1_33' title="bbox 149 3657 1295 3745; baseline 0.005 -27"><span class='ocrx_word' id='word_1_301' title='bbox 149 3677 185 3718; x_wconf 88' lang='lat' dir='ltr'><strong>oc</strong></span> <span class='ocrx_word' id='word_1_302' title='bbox 204 3659 404 3733; x_wconf 78' lang='lat' dir='ltr'><strong>medullarum,</strong></span> <span class='ocrx_word' id='word_1_303' title='bbox 430 3669 462 3722; x_wconf 94' lang='lat' dir='ltr'><strong>ut</strong></span> <span class='ocrx_word' id='word_1_304' title='bbox 485 3659 628 3745; x_wconf 87' lang='lat' dir='ltr'><strong>scripturn</strong></span> <span class='ocrx_word' id='word_1_305' title='bbox 653 3657 798 3742; x_wconf 87' lang='lat' dir='ltr'><strong>loquitur,</strong></span> <span class='ocrx_word' id='word_1_306' title='bbox 822 3657 888 3722; x_wconf 91' lang='lat' dir='ltr'><strong>ideo</strong></span> <span class='ocrx_word' id='word_1_307' title='bbox 910 3677 1002 3743; x_wconf 84' lang='lat' dir='ltr'><strong>pauca</strong></span> <span class='ocrx_word' id='word_1_308' title='bbox 1027 3659 1062 3721; x_wconf 91' lang='lat' dir='ltr'><strong>de</strong></span> <span class='ocrx_word' id='word_1_309' title='bbox 1085 3678 1119 3721; x_wconf 88' lang='lat' dir='ltr'><strong>eu</strong></span> <span class='ocrx_word' id='word_1_310' title='bbox 1142 3679 1174 3722; x_wconf 83' lang='lat' dir='ltr'><strong>ue</strong></span> <span class='ocrx_word' id='word_1_311' title='bbox 1197 3660 1295 3724; x_wconf 90' lang='lat' dir='ltr'><strong>dicere</strong></span> 
     </span>
     <span class='ocr_line' id='line_1_34' title="bbox 148 3759 428 3844; baseline 0.011 -23"><span class='ocrx_word' id='word_1_312' title='bbox 148 3779 208 3822; x_wconf 92' lang='lat' dir='ltr'><strong>uou</strong></span> <span class='ocrx_word' id='word_1_313' title='bbox 231 3759 428 3844; x_wconf 58' lang='lat' dir='ltr'><strong>merebimur.</strong></span> 
     </span>
    </p>

    <p class='ocr_par' dir='ltr' id='par_1_6' title="bbox 148 3859 1446 4258">
     <span class='ocr_line' id='line_1_35' title="bbox 233 3859 1446 3951; baseline 0.006 -27"><span class='ocrx_word' id='word_1_314' title='bbox 233 3864 279 3925; x_wconf 82' lang='lat' dir='ltr'><strong>Ac</strong></span> <span class='ocrx_word' id='word_1_315' title='bbox 297 3863 419 3949; x_wconf 83' lang='lat' dir='ltr'><strong>priorum</strong></span> <span class='ocrx_word' id='word_1_316' title='bbox 435 3864 504 3930; x_wconf 94' lang='lat' dir='ltr'><strong>illud</strong></span> <span class='ocrx_word' id='word_1_317' title='bbox 521 3864 723 3951; x_wconf 86' lang='lat' dir='ltr'><strong>opponendum</strong></span> <span class='ocrx_word' id='word_1_318' title='bbox 740 3874 803 3942; x_wconf 89' lang='lat' dir='ltr'><strong>est,</strong></span> <span class='ocrx_word' id='word_1_319' title='bbox 826 3862 852 3926; x_wconf 90' lang='lat' dir='ltr'><strong>si</strong></span> <span class='ocrx_word' id='word_1_320' title='bbox 868 3883 884 3925; x_wconf 91' lang='lat' dir='ltr'><strong>e</strong></span> <span class='ocrx_word' id='word_1_321' title='bbox 901 3859 981 3928; x_wconf 84' lang='lat' dir='ltr'><strong>Molo</strong></span> <span class='ocrx_word' id='word_1_322' title='bbox 999 3860 1099 3928; x_wconf 87' lang='lat' dir='ltr'><strong>llouus</strong></span> <span class='ocrx_word' id='word_1_323' title='bbox 1114 3865 1176 3930; x_wconf 88' lang='lat' dir='ltr'><strong>lieri</strong></span> <span class='ocrx_word' id='word_1_324' title='bbox 1192 3876 1294 3950; x_wconf 87' lang='lat' dir='ltr'><strong>potue·</strong></span> <span class='ocrx_word' id='word_1_325' title='bbox 1305 3875 1446 3946; x_wconf 76' lang='lat' dir='ltr'><strong>eapxlv.</strong></span> 
     </span>
     <span class='ocr_line' id='line_1_36' title="bbox 148 3963 1296 4054; baseline 0.003 -25"><span class='ocrx_word' id='word_1_326' title='bbox 148 3963 206 4045; x_wconf 90' lang='lat' dir='ltr'><strong>rit,</strong></span> <span class='ocrx_word' id='word_1_327' title='bbox 230 3973 319 4030; x_wconf 85' lang='lat' dir='ltr'><strong>totam</strong></span> <span class='ocrx_word' id='word_1_328' title='bbox 344 3965 423 4030; x_wconf 85' lang='lat' dir='ltr'><strong>illam</strong></span> <span class='ocrx_word' id='word_1_329' title='bbox 440 3965 651 4054; x_wconf 88' lang='lat' dir='ltr'><strong>Principiorum</strong></span> <span class='ocrx_word' id='word_1_330' title='bbox 672 3966 816 4032; x_wconf 87' lang='lat' dir='ltr'><strong>rationem</strong></span> <span class='ocrx_word' id='word_1_331' title='bbox 840 3965 947 4028; x_wconf 85' lang='lat' dir='ltr'><strong>everti.</strong></span> <span class='ocrx_word' id='word_1_332' title='bbox 992 3963 1095 4032; x_wconf 88' lang='lat' dir='ltr'><strong>Potest</strong></span> <span class='ocrx_word' id='word_1_333' title='bbox 1112 3967 1189 4032; x_wconf 85' lang='lat' dir='ltr'><strong>euim</strong></span> <span class='ocrx_word' id='word_1_334' title='bbox 1211 3979 1241 4033; x_wconf 89' lang='lat' dir='ltr'><strong>et</strong></span> <span class='ocrx_word' id='word_1_335' title='bbox 1262 3969 1296 4033; x_wconf 92' lang='lat' dir='ltr'><strong>il-</strong></span> 
     </span>
     <span class='ocr_line' id='line_1_37' title="bbox 149 4067 1294 4154; baseline 0.003 -23"><span class='ocrx_word' id='word_1_336' title='bbox 149 4067 207 4132; x_wconf 90' lang='lat' dir='ltr'><strong>lius</strong></span> <span class='ocrx_word' id='word_1_337' title='bbox 221 4079 314 4153; x_wconf 87' lang='lat' dir='ltr'><strong>pater,</strong></span> <span class='ocrx_word' id='word_1_338' title='bbox 333 4067 358 4132; x_wconf 90' lang='lat' dir='ltr'><strong>si</strong></span> <span class='ocrx_word' id='word_1_339' title='bbox 373 4069 465 4134; x_wconf 88' lang='lat' dir='ltr'><strong>melus</strong></span> <span class='ocrx_word' id='word_1_340' title='bbox 481 4080 538 4150; x_wconf 86' lang='lat' dir='ltr'><strong>est,</strong></span> <span class='ocrx_word' id='word_1_341' title='bbox 557 4072 644 4154; x_wconf 87' lang='lat' dir='ltr'><strong>(quod</strong></span> <span class='ocrx_word' id='word_1_342' title='bbox 660 4069 737 4134; x_wconf 83' lang='lat' dir='ltr'><strong>absit</strong></span> <span class='ocrx_word' id='word_1_343' title='bbox 752 4079 785 4132; x_wconf 92' lang='lat' dir='ltr'><strong>ut</strong></span> <span class='ocrx_word' id='word_1_344' title='bbox 797 4088 922 4153; x_wconf 83' lang='lat' dir='ltr'><strong>uuquam</strong></span> <span class='ocrx_word' id='word_1_345' title='bbox 940 4067 1085 4152; x_wconf 75' lang='lat' dir='ltr'><strong>uiuamus,</strong></span> <span class='ocrx_word' id='word_1_346' title='bbox 1109 4070 1202 4135; x_wconf 88' lang='lat' dir='ltr'><strong>honus</strong></span> <span class='ocrx_word' id='word_1_347' title='bbox 1218 4071 1294 4136; x_wconf 90' lang='lat' dir='ltr'><strong>enim</strong></span> 
     </span>
     <span class='ocr_line' id='line_1_38' title="bbox 150 4170 1292 4258; baseline 0.004 -24"><span class='ocrx_word' id='word_1_348' title='bbox 150 4172 209 4254; x_wconf 87' lang='lat' dir='ltr'><strong>est)</strong></span> <span class='ocrx_word' id='word_1_349' title='bbox 231 4181 409 4235; x_wconf 82' lang='lat' dir='ltr'><strong>commutare</strong></span> <span class='ocrx_word' id='word_1_350' title='bbox 434 4172 577 4253; x_wconf 80' lang='lat' dir='ltr'><strong>uariorum,</strong></span> <span class='ocrx_word' id='word_1_351' title='bbox 603 4172 841 4258; x_wconf 87' lang='lat' dir='ltr'><strong>quemadmodum</strong></span> <span class='ocrx_word' id='word_1_352' title='bbox 863 4170 926 4236; x_wconf 87' lang='lat' dir='ltr'><strong>eius</strong></span> <span class='ocrx_word' id='word_1_353' title='bbox 950 4180 996 4236; x_wconf 87' lang='lat' dir='ltr'><strong>est</strong></span> <span class='ocrx_word' id='word_1_354' title='bbox 1017 4172 1183 4238; x_wconf 83' lang='lat' dir='ltr'><strong>immutatus</strong></span> <span class='ocrx_word' id='word_1_355' title='bbox 1205 4173 1292 4238; x_wconf 88' lang='lat' dir='ltr'><strong>lilius.</strong></span> 
     </span>
    </p>
   </div>
   <div class='ocr_carea' id='block_1_5' title="bbox 148 4305 1295 4706">
    <p class='ocr_par' dir='ltr' id='par_1_7' title="bbox 150 4305 1295 4376">
     <span class='ocr_line' id='line_1_39' title="bbox 150 4305 1295 4376; baseline 0.004 -18"><span class='ocrx_word' id='word_1_356' title='bbox 150 4305 289 4359; x_wconf 80' lang='lat' dir='ltr'><strong>voluerunt.</strong></span> <span class='ocrx_word' id='word_1_357' title='bbox 323 4309 355 4360; x_wconf 84' lang='lat' dir='ltr'><strong>Et</strong></span> <span class='ocrx_word' id='word_1_358' title='bbox 369 4305 411 4359; x_wconf 81' lang='lat' dir='ltr'><strong>alii</strong></span> <span class='ocrx_word' id='word_1_359' title='bbox 432 4323 462 4358; x_wconf 83' lang='lat' dir='ltr'><strong>ex</strong></span> <span class='ocrx_word' id='word_1_360' title='bbox 476 4307 535 4376; x_wconf 79' lang='lat' dir='ltr'><strong>ipsis</strong></span> <span class='ocrx_word' id='word_1_361' title='bbox 552 4307 639 4360; x_wconf 83' lang='lat' dir='ltr'><strong>effreni</strong></span> <span class='ocrx_word' id='word_1_362' title='bbox 653 4309 705 4360; x_wconf 89' lang='lat' dir='ltr'><strong>lin·</strong></span> <span class='ocrx_word' id='word_1_363' title='bbox 739 4312 812 4375; x_wconf 72' lang='lat' dir='ltr'><strong>diget.</strong></span> <span class='ocrx_word' id='word_1_364' title='bbox 826 4311 899 4374; x_wconf 78' lang='lat' dir='ltr'><strong>legera</strong></span> <span class='ocrx_word' id='word_1_365' title='bbox 920 4312 991 4372; x_wconf 81' lang='lat' dir='ltr'><strong>ploos</strong></span> <span class='ocrx_word' id='word_1_366' title='bbox 1004 4311 1062 4360; x_wconf 73' lang='lat' dir='ltr'><strong>mitt</strong></span> <span class='ocrx_word' id='word_1_367' title='bbox 1082 4311 1185 4362; x_wconf 78' lang='lat' dir='ltr'><strong>uidebor.</strong></span> <span class='ocrx_word' id='word_1_368' title='bbox 1221 4313 1295 4376; x_wconf 79' lang='lat' dir='ltr'><strong>Vrrlpo</strong></span> 
     </span>
    </p>

    <p class='ocr_par' dir='ltr' id='par_1_8' title="bbox 148 4371 1041 4445">
     <span class='ocr_line' id='line_1_40' title="bbox 148 4371 1041 4445; baseline 0.007 -19"><span class='ocrx_word' id='word_1_369' title='bbox 148 4393 198 4444; x_wconf 87' lang='lat' dir='ltr'><strong>gua</strong></span> <span class='ocrx_word' id='word_1_370' title='bbox 213 4374 330 4428; x_wconf 79' lang='lat' dir='ltr'><strong>deitatem</strong></span> <span class='ocrx_word' id='word_1_371' title='bbox 342 4375 419 4445; x_wconf 80' lang='lat' dir='ltr'><strong>ipsius</strong></span> <span class='ocrx_word' id='word_1_372' title='bbox 435 4385 591 4443; x_wconf 75' lang='lat' dir='ltr'><strong>avmsautea,</strong></span> <span class='ocrx_word' id='word_1_373' title='bbox 614 4394 704 4430; x_wconf 83' lang='lat' dir='ltr'><strong>nomeu</strong></span> <span class='ocrx_word' id='word_1_374' title='bbox 739 4383 803 4430; x_wconf 68' lang='lat' dir='ltr'><strong>cau</strong></span> <span class='ocrx_word' id='word_1_375' title='bbox 819 4371 886 4432; x_wconf 77' lang='grc' dir='ltr'><strong>ἆσιιλ</strong></span> <span class='ocrx_word' id='word_1_376' title='bbox 936 4373 1041 4445; x_wconf 69' lang='lat' dir='ltr'><strong>adrepen-</strong></span> 
     </span>
    </p>

    <p class='ocr_par' dir='ltr' id='par_1_9' title="bbox 149 4443 1293 4516">
     <span class='ocr_line' id='line_1_41' title="bbox 149 4443 1293 4516; baseline 0.007 -21"><span class='ocrx_word' id='word_1_377' title='bbox 149 4444 316 4514; x_wconf 84' lang='lat' dir='ltr'><strong>geucrutiouis</strong></span> <span class='ocrx_word' id='word_1_378' title='bbox 331 4463 361 4496; x_wconf 83' lang='lat' dir='ltr'><strong>ex</strong></span> <span class='ocrx_word' id='word_1_379' title='bbox 375 4443 487 4515; x_wconf 80' lang='lat' dir='ltr'><strong>superuis</strong></span> <span class='ocrx_word' id='word_1_380' title='bbox 501 4445 641 4513; x_wconf 82' lang='lat' dir='ltr'><strong>vituperare</strong></span> <span class='ocrx_word' id='word_1_381' title='bbox 655 4463 705 4498; x_wconf 87' lang='lat' dir='ltr'><strong>nou</strong></span> <span class='ocrx_word' id='word_1_382' title='bbox 773 4445 797 4499; x_wconf 85' lang='grc'><strong>3.</strong></span> <span class='ocrx_word' id='word_1_383' title='bbox 824 4445 897 4498; x_wconf 77' lang='lat' dir='ltr'><strong>Verbo</strong></span> <span class='ocrx_word' id='word_1_384' title='bbox 960 4463 988 4506; x_wconf 80' lang='grc' dir='ltr'><strong>ος</strong></span> <span class='ocrx_word' id='word_1_385' title='bbox 1008 4443 1052 4513; x_wconf 65' lang='grc' dir='ltr'><strong>μὲν</strong></span> <span class='ocrx_word' id='word_1_386' title='bbox 1067 4443 1110 4502; x_wconf 78' lang='lat' dir='ltr'><strong>tdt</strong></span> <span class='ocrx_word' id='word_1_387' title='bbox 1132 4445 1293 4516; x_wconf 75' lang='grc' dir='ltr'><strong>δημιουργδι,</strong></span> 
     </span>
    </p>

    <p class='ocr_par' dir='ltr' id='par_1_10' title="bbox 151 4516 1293 4652">
     <span class='ocr_line' id='line_1_42' title="bbox 151 4516 1293 4580; baseline 0.008 -18"><span class='ocrx_word' id='word_1_388' title='bbox 151 4517 296 4564; x_wconf 83' lang='lat' dir='ltr'><strong>verentur.“</strong></span> <span class='ocrx_word' id='word_1_389' title='bbox 739 4529 799 4578; x_wconf 80' lang='lat' dir='ltr'><strong>quoe</strong></span> <span class='ocrx_word' id='word_1_390' title='bbox 813 4517 897 4566; x_wconf 80' lang='lat' dir='ltr'><strong>obruat</strong></span> <span class='ocrx_word' id='word_1_391' title='bbox 912 4518 942 4566; x_wconf 89' lang='lat' dir='ltr'><strong>uh</strong></span> <span class='ocrx_word' id='word_1_392' title='bbox 957 4516 1010 4565; x_wconf 83' lang='lat' dir='ltr'><strong>edit.</strong></span> <span class='ocrx_word' id='word_1_393' title='bbox 1025 4518 1116 4580; x_wconf 78' lang='lat' dir='ltr'><strong>princ,</strong></span> <span class='ocrx_word' id='word_1_394' title='bbox 1132 4519 1244 4570; x_wconf 74' lang='lat' dir='ltr'><strong>Panum</strong></span> <span class='ocrx_word' id='word_1_395' title='bbox 1258 4531 1293 4569; x_wconf 81' lang='lat' dir='ltr'><strong>rt·</strong></span> 
     </span>
     <span class='ocr_line' id='line_1_43' title="bbox 185 4575 1059 4652; baseline 0.001 -19"><span class='ocrx_word' id='word_1_396' title='bbox 185 4581 208 4632; x_wconf 78' lang='lat'><strong>2.</strong></span> <span class='ocrx_word' id='word_1_397' title='bbox 227 4575 452 4652; x_wconf 73' lang='grc' dir='ltr'><strong>εὔσπλαγχιότιροι</strong></span> <span class='ocrx_word' id='word_1_398' title='bbox 477 4590 624 4636; x_wconf 74' lang='lat' dir='ltr'><strong>commorunt</strong></span> <span class='ocrx_word' id='word_1_399' title='bbox 650 4585 706 4635; x_wconf 83' lang='lat' dir='ltr'><strong>cor·</strong></span> <span class='ocrx_word' id='word_1_400' title='bbox 740 4587 811 4636; x_wconf 76' lang='lat' dir='ltr'><strong>aldull</strong></span> <span class='ocrx_word' id='word_1_401' title='bbox 827 4597 856 4636; x_wconf 82' lang='lat' dir='ltr'><strong>ta</strong></span> <span class='ocrx_word' id='word_1_402' title='bbox 871 4585 922 4636; x_wconf 84' lang='lat' dir='ltr'><strong>cod.</strong></span> <span class='ocrx_word' id='word_1_403' title='bbox 941 4585 1059 4636; x_wconf 76' lang='lat' dir='ltr'><strong>lathone.</strong></span> 
     </span>
    </p>

    <p class='ocr_par' dir='ltr' id='par_1_11' title="bbox 152 4651 706 4706">
     <span class='ocr_line' id='line_1_44' title="bbox 152 4651 706 4706; baseline 0.007 -6"><span class='ocrx_word' id='word_1_404' title='bbox 152 4651 408 4703; x_wconf 73' lang='lat' dir='ltr'><strong>mtmdl’etooiur.</strong></span> <span class='ocrx_word' id='word_1_405' title='bbox 441 4653 706 4706; x_wconf 61' lang='lat' dir='ltr'><strong>Ellldlhwdlihe·</strong></span> 
     </span>
    </p>
   </div>
   <div class='ocr_carea' id='block_1_6' title="bbox 0 34 1554 5002">
    <p class='ocr_par' dir='ltr' id='par_1_12' title="bbox 0 34 1554 5002">
     <span class='ocr_line' id='line_1_45' title="bbox 0 34 1554 5002; baseline 0 0"><span class='ocrx_word' id='word_1_406' title='bbox 0 34 1554 5002; x_wconf 95' lang='lat' dir='ltr'><strong> </strong></span> 
     </span>
    </p>
   </div>
  </div>
 </body>
</html>
