<?xml version="1.0" encoding="UTF-8"?>
<!DOCTYPE html PUBLIC "-//W3C//DTD XHTML 1.0 Transitional//EN"
    "http://www.w3.org/TR/xhtml1/DTD/xhtml1-transitional.dtd">
<html xmlns="http://www.w3.org/1999/xhtml" xml:lang="en" lang="en">
 <head>
  <title>
</title>
<meta http-equiv="Content-Type" content="text/html;charset=utf-8" />
  <meta name='ocr-system' content='tesseract 3.04.00' />
  <meta name='ocr-capabilities' content='ocr_page ocr_carea ocr_par ocr_line ocrx_word'/>
</head>
<body>
  <div class='ocr_page' id='page_1' title='image "./corporishaerese01oehlgoog_0391.png"; bbox 0 0 3100 4984; ppageno 0'>
   <div class='ocr_carea' id='block_1_1' title="bbox 297 307 1026 374">
    <p class='ocr_par' dir='ltr' id='par_1_1' title="bbox 297 307 1026 374">
     <span class='ocr_line' id='line_1_1' title="bbox 297 307 1026 374; baseline -0.007 -1"><span class='ocrx_word' id='word_1_1' title='bbox 297 307 358 374; x_wconf 73' lang='lat'><strong><em>8¹18</em></strong></span> <span class='ocrx_word' id='word_1_2' title='bbox 718 316 840 370; x_wconf 80' lang='grc' dir='ltr'><strong><em>εινοτι</em></strong></span> <span class='ocrx_word' id='word_1_3' title='bbox 857 315 1026 370; x_wconf 77' lang='grc' dir='ltr'><strong><em>τοιαιτειοιι</em></strong></span> 
     </span>
    </p>
   </div>
   <div class='ocr_carea' id='block_1_2' title="bbox 148 431 1547 4206">
    <p class='ocr_par' dir='ltr' id='par_1_2' title="bbox 148 431 1547 4206">
     <span class='ocr_line' id='line_1_2' title="bbox 299 431 1445 520; baseline -0.003 -18"><span class='ocrx_word' id='word_1_4' title='bbox 299 436 365 502; x_wconf 78' lang='grc' dir='ltr'><strong><em>7δτι</em></strong></span> <span class='ocrx_word' id='word_1_5' title='bbox 379 433 426 502; x_wconf 85' lang='grc' dir='ltr'><strong><em>ότι</em></strong></span> <span class='ocrx_word' id='word_1_6' title='bbox 440 434 476 500; x_wconf 88' lang='grc' dir='ltr'><strong><em>τά</em></strong></span> <span class='ocrx_word' id='word_1_7' title='bbox 493 432 700 520; x_wconf 69' lang='grc' dir='ltr'><strong><em>ἀπεγνωσμένα</em></strong></span> <span class='ocrx_word' id='word_1_8' title='bbox 715 435 791 516; x_wconf 78' lang='grc' dir='ltr'><strong><em>δθνη</em></strong></span> <span class='ocrx_word' id='word_1_9' title='bbox 809 432 1034 520; x_wconf 83' lang='grc' dir='ltr'><strong><em>σνγιτληρονόμα</em></strong></span> <span class='ocrx_word' id='word_1_10' title='bbox 1048 435 1098 500; x_wconf 85' lang='grc' dir='ltr'><strong><em>καλ</em></strong></span> <span class='ocrx_word' id='word_1_11' title='bbox 1114 431 1255 516; x_wconf 84' lang='grc' dir='ltr'><strong><em>σόσσωμα</em></strong></span> <span class='ocrx_word' id='word_1_12' title='bbox 1270 437 1322 500; x_wconf 81' lang='grc' dir='ltr'><strong><em>καί</em></strong></span> <span class='ocrx_word' id='word_1_13' title='bbox 1338 433 1445 517; x_wconf 86' lang='grc' dir='ltr'><strong><em>σνμμέ·</em></strong></span> 
     </span>
     <span class='ocr_line' id='line_1_3' title="bbox 296 533 1446 622; baseline -0.002 -18"><span class='ocrx_word' id='word_1_14' title='bbox 296 563 367 622; x_wconf 77' lang='grc' dir='ltr'><strong><em>τογα</em></strong></span> <span class='ocrx_word' id='word_1_15' title='bbox 379 544 440 604; x_wconf 83' lang='grc' dir='ltr'><strong><em>τοῖν</em></strong></span> <span class='ocrx_word' id='word_1_16' title='bbox 453 534 545 622; x_wconf 86' lang='grc' dir='ltr'><strong><em>ἀγίων</em></strong></span> <span class='ocrx_word' id='word_1_17' title='bbox 557 541 716 619; x_wconf 84' lang='grc' dir='ltr'><strong><em>πεποίηκεν</em></strong></span> <span class='ocrx_word' id='word_1_18' title='bbox 730 533 749 602; x_wconf 91' lang='grc' dir='ltr'><strong><em>ό</em></strong></span> <span class='ocrx_word' id='word_1_19' title='bbox 762 535 834 614; x_wconf 88' lang='grc' dir='ltr'><strong><em>θεός</em></strong></span> <span class='ocrx_word' id='word_1_20' title='bbox 846 534 888 618; x_wconf 81' lang='grc' dir='ltr'><strong><em>μῆ</em></strong></span> <span class='ocrx_word' id='word_1_21' title='bbox 901 543 1027 614; x_wconf 80' lang='grc' dir='ltr'><strong><em>σιωπᾶν,</em></strong></span> <span class='ocrx_word' id='word_1_22' title='bbox 1044 538 1094 602; x_wconf 81' lang='grc' dir='ltr'><strong><em>καί</em></strong></span> <span class='ocrx_word' id='word_1_23' title='bbox 1108 543 1174 612; x_wconf 83' lang='grc' dir='ltr'><strong><em>πιῖς</em></strong></span> <span class='ocrx_word' id='word_1_24' title='bbox 1184 535 1218 602; x_wconf 86' lang='grc' dir='ltr'><strong><em>τό</em></strong></span> <span class='ocrx_word' id='word_1_25' title='bbox 1232 535 1347 620; x_wconf 84' lang='grc' dir='ltr'><strong><em>θνητόν</em></strong></span> <span class='ocrx_word' id='word_1_26' title='bbox 1360 541 1446 602; x_wconf 75' lang='grc' dir='ltr'><strong><em>τοῦτο</em></strong></span> 
     </span>
     <span class='ocr_line' id='line_1_4' title="bbox 297 636 1540 726; baseline 0 -20"><span class='ocrx_word' id='word_1_27' title='bbox 297 644 418 726; x_wconf 90' lang='grc' dir='ltr'><strong><em>σαρκίον</em></strong></span> <span class='ocrx_word' id='word_1_28' title='bbox 434 641 584 706; x_wconf 84' lang='grc' dir='ltr'><strong><em>ένδόσεται</em></strong></span> <span class='ocrx_word' id='word_1_29' title='bbox 597 636 773 718; x_wconf 92' lang='grc' dir='ltr'><strong><em>ἀθανασίαν,</em></strong></span> <span class='ocrx_word' id='word_1_30' title='bbox 795 641 845 704; x_wconf 84' lang='grc' dir='ltr'><strong><em>καί</em></strong></span> <span class='ocrx_word' id='word_1_31' title='bbox 859 636 892 704; x_wconf 86' lang='grc' dir='ltr'><strong><em>τό</em></strong></span> <span class='ocrx_word' id='word_1_32' title='bbox 907 636 1046 724; x_wconf 89' lang='grc' dir='ltr'><strong><em>φθαρτόν</em></strong></span> <span class='ocrx_word' id='word_1_33' title='bbox 1060 636 1242 724; x_wconf 89' lang='grc' dir='ltr'><strong><em>ἀφθαρσίαν,</em></strong></span> <span class='ocrx_word' id='word_1_34' title='bbox 1260 640 1447 724; x_wconf 79' lang='grc' dir='ltr'><strong><em>διαγγέλλων,</em></strong></span> <span class='ocrx_word' id='word_1_35' title='bbox 1539 641 1540 706; x_wconf 66' lang='grc' dir='ltr'><strong><em>ί</em></strong></span> 
     </span>
     <span class='ocr_line' id='line_1_5' title="bbox 298 737 1447 827; baseline -0.003 -17"><span class='ocrx_word' id='word_1_36' title='bbox 298 747 362 819; x_wconf 77' lang='grc' dir='ltr'><strong><em>ποῖς</em></strong></span> <span class='ocrx_word' id='word_1_37' title='bbox 374 767 404 808; x_wconf 90' lang='grc' dir='ltr'><strong><em>τε</em></strong></span> <span class='ocrx_word' id='word_1_38' title='bbox 421 745 496 827; x_wconf 87' lang='grc' dir='ltr'><strong><em>έρεῖ,</em></strong></span> <span class='ocrx_word' id='word_1_39' title='bbox 524 738 557 806; x_wconf 89' lang='lat'><strong><em>‘0</em></strong></span> <span class='ocrx_word' id='word_1_40' title='bbox 575 738 612 808; x_wconf 86' lang='grc' dir='ltr'><strong><em>οό</em></strong></span> <span class='ocrx_word' id='word_1_41' title='bbox 626 739 697 818; x_wconf 88' lang='grc' dir='ltr'><strong><em>λαός</em></strong></span> <span class='ocrx_word' id='word_1_42' title='bbox 712 738 798 820; x_wconf 91' lang='grc' dir='ltr'><strong><em>λαός,</em></strong></span> <span class='ocrx_word' id='word_1_43' title='bbox 825 743 877 808; x_wconf 80' lang='grc' dir='ltr'><strong><em>καὶ</em></strong></span> <span class='ocrx_word' id='word_1_44' title='bbox 891 737 911 824; x_wconf 73' lang='grc' dir='ltr'><em>ἡ</em></span> <span class='ocrx_word' id='word_1_45' title='bbox 925 739 981 807; x_wconf 87' lang='grc' dir='ltr'><strong><em>οόκ</em></strong></span> <span class='ocrx_word' id='word_1_46' title='bbox 997 739 1169 826; x_wconf 71' lang='grc' dir='ltr'><strong><em>ἠγαπημένη</em></strong></span> <span class='ocrx_word' id='word_1_47' title='bbox 1182 738 1377 826; x_wconf 70' lang='grc' dir='ltr'><strong><em>ἠγαπημένη,</em></strong></span> <span class='ocrx_word' id='word_1_48' title='bbox 1398 741 1447 806; x_wconf 79' lang='grc' dir='ltr'><strong><em>καί</em></strong></span> 
     </span>
     <span class='ocr_line' id='line_1_6' title="bbox 296 835 1542 928; baseline 0 -18"><span class='ocrx_word' id='word_1_49' title='bbox 296 849 360 920; x_wconf 79' lang='grc' dir='ltr'><strong><em>παῖς</em></strong></span> <span class='ocrx_word' id='word_1_50' title='bbox 379 847 500 910; x_wconf 81' lang='grc' dir='ltr'><strong><em>πλείονα</em></strong></span> <span class='ocrx_word' id='word_1_51' title='bbox 520 851 574 927; x_wconf 87' lang='grc' dir='ltr'><strong><em>τῆς</em></strong></span> <span class='ocrx_word' id='word_1_52' title='bbox 595 841 707 927; x_wconf 73' lang='grc' dir='ltr'><strong><em>ἐρῆμον</em></strong></span> <span class='ocrx_word' id='word_1_53' title='bbox 732 842 767 908; x_wconf 89' lang='grc' dir='ltr'><strong><em>τά</em></strong></span> <span class='ocrx_word' id='word_1_54' title='bbox 788 845 874 909; x_wconf 90' lang='grc' dir='ltr'><strong><em>τέκνα</em></strong></span> <span class='ocrx_word' id='word_1_55' title='bbox 896 850 1004 925; x_wconf 79' lang='grc' dir='ltr'><strong><em>μᾶλλον</em></strong></span> <span class='ocrx_word' id='word_1_56' title='bbox 1022 841 1044 926; x_wconf 78' lang='grc' dir='ltr'><em>ἢ</em></span> <span class='ocrx_word' id='word_1_57' title='bbox 1061 851 1114 926; x_wconf 89' lang='grc' dir='ltr'><strong><em>τῆς</em></strong></span> <span class='ocrx_word' id='word_1_58' title='bbox 1130 841 1253 926; x_wconf 74' lang='grc' dir='ltr'><strong><em>έχοόσης</em></strong></span> <span class='ocrx_word' id='word_1_59' title='bbox 1269 841 1323 910; x_wconf 90' lang='grc' dir='ltr'><strong><em>τόν</em></strong></span> <span class='ocrx_word' id='word_1_60' title='bbox 1341 842 1448 928; x_wconf 84' lang='grc' dir='ltr'><strong><em>ἀνδρα,</em></strong></span> <span class='ocrx_word' id='word_1_61' title='bbox 1540 835 1542 884; x_wconf 60' lang='grc' dir='ltr'><strong><em>ί</em></strong></span> 
     </span>
     <span class='ocr_line' id='line_1_7' title="bbox 295 942 1542 1032; baseline 0 -20"><span class='ocrx_word' id='word_1_62' title='bbox 295 944 459 1032; x_wconf 85' lang='grc' dir='ltr'><strong><em>κηρόσσειν.</em></strong></span> <span class='ocrx_word' id='word_1_63' title='bbox 501 943 568 1012; x_wconf 72' lang='grc' dir='ltr'><strong><em>Ἐπί</em></strong></span> <span class='ocrx_word' id='word_1_64' title='bbox 583 943 696 1012; x_wconf 89' lang='grc' dir='ltr'><strong><em>τοότων</em></strong></span> <span class='ocrx_word' id='word_1_65' title='bbox 717 944 773 1031; x_wconf 88' lang='grc' dir='ltr'><strong><em>γάρ</em></strong></span> <span class='ocrx_word' id='word_1_66' title='bbox 795 948 847 1012; x_wconf 85' lang='grc' dir='ltr'><strong><em>καί</em></strong></span> <span class='ocrx_word' id='word_1_67' title='bbox 863 947 913 1012; x_wconf 86' lang='grc' dir='ltr'><strong><em>έπί</em></strong></span> <span class='ocrx_word' id='word_1_68' title='bbox 928 951 987 1012; x_wconf 82' lang='grc' dir='ltr'><strong><em>τοῖν</em></strong></span> <span class='ocrx_word' id='word_1_69' title='bbox 1004 942 1117 1028; x_wconf 89' lang='grc' dir='ltr'><strong><em>όμοίων</em></strong></span> <span class='ocrx_word' id='word_1_70' title='bbox 1135 943 1236 1022; x_wconf 84' lang='grc' dir='ltr'><strong><em>αάτοῖς</em></strong></span> <span class='ocrx_word' id='word_1_71' title='bbox 1252 944 1415 1029; x_wconf 77' lang='grc' dir='ltr'><strong><em>ἐπεβόησεν</em></strong></span> <span class='ocrx_word' id='word_1_72' title='bbox 1432 943 1448 1012; x_wconf 86' lang='grc' dir='ltr'><strong><em>ό</em></strong></span> <span class='ocrx_word' id='word_1_73' title='bbox 1541 951 1542 954; x_wconf 63' lang='grc'>’</span> 
     </span>
     <span class='ocr_line' id='line_1_8' title="bbox 296 1040 1447 1134; baseline -0.001 -19"><span class='ocrx_word' id='word_1_74' title='bbox 296 1047 476 1124; x_wconf 86' lang='grc' dir='ltr'><strong><em>ἀπόστολος·</em></strong></span> <span class='ocrx_word' id='word_1_75' title='bbox 492 1040 532 1112; x_wconf 79' lang='grc' dir='ltr'><em>Ὦ</em></span> <span class='ocrx_word' id='word_1_76' title='bbox 549 1046 648 1130; x_wconf 86' lang='grc' dir='ltr'><strong><em>βάθος</em></strong></span> <span class='ocrx_word' id='word_1_77' title='bbox 664 1046 794 1114; x_wconf 84' lang='grc' dir='ltr'><strong><em>πλοότον</em></strong></span> <span class='ocrx_word' id='word_1_78' title='bbox 809 1049 858 1114; x_wconf 82' lang='grc' dir='ltr'><strong><em>καί</em></strong></span> <span class='ocrx_word' id='word_1_79' title='bbox 874 1052 981 1128; x_wconf 83' lang='grc' dir='ltr'><strong><em>σοφίας</em></strong></span> <span class='ocrx_word' id='word_1_80' title='bbox 993 1049 1044 1114; x_wconf 87' lang='grc' dir='ltr'><strong><em>καὶ</em></strong></span> <span class='ocrx_word' id='word_1_81' title='bbox 1058 1047 1194 1134; x_wconf 79' lang='grc' dir='ltr'><strong><em>γνοίοετος</em></strong></span> <span class='ocrx_word' id='word_1_82' title='bbox 1206 1055 1293 1128; x_wconf 81' lang='grc' dir='ltr'><strong><em>θεοῦ,</em></strong></span> <span class='ocrx_word' id='word_1_83' title='bbox 1312 1045 1354 1125; x_wconf 83' lang='grc' dir='ltr'><strong><em>τός</em></strong></span> <span class='ocrx_word' id='word_1_84' title='bbox 1368 1046 1447 1125; x_wconf 75' lang='grc' dir='ltr'><strong><em>ἀνεξ-</em></strong></span> 
     </span>
     <span class='ocr_line' id='line_1_9' title="bbox 296 1147 1544 1236; baseline -0.001 -21"><span class='ocrx_word' id='word_1_85' title='bbox 296 1150 437 1236; x_wconf 85' lang='grc' dir='ltr'><strong><em>ερεόνητα</em></strong></span> <span class='ocrx_word' id='word_1_86' title='bbox 458 1148 493 1218; x_wconf 89' lang='grc' dir='ltr'><strong><em>τά</em></strong></span> <span class='ocrx_word' id='word_1_87' title='bbox 514 1155 640 1235; x_wconf 87' lang='grc' dir='ltr'><strong><em>κρίματα</em></strong></span> <span class='ocrx_word' id='word_1_88' title='bbox 661 1148 770 1229; x_wconf 82' lang='grc' dir='ltr'><strong><em>αότοῦ,</em></strong></span> <span class='ocrx_word' id='word_1_89' title='bbox 799 1151 851 1216; x_wconf 88' lang='grc' dir='ltr'><strong><em>καί</em></strong></span> <span class='ocrx_word' id='word_1_90' title='bbox 867 1147 1076 1234; x_wconf 78' lang='grc' dir='ltr'><strong><em>ἀνεξιχνίαστοι</em></strong></span> <span class='ocrx_word' id='word_1_91' title='bbox 1098 1155 1132 1216; x_wconf 84' lang='grc' dir='ltr'><strong><em>αδ</em></strong></span> <span class='ocrx_word' id='word_1_92' title='bbox 1149 1148 1217 1218; x_wconf 81' lang='grc' dir='ltr'><strong><em>όδοὶ</em></strong></span> <span class='ocrx_word' id='word_1_93' title='bbox 1238 1149 1345 1218; x_wconf 83' lang='grc' dir='ltr'><strong><em>αόοοῦ·</em></strong></span> <span class='ocrx_word' id='word_1_94' title='bbox 1377 1147 1448 1216; x_wconf 85' lang='grc' dir='ltr'><strong><em>ἀλλά</em></strong></span> <span class='ocrx_word' id='word_1_95' title='bbox 1542 1197 1544 1226; x_wconf 67' lang='lat' dir='ltr'><em>z</em></span> 
     </span>
     <span class='ocr_line' id='line_1_10' title="bbox 297 1249 1448 1343; baseline -0.002 -22"><span class='ocrx_word' id='word_1_96' title='bbox 297 1253 352 1321; x_wconf 84' lang='grc' dir='ltr'><strong><em>οόκ</em></strong></span> <span class='ocrx_word' id='word_1_97' title='bbox 365 1257 397 1320; x_wconf 87' lang='grc' dir='ltr'><strong><em>έν</em></strong></span> <span class='ocrx_word' id='word_1_98' title='bbox 410 1260 452 1343; x_wconf 80' lang='grc' dir='ltr'><strong><em>κρῖ</em></strong></span> <span class='ocrx_word' id='word_1_99' title='bbox 465 1249 539 1338; x_wconf 81' lang='grc' dir='ltr'><strong><em>όπέρ</em></strong></span> <span class='ocrx_word' id='word_1_100' title='bbox 552 1251 605 1318; x_wconf 88' lang='grc' dir='ltr'><strong><em>τόν</em></strong></span> <span class='ocrx_word' id='word_1_101' title='bbox 620 1257 737 1335; x_wconf 77' lang='grc' dir='ltr'><strong><em>κτίστην</em></strong></span> <span class='ocrx_word' id='word_1_102' title='bbox 751 1254 802 1318; x_wconf 87' lang='grc' dir='ltr'><strong><em>καλ</em></strong></span> <span class='ocrx_word' id='word_1_103' title='bbox 816 1250 998 1338; x_wconf 80' lang='grc' dir='ltr'><strong><em>δημιουργόν</em></strong></span> <span class='ocrx_word' id='word_1_104' title='bbox 1011 1254 1121 1338; x_wconf 86' lang='grc' dir='ltr'><strong><em>μητέρα</em></strong></span> <span class='ocrx_word' id='word_1_105' title='bbox 1134 1251 1247 1318; x_wconf 84' lang='grc' dir='ltr'><strong><em>τοόταν</em></strong></span> <span class='ocrx_word' id='word_1_106' title='bbox 1260 1255 1312 1320; x_wconf 86' lang='grc' dir='ltr'><strong><em>καῖ</em></strong></span> <span class='ocrx_word' id='word_1_107' title='bbox 1331 1250 1448 1319; x_wconf 70' lang='grc' dir='ltr'><strong><em>ῑἀὐτοῦ</em></strong></span> 
     </span>
     <span class='ocr_line' id='line_1_11' title="bbox 294 1353 1449 1440; baseline -0.002 -18"><span class='ocrx_word' id='word_1_108' title='bbox 294 1353 476 1439; x_wconf 79' lang='grc' dir='ltr'><strong><em>Ἐνθόμηοιν</em></strong></span> <span class='ocrx_word' id='word_1_109' title='bbox 491 1358 611 1431; x_wconf 78' lang='grc' dir='ltr'><strong><em>Αίδνος</em></strong></span> <span class='ocrx_word' id='word_1_110' title='bbox 626 1355 849 1437; x_wconf 71' lang='grc' dir='ltr'><strong><em>πεπλανημένον</em></strong></span> <span class='ocrx_word' id='word_1_111' title='bbox 862 1363 1067 1440; x_wconf 87' lang='grc' dir='ltr'><strong><em>παρεπινοεῖν,</em></strong></span> <span class='ocrx_word' id='word_1_112' title='bbox 1088 1357 1139 1420; x_wconf 83' lang='grc' dir='ltr'><strong><em>καί</em></strong></span> <span class='ocrx_word' id='word_1_113' title='bbox 1154 1358 1197 1433; x_wconf 84' lang='grc' dir='ltr'><strong><em>είς</em></strong></span> <span class='ocrx_word' id='word_1_114' title='bbox 1208 1361 1352 1422; x_wconf 79' lang='grc' dir='ltr'><strong><em>τοσοῦτον</em></strong></span> <span class='ocrx_word' id='word_1_115' title='bbox 1363 1355 1449 1439; x_wconf 77' lang='grc' dir='ltr'><strong><em>ἥκειν</em></strong></span> 
     </span>
     <span class='ocr_line' id='line_1_12' title="bbox 297 1454 1450 1542; baseline 0 -18"><span class='ocrx_word' id='word_1_116' title='bbox 297 1462 483 1542; x_wconf 71' lang='grc' dir='ltr'><strong><em>βλασφημίας</em></strong></span> <span class='ocrx_word' id='word_1_117' title='bbox 498 1455 567 1524; x_wconf 79' lang='grc' dir='ltr'><strong><em>οόδί</em></strong></span> <span class='ocrx_word' id='word_1_118' title='bbox 580 1455 614 1522; x_wconf 88' lang='grc' dir='ltr'><strong><em>τό</em></strong></span> <span class='ocrx_word' id='word_1_119' title='bbox 628 1454 703 1542; x_wconf 79' lang='grc' dir='ltr'><strong><em>όπλρ</em></strong></span> <span class='ocrx_word' id='word_1_120' title='bbox 719 1454 828 1539; x_wconf 79' lang='grc' dir='ltr'><strong><em>ταύτην</em></strong></span> <span class='ocrx_word' id='word_1_121' title='bbox 845 1455 934 1522; x_wconf 86' lang='grc' dir='ltr'><strong><em>πόλιν</em></strong></span> <span class='ocrx_word' id='word_1_122' title='bbox 950 1456 1106 1542; x_wconf 78' lang='grc' dir='ltr'><strong><em>Πλῆρωμα</em></strong></span> <span class='ocrx_word' id='word_1_123' title='bbox 1125 1456 1212 1524; x_wconf 63' lang='grc' dir='ltr'><strong><em>οτότε</em></strong></span> <span class='ocrx_word' id='word_1_124' title='bbox 1228 1458 1281 1540; x_wconf 74' lang='grc' dir='ltr'><strong><em>μέν</em></strong></span> <span class='ocrx_word' id='word_1_125' title='bbox 1295 1460 1364 1536; x_wconf 77' lang='grc' dir='ltr'><strong><em>δνα,</em></strong></span> <span class='ocrx_word' id='word_1_126' title='bbox 1396 1463 1450 1524; x_wconf 77' lang='grc' dir='ltr'><strong><em>νῦν</em></strong></span> 
     </span>
     <span class='ocr_line' id='line_1_13' title="bbox 297 1553 1545 1648; baseline -0.003 -20"><span class='ocrx_word' id='word_1_127' title='bbox 297 1562 330 1628; x_wconf 82' lang='grc' dir='ltr'><strong><em>δέ</em></strong></span> <span class='ocrx_word' id='word_1_128' title='bbox 346 1559 516 1645; x_wconf 77' lang='grc' dir='ltr'><strong><em>ἀνήριθμον</em></strong></span> <span class='ocrx_word' id='word_1_129' title='bbox 534 1565 628 1642; x_wconf 79' lang='grc' dir='ltr'><strong><em>φῦλον</em></strong></span> <span class='ocrx_word' id='word_1_130' title='bbox 645 1556 772 1625; x_wconf 83' lang='grc' dir='ltr'><strong><em>Αίιόνων</em></strong></span> <span class='ocrx_word' id='word_1_131' title='bbox 791 1557 1024 1641; x_wconf 84' lang='grc' dir='ltr'><strong><em>ίπιεμεόδεσθαι,</em></strong></span> <span class='ocrx_word' id='word_1_132' title='bbox 1054 1558 1158 1636; x_wconf 74' lang='grc' dir='ltr'><strong><em>καθοίς</em></strong></span> <span class='ocrx_word' id='word_1_133' title='bbox 1173 1561 1306 1645; x_wconf 78' lang='grc' dir='ltr'><strong><em>λέγουσιν</em></strong></span> <span class='ocrx_word' id='word_1_134' title='bbox 1319 1553 1407 1628; x_wconf 77' lang='grc' dir='ltr'><strong><em>οὗτοι</em></strong></span> <span class='ocrx_word' id='word_1_135' title='bbox 1421 1563 1453 1626; x_wconf 88' lang='grc' dir='ltr'><strong><em>οί</em></strong></span> <span class='ocrx_word' id='word_1_136' title='bbox 1544 1607 1545 1648; x_wconf 61' lang='lat'>1</span> 
     </span>
     <span class='ocr_line' id='line_1_14' title="bbox 221 1660 1450 1757; baseline -0.001 -28"><span class='ocrx_word' id='word_1_137' title='bbox 221 1751 224 1757; x_wconf 27' lang='grc' dir='ltr'>Ι</span> <span class='ocrx_word' id='word_1_138' title='bbox 297 1661 418 1747; x_wconf 81' lang='grc' dir='ltr'><strong><em>ἀληθεῖς</em></strong></span> <span class='ocrx_word' id='word_1_139' title='bbox 431 1665 535 1748; x_wconf 73' lang='grc' dir='ltr'><strong><em>ἔρημοι</em></strong></span> <span class='ocrx_word' id='word_1_140' title='bbox 551 1667 635 1738; x_wconf 87' lang='grc' dir='ltr'><strong><em>θείας</em></strong></span> <span class='ocrx_word' id='word_1_141' title='bbox 648 1664 790 1738; x_wconf 85' lang='grc' dir='ltr'><strong><em>συνέσεως</em></strong></span> <span class='ocrx_word' id='word_1_142' title='bbox 804 1660 983 1744; x_wconf 76' lang='grc' dir='ltr'><strong><em>διδάσκαλοι,</em></strong></span> <span class='ocrx_word' id='word_1_143' title='bbox 1006 1669 1059 1744; x_wconf 82' lang='grc' dir='ltr'><strong><em>τῆς</em></strong></span> <span class='ocrx_word' id='word_1_144' title='bbox 1073 1660 1164 1746; x_wconf 78' lang='grc' dir='ltr'><strong><em>οὔσης</em></strong></span> <span class='ocrx_word' id='word_1_145' title='bbox 1177 1664 1330 1745; x_wconf 77' lang='grc' dir='ltr'><strong><em>ἐκκλησίας</em></strong></span> <span class='ocrx_word' id='word_1_146' title='bbox 1347 1661 1450 1728; x_wconf 81' lang='grc' dir='ltr'><strong><em>ιοποί-</em></strong></span> 
     </span>
     <span class='ocr_line' id='line_1_15' title="bbox 298 1761 1450 1849; baseline -0.002 -15"><span class='ocrx_word' id='word_1_147' title='bbox 298 1789 352 1849; x_wconf 88' lang='grc' dir='ltr'><strong><em>σης</em></strong></span> <span class='ocrx_word' id='word_1_148' title='bbox 366 1769 438 1848; x_wconf 89' lang='grc' dir='ltr'><strong><em>μίαν</em></strong></span> <span class='ocrx_word' id='word_1_149' title='bbox 453 1766 505 1830; x_wconf 85' lang='grc' dir='ltr'><strong><em>καί</em></strong></span> <span class='ocrx_word' id='word_1_150' title='bbox 520 1762 574 1848; x_wconf 80' lang='grc' dir='ltr'><strong><em>τῆν</em></strong></span> <span class='ocrx_word' id='word_1_151' title='bbox 589 1761 682 1849; x_wconf 83' lang='grc' dir='ltr'><strong><em>αότῆν</em></strong></span> <span class='ocrx_word' id='word_1_152' title='bbox 698 1768 796 1830; x_wconf 88' lang='grc' dir='ltr'><strong><em>πίστιν</em></strong></span> <span class='ocrx_word' id='word_1_153' title='bbox 810 1762 934 1847; x_wconf 78' lang='grc' dir='ltr'><strong><em>έηοόσης</em></strong></span> <span class='ocrx_word' id='word_1_154' title='bbox 949 1767 992 1840; x_wconf 84' lang='grc' dir='ltr'><strong><em>είς</em></strong></span> <span class='ocrx_word' id='word_1_155' title='bbox 1006 1763 1102 1830; x_wconf 87' lang='grc' dir='ltr'><strong><em>πάντα</em></strong></span> <span class='ocrx_word' id='word_1_156' title='bbox 1118 1762 1169 1830; x_wconf 89' lang='grc' dir='ltr'><strong><em>τόν</em></strong></span> <span class='ocrx_word' id='word_1_157' title='bbox 1183 1763 1311 1848; x_wconf 86' lang='grc' dir='ltr'><strong><em>κόσμον,</em></strong></span> <span class='ocrx_word' id='word_1_158' title='bbox 1342 1765 1450 1844; x_wconf 72' lang='grc' dir='ltr'><strong><em>ποθείς</em></strong></span> 
     </span>
     <span class='ocr_line' id='line_1_16' title="bbox 299 1869 478 1955; baseline -0.011 -21"><span class='ocrx_word' id='word_1_159' title='bbox 299 1869 478 1955; x_wconf 90' lang='grc' dir='ltr'><strong><em>προέφαμεν.</em></strong></span> 
     </span>
     <span class='ocr_line' id='line_1_17' title="bbox 148 1967 1451 2058; baseline 0 -20"><span class='ocrx_word' id='word_1_160' title='bbox 148 1985 215 2052; x_wconf 75' lang='grc' dir='ltr'><strong><em>Κεφ.</em></strong></span> <span class='ocrx_word' id='word_1_161' title='bbox 235 1981 281 2038; x_wconf 64' lang='grc' dir='ltr'><strong><em>λδ.</em></strong></span> <span class='ocrx_word' id='word_1_162' title='bbox 372 1967 497 2053; x_wconf 77' lang='grc' dir='ltr'><strong><em>’Ίδωμεν</em></strong></span> <span class='ocrx_word' id='word_1_163' title='bbox 517 1977 572 2036; x_wconf 83' lang='grc' dir='ltr'><strong><em>νῦν</em></strong></span> <span class='ocrx_word' id='word_1_164' title='bbox 591 1971 643 2034; x_wconf 85' lang='grc' dir='ltr'><strong><em>καί</em></strong></span> <span class='ocrx_word' id='word_1_165' title='bbox 662 1969 715 2052; x_wconf 77' lang='grc' dir='ltr'><strong><em>τῆν</em></strong></span> <span class='ocrx_word' id='word_1_166' title='bbox 731 1967 844 2036; x_wconf 89' lang='grc' dir='ltr'><strong><em>τοότων</em></strong></span> <span class='ocrx_word' id='word_1_167' title='bbox 860 1967 986 2034; x_wconf 81' lang='grc' dir='ltr'><strong><em>ἀστατον</em></strong></span> <span class='ocrx_word' id='word_1_168' title='bbox 1002 1968 1122 2056; x_wconf 85' lang='grc' dir='ltr'><strong><em>γνόμην</em></strong></span> <span class='ocrx_word' id='word_1_169' title='bbox 1141 1968 1197 2038; x_wconf 85' lang='grc' dir='ltr'><strong><em>δόο</em></strong></span> <span class='ocrx_word' id='word_1_170' title='bbox 1214 1996 1274 2037; x_wconf 84' lang='grc' dir='ltr'><strong><em>που</em></strong></span> <span class='ocrx_word' id='word_1_171' title='bbox 1291 1973 1344 2038; x_wconf 81' lang='grc' dir='ltr'><strong><em>καὶ</em></strong></span> <span class='ocrx_word' id='word_1_172' title='bbox 1358 1979 1451 2058; x_wconf 85' lang='grc' dir='ltr'><strong><em>τριοῖν</em></strong></span> 
     </span>
     <span class='ocr_line' id='line_1_18' title="bbox 298 2067 1451 2160; baseline -0.002 -20"><span class='ocrx_word' id='word_1_173' title='bbox 298 2071 402 2152; x_wconf 89' lang='grc' dir='ltr'><strong><em>όντων,</em></strong></span> <span class='ocrx_word' id='word_1_174' title='bbox 423 2079 488 2150; x_wconf 81' lang='grc' dir='ltr'><strong><em>τεοῖς</em></strong></span> <span class='ocrx_word' id='word_1_175' title='bbox 501 2075 569 2160; x_wconf 78' lang='grc' dir='ltr'><strong><em>περὶ</em></strong></span> <span class='ocrx_word' id='word_1_176' title='bbox 585 2079 644 2138; x_wconf 78' lang='grc' dir='ltr'><strong><em>τῶν</em></strong></span> <span class='ocrx_word' id='word_1_177' title='bbox 657 2069 755 2138; x_wconf 79' lang='grc' dir='ltr'><strong><em>αότοῖν</em></strong></span> <span class='ocrx_word' id='word_1_178' title='bbox 772 2069 809 2138; x_wconf 87' lang='grc' dir='ltr'><strong><em>οό</em></strong></span> <span class='ocrx_word' id='word_1_179' title='bbox 823 2070 859 2136; x_wconf 85' lang='grc' dir='ltr'><strong><em>τά</em></strong></span> <span class='ocrx_word' id='word_1_180' title='bbox 873 2067 949 2137; x_wconf 89' lang='grc' dir='ltr'><strong><em>αότά</em></strong></span> <span class='ocrx_word' id='word_1_181' title='bbox 959 2073 1104 2157; x_wconf 85' lang='grc' dir='ltr'><strong><em>λέγουσιν,</em></strong></span> <span class='ocrx_word' id='word_1_182' title='bbox 1125 2069 1195 2139; x_wconf 88' lang='grc' dir='ltr'><strong><em>ἀλλά</em></strong></span> <span class='ocrx_word' id='word_1_183' title='bbox 1210 2081 1271 2149; x_wconf 91' lang='grc' dir='ltr'><strong><em>τοῖς</em></strong></span> <span class='ocrx_word' id='word_1_184' title='bbox 1292 2071 1451 2160; x_wconf 81' lang='grc' dir='ltr'><strong><em>Ιιτρόγγιαι-</em></strong></span> 
     </span>
     <span class='ocr_line' id='line_1_19' title="bbox 296 2171 1451 2261; baseline 0 -17"><span class='ocrx_word' id='word_1_185' title='bbox 296 2199 326 2244; x_wconf 88' lang='grc' dir='ltr'><strong><em>σι</em></strong></span> <span class='ocrx_word' id='word_1_186' title='bbox 347 2179 398 2244; x_wconf 82' lang='grc' dir='ltr'><strong><em>καί</em></strong></span> <span class='ocrx_word' id='word_1_187' title='bbox 418 2183 481 2251; x_wconf 87' lang='grc' dir='ltr'><strong><em>τοῖς</em></strong></span> <span class='ocrx_word' id='word_1_188' title='bbox 501 2171 645 2257; x_wconf 86' lang='grc' dir='ltr'><strong><em>όνόμασιν</em></strong></span> <span class='ocrx_word' id='word_1_189' title='bbox 662 2178 779 2242; x_wconf 86' lang='grc' dir='ltr'><strong><em>έναντία</em></strong></span> <span class='ocrx_word' id='word_1_190' title='bbox 796 2171 1019 2256; x_wconf 88' lang='grc' dir='ltr'><strong><em>ἀποφαίνονται.</em></strong></span> <span class='ocrx_word' id='word_1_191' title='bbox 1061 2172 1095 2239; x_wconf 86' lang='lat'><strong><em>‘0</em></strong></span> <span class='ocrx_word' id='word_1_192' title='bbox 1112 2176 1164 2259; x_wconf 81' lang='grc' dir='ltr'><strong><em>μέν</em></strong></span> <span class='ocrx_word' id='word_1_193' title='bbox 1178 2173 1234 2261; x_wconf 87' lang='grc' dir='ltr'><strong><em>γάρ</em></strong></span> <span class='ocrx_word' id='word_1_194' title='bbox 1249 2182 1369 2261; x_wconf 87' lang='grc' dir='ltr'><strong><em>πριῖτος</em></strong></span> <span class='ocrx_word' id='word_1_195' title='bbox 1387 2175 1451 2244; x_wconf 84' lang='grc' dir='ltr'><strong><em>ἀπό</em></strong></span> 
     </span>
     <span class='ocr_line' id='line_1_20' title="bbox 177 2274 1547 2364; baseline 0.002 -23"><span class='ocrx_word' id='word_1_196' title='bbox 177 2309 227 2353; x_wconf 73' lang='lat' dir='ltr'><strong><em>m.</em></strong></span> <span class='ocrx_word' id='word_1_197' title='bbox 239 2296 284 2341; x_wconf 76' lang='grc' dir='ltr'><strong><em>ωε</em></strong></span> <span class='ocrx_word' id='word_1_198' title='bbox 298 2286 349 2363; x_wconf 84' lang='grc' dir='ltr'><strong><em>τῆς</em></strong></span> <span class='ocrx_word' id='word_1_199' title='bbox 363 2279 518 2363; x_wconf 79' lang='grc' dir='ltr'><strong><em>λεγομένης</em></strong></span> <span class='ocrx_word' id='word_1_200' title='bbox 532 2283 701 2361; x_wconf 88' lang='grc' dir='ltr'><strong><em>Γνωστικῆς</em></strong></span> <span class='ocrx_word' id='word_1_201' title='bbox 714 2277 851 2364; x_wconf 78' lang='grc' dir='ltr'><strong><em>αἱρέσεως</em></strong></span> <span class='ocrx_word' id='word_1_202' title='bbox 865 2274 918 2352; x_wconf 89' lang='grc' dir='ltr'><strong><em>τάς</em></strong></span> <span class='ocrx_word' id='word_1_203' title='bbox 931 2274 1023 2361; x_wconf 82' lang='grc' dir='ltr'><strong><em>ἀργός</em></strong></span> <span class='ocrx_word' id='word_1_204' title='bbox 1036 2278 1078 2353; x_wconf 85' lang='grc' dir='ltr'><strong><em>είς</em></strong></span> <span class='ocrx_word' id='word_1_205' title='bbox 1090 2280 1169 2344; x_wconf 72' lang='grc' dir='ltr'><strong><em>ἴδιον</em></strong></span> <span class='ocrx_word' id='word_1_206' title='bbox 1180 2284 1350 2362; x_wconf 75' lang='grc' dir='ltr'><strong><em>χαρακτῆρα</em></strong></span> <span class='ocrx_word' id='word_1_207' title='bbox 1363 2282 1453 2346; x_wconf 89' lang='grc' dir='ltr'><strong><em>διδα-</em></strong></span> <span class='ocrx_word' id='word_1_208' title='bbox 1546 2331 1547 2338; x_wconf 60' lang='grc'><strong><em>.</em></strong></span> 
     </span>
     <span class='ocr_line' id='line_1_21' title="bbox 297 2377 1454 2466; baseline 0 -18"><span class='ocrx_word' id='word_1_209' title='bbox 297 2385 431 2448; x_wconf 88' lang='grc' dir='ltr'><strong><em>σκαλείοο</em></strong></span> <span class='ocrx_word' id='word_1_210' title='bbox 446 2377 635 2465; x_wconf 82' lang='grc' dir='ltr'><strong><em>μεθαρμόσας</em></strong></span> <span class='ocrx_word' id='word_1_211' title='bbox 652 2377 843 2456; x_wconf 86' lang='grc' dir='ltr'><strong><em>Οόαλεντῖνος</em></strong></span> <span class='ocrx_word' id='word_1_212' title='bbox 854 2377 950 2456; x_wconf 76' lang='grc' dir='ltr'><strong><em>οὕτως</em></strong></span> <span class='ocrx_word' id='word_1_213' title='bbox 965 2378 1172 2465; x_wconf 71' lang='grc' dir='ltr'><strong><em>2έξαφόρισεν,</em></strong></span> <span class='ocrx_word' id='word_1_214' title='bbox 1187 2377 1360 2466; x_wconf 75' lang='grc' dir='ltr'><strong><em>ὁρισάμενος</em></strong></span> <span class='ocrx_word' id='word_1_215' title='bbox 1373 2377 1454 2448; x_wconf 72' lang='grc' dir='ltr'><strong><em>εἶναι</em></strong></span> 
     </span>
     <span class='ocr_line' id='line_1_22' title="bbox 299 2475 1455 2569; baseline -0.001 -18"><span class='ocrx_word' id='word_1_216' title='bbox 299 2484 405 2551; x_wconf 86' lang='grc' dir='ltr'><strong><em>Δνάδα</em></strong></span> <span class='ocrx_word' id='word_1_217' title='bbox 420 2481 637 2566; x_wconf 89' lang='grc' dir='ltr'><strong><em>ἀνονόμαστον,</em></strong></span> <span class='ocrx_word' id='word_1_218' title='bbox 667 2475 705 2566; x_wconf 78' lang='grc' dir='ltr'><strong><em>ἧς</em></strong></span> <span class='ocrx_word' id='word_1_219' title='bbox 725 2480 757 2548; x_wconf 88' lang='grc' dir='ltr'><strong><em>τό</em></strong></span> <span class='ocrx_word' id='word_1_220' title='bbox 775 2483 829 2564; x_wconf 85' lang='grc' dir='ltr'><strong><em>μέν</em></strong></span> <span class='ocrx_word' id='word_1_221' title='bbox 845 2507 873 2546; x_wconf 87' lang='grc' dir='ltr'><strong><em>τι</em></strong></span> <span class='ocrx_word' id='word_1_222' title='bbox 889 2489 1043 2548; x_wconf 84' lang='grc' dir='ltr'><strong><em>καλεῖσθαι</em></strong></span> <span class='ocrx_word' id='word_1_223' title='bbox 1052 2480 1212 2568; x_wconf 73' lang='grc' dir='ltr'><strong><em>Ἆρρητον,</em></strong></span> <span class='ocrx_word' id='word_1_224' title='bbox 1244 2479 1277 2548; x_wconf 90' lang='grc' dir='ltr'><strong><em>τό</em></strong></span> <span class='ocrx_word' id='word_1_225' title='bbox 1294 2482 1327 2546; x_wconf 76' lang='grc' dir='ltr'><strong><em>δέ</em></strong></span> <span class='ocrx_word' id='word_1_226' title='bbox 1342 2483 1455 2569; x_wconf 77' lang='grc' dir='ltr'><strong><em>Σεγήν</em></strong></span> 
     </span>
     <span class='ocr_line' id='line_1_23' title="bbox 290 2576 1455 2670; baseline 0 -18"><span class='ocrx_word' id='word_1_227' title='bbox 290 2585 412 2652; x_wconf 82' lang='grc' dir='ltr'><strong><em>Ἔπειτα</em></strong></span> <span class='ocrx_word' id='word_1_228' title='bbox 424 2589 457 2653; x_wconf 82' lang='grc' dir='ltr'><strong><em>ἐκ</em></strong></span> <span class='ocrx_word' id='word_1_229' title='bbox 471 2584 578 2669; x_wconf 79' lang='grc' dir='ltr'><strong><em>ταύτης</em></strong></span> <span class='ocrx_word' id='word_1_230' title='bbox 592 2581 713 2661; x_wconf 83' lang='grc' dir='ltr'><strong><em>Λνάδος</em></strong></span> <span class='ocrx_word' id='word_1_231' title='bbox 725 2585 865 2669; x_wconf 85' lang='grc' dir='ltr'><strong><em>δευτέραν</em></strong></span> <span class='ocrx_word' id='word_1_232' title='bbox 878 2582 986 2648; x_wconf 86' lang='grc' dir='ltr'><strong><em>Δνάδα</em></strong></span> <span class='ocrx_word' id='word_1_233' title='bbox 1000 2588 1233 2670; x_wconf 78' lang='grc' dir='ltr'><strong><em>προβεβλῆσθαι,</em></strong></span> <span class='ocrx_word' id='word_1_234' title='bbox 1249 2576 1288 2666; x_wconf 76' lang='grc' dir='ltr'><strong><em>ἧς</em></strong></span> <span class='ocrx_word' id='word_1_235' title='bbox 1299 2582 1334 2650; x_wconf 90' lang='grc' dir='ltr'><strong><em>τό</em></strong></span> <span class='ocrx_word' id='word_1_236' title='bbox 1349 2587 1409 2666; x_wconf 81' lang='grc' dir='ltr'><strong><em>μέν</em></strong></span> <span class='ocrx_word' id='word_1_237' title='bbox 1426 2614 1455 2652; x_wconf 88' lang='grc' dir='ltr'><strong><em>τι</em></strong></span> 
     </span>
     <span class='ocr_line' id='line_1_24' title="bbox 304 2683 1456 2774; baseline -0.003 -20"><span class='ocrx_word' id='word_1_238' title='bbox 304 2689 425 2774; x_wconf 87' lang='grc' dir='ltr'><strong><em>Πατέρα</em></strong></span> <span class='ocrx_word' id='word_1_239' title='bbox 440 2685 592 2770; x_wconf 74' lang='grc' dir='ltr'><strong><em>όνομάζει,</em></strong></span> <span class='ocrx_word' id='word_1_240' title='bbox 614 2685 647 2754; x_wconf 86' lang='grc' dir='ltr'><strong><em>τό</em></strong></span> <span class='ocrx_word' id='word_1_241' title='bbox 664 2687 696 2752; x_wconf 87' lang='grc' dir='ltr'><strong><em>δέ</em></strong></span> <span class='ocrx_word' id='word_1_242' title='bbox 707 2685 871 2770; x_wconf 78' lang='grc' dir='ltr'><strong><em>Ἀλήθειαν.</em></strong></span> <span class='ocrx_word' id='word_1_243' title='bbox 913 2683 962 2752; x_wconf 78' lang='grc' dir='ltr'><strong><em>Ἐκ</em></strong></span> <span class='ocrx_word' id='word_1_244' title='bbox 978 2687 1009 2752; x_wconf 79' lang='grc' dir='ltr'><strong><em>δέ</em></strong></span> <span class='ocrx_word' id='word_1_245' title='bbox 1023 2693 1076 2770; x_wconf 83' lang='grc' dir='ltr'><strong><em>τῆς</em></strong></span> <span class='ocrx_word' id='word_1_246' title='bbox 1094 2685 1239 2772; x_wconf 82' lang='grc' dir='ltr'><strong><em>Τετράδος</em></strong></span> <span class='ocrx_word' id='word_1_247' title='bbox 1254 2685 1364 2769; x_wconf 80' lang='grc' dir='ltr'><strong><em>ταότιγς</em></strong></span> <span class='ocrx_word' id='word_1_248' title='bbox 1379 2715 1456 2774; x_wconf 75' lang='grc' dir='ltr'><strong><em>κιρ-</em></strong></span> 
     </span>
     <span class='ocr_line' id='line_1_25' title="bbox 299 2785 1457 2876; baseline 0.001 -20"><span class='ocrx_word' id='word_1_249' title='bbox 299 2799 501 2876; x_wconf 87' lang='grc' dir='ltr'><strong><em>ποφορεῖσθαι</em></strong></span> <span class='ocrx_word' id='word_1_250' title='bbox 519 2789 621 2876; x_wconf 80' lang='grc' dir='ltr'><strong><em>Λόγον</em></strong></span> <span class='ocrx_word' id='word_1_251' title='bbox 642 2791 693 2855; x_wconf 82' lang='grc' dir='ltr'><strong><em>καὶ</em></strong></span> <span class='ocrx_word' id='word_1_252' title='bbox 712 2787 816 2873; x_wconf 78' lang='grc' dir='ltr'><strong><em>Ζωήν,</em></strong></span> <span class='ocrx_word' id='word_1_253' title='bbox 836 2787 1022 2874; x_wconf 72' lang='grc' dir='ltr'><strong><em>’Ἄνθρωπον</em></strong></span> <span class='ocrx_word' id='word_1_254' title='bbox 1041 2791 1092 2854; x_wconf 89' lang='grc' dir='ltr'><strong><em>καί</em></strong></span> <span class='ocrx_word' id='word_1_255' title='bbox 1108 2787 1292 2870; x_wconf 80' lang='grc' dir='ltr'><strong><em>Ἐκκλησίαν·</em></strong></span> <span class='ocrx_word' id='word_1_256' title='bbox 1322 2785 1404 2856; x_wconf 70' lang='lat' dir='ltr'><strong><em>eleae</em></strong></span> <span class='ocrx_word' id='word_1_257' title='bbox 1426 2817 1457 2857; x_wconf 83' lang='lat' dir='ltr'><strong><em>ee</em></strong></span> 
     </span>
     <span class='ocr_line' id='line_1_26' title="bbox 300 2888 1457 2978; baseline -0.001 -19"><span class='ocrx_word' id='word_1_258' title='bbox 300 2891 409 2974; x_wconf 89' lang='grc' dir='ltr'><strong><em>ταότην</em></strong></span> <span class='ocrx_word' id='word_1_259' title='bbox 421 2889 568 2978; x_wconf 87' lang='grc' dir='ltr'><strong><em>Ὀγδοάδα</em></strong></span> <span class='ocrx_word' id='word_1_260' title='bbox 582 2890 710 2977; x_wconf 83' lang='grc' dir='ltr'><strong><em>πρότην.</em></strong></span> <span class='ocrx_word' id='word_1_261' title='bbox 740 2893 802 2956; x_wconf 79' lang='grc' dir='ltr'><strong><em>Καὶ</em></strong></span> <span class='ocrx_word' id='word_1_262' title='bbox 816 2888 876 2958; x_wconf 89' lang='grc' dir='ltr'><strong><em>ἀπό</em></strong></span> <span class='ocrx_word' id='word_1_263' title='bbox 892 2891 945 2974; x_wconf 77' lang='grc' dir='ltr'><strong><em>μέν</em></strong></span> <span class='ocrx_word' id='word_1_264' title='bbox 959 2897 1012 2956; x_wconf 80' lang='grc' dir='ltr'><strong><em>τοῦ</em></strong></span> <span class='ocrx_word' id='word_1_265' title='bbox 1025 2889 1130 2977; x_wconf 84' lang='grc' dir='ltr'><strong><em>Λόγον</em></strong></span> <span class='ocrx_word' id='word_1_266' title='bbox 1142 2893 1194 2958; x_wconf 81' lang='grc' dir='ltr'><strong><em>καί</em></strong></span> <span class='ocrx_word' id='word_1_267' title='bbox 1209 2896 1261 2973; x_wconf 84' lang='grc' dir='ltr'><strong><em>τῆς</em></strong></span> <span class='ocrx_word' id='word_1_268' title='bbox 1276 2897 1365 2972; x_wconf 85' lang='grc' dir='ltr'><strong><em>Ζαῆς</em></strong></span> <span class='ocrx_word' id='word_1_269' title='bbox 1378 2895 1457 2958; x_wconf 82' lang='grc' dir='ltr'><strong><em>δέκα</em></strong></span> 
     </span>
     <span class='ocr_line' id='line_1_27' title="bbox 301 2989 1456 3079; baseline 0.001 -19"><span class='ocrx_word' id='word_1_270' title='bbox 301 2993 440 3076; x_wconf 86' lang='grc' dir='ltr'><strong><em>δννάμεις</em></strong></span> <span class='ocrx_word' id='word_1_271' title='bbox 455 2995 529 3079; x_wconf 85' lang='grc' dir='ltr'><strong><em>λέγει</em></strong></span> <span class='ocrx_word' id='word_1_272' title='bbox 547 2997 786 3079; x_wconf 76' lang='grc' dir='ltr'><strong><em>προβεβλῆσθαι,</em></strong></span> <span class='ocrx_word' id='word_1_273' title='bbox 814 2991 919 3070; x_wconf 78' lang='grc' dir='ltr'><strong><em>καθοδς</em></strong></span> <span class='ocrx_word' id='word_1_274' title='bbox 933 2991 1165 3079; x_wconf 79' lang='grc' dir='ltr'><strong><em>προειρήκαμεν·</em></strong></span> <span class='ocrx_word' id='word_1_275' title='bbox 1194 2989 1254 3060; x_wconf 82' lang='grc' dir='ltr'><strong><em>ἀπό</em></strong></span> <span class='ocrx_word' id='word_1_276' title='bbox 1273 2993 1306 3059; x_wconf 85' lang='grc' dir='ltr'><strong><em>δδ</em></strong></span> <span class='ocrx_word' id='word_1_277' title='bbox 1319 2997 1375 3058; x_wconf 76' lang='grc' dir='ltr'><strong><em>τοῦ</em></strong></span> <span class='ocrx_word' id='word_1_278' title='bbox 1389 2993 1456 3061; x_wconf 82' lang='grc' dir='ltr'><strong><em>Ἀν-</em></strong></span> 
     </span>
     <span class='ocr_line' id='line_1_28' title="bbox 301 3087 1457 3184; baseline -0.004 -20"><span class='ocrx_word' id='word_1_279' title='bbox 301 3095 430 3183; x_wconf 86' lang='grc' dir='ltr'><strong><em>θροόπσν</em></strong></span> <span class='ocrx_word' id='word_1_280' title='bbox 450 3098 502 3164; x_wconf 88' lang='grc' dir='ltr'><strong><em>καί</em></strong></span> <span class='ocrx_word' id='word_1_281' title='bbox 523 3103 576 3179; x_wconf 84' lang='grc' dir='ltr'><strong><em>τῆς</em></strong></span> <span class='ocrx_word' id='word_1_282' title='bbox 589 3093 761 3179; x_wconf 81' lang='grc' dir='ltr'><strong><em>Ἐκκλησίας</em></strong></span> <span class='ocrx_word' id='word_1_283' title='bbox 775 3094 907 3174; x_wconf 83' lang='grc' dir='ltr'><strong><em>δόδεκα,</em></strong></span> <span class='ocrx_word' id='word_1_284' title='bbox 936 3087 977 3160; x_wconf 79' lang='grc' dir='ltr'><strong><em>όν</em></strong></span> <span class='ocrx_word' id='word_1_285' title='bbox 992 3099 1062 3177; x_wconf 90' lang='grc' dir='ltr'><strong><em>μίαν</em></strong></span> <span class='ocrx_word' id='word_1_286' title='bbox 1078 3093 1248 3162; x_wconf 71' lang='grc' dir='ltr'><strong><em>ἀποστᾶσαν</em></strong></span> <span class='ocrx_word' id='word_1_287' title='bbox 1261 3097 1314 3160; x_wconf 83' lang='grc' dir='ltr'><strong><em>καῖ</em></strong></span> <span class='ocrx_word' id='word_1_288' title='bbox 1329 3092 1457 3184; x_wconf 81' lang='grc' dir='ltr'><strong><em>όστερῆ-</em></strong></span> 
     </span>
     <span class='ocr_line' id='line_1_29' title="bbox 301 3193 1458 3283; baseline -0.003 -16"><span class='ocrx_word' id='word_1_289' title='bbox 301 3222 393 3268; x_wconf 85' lang='grc' dir='ltr'><strong><em>σασαν</em></strong></span> <span class='ocrx_word' id='word_1_290' title='bbox 414 3198 468 3283; x_wconf 79' lang='grc' dir='ltr'><strong><em>τῆν</em></strong></span> <span class='ocrx_word' id='word_1_291' title='bbox 488 3197 594 3281; x_wconf 79' lang='grc' dir='ltr'><strong><em>λοιπῆν</em></strong></span> <span class='ocrx_word' id='word_1_292' title='bbox 615 3201 814 3283; x_wconf 87' lang='grc' dir='ltr'><strong><em>πραγματείαν</em></strong></span> <span class='ocrx_word' id='word_1_293' title='bbox 834 3204 1024 3279; x_wconf 83' lang='grc' dir='ltr'><strong><em>πεποιῆσθαι.</em></strong></span> <span class='ocrx_word' id='word_1_294' title='bbox 1058 3196 1172 3282; x_wconf 82' lang='grc' dir='ltr'><strong><em>Ὅρους</em></strong></span> <span class='ocrx_word' id='word_1_295' title='bbox 1187 3221 1217 3264; x_wconf 90' lang='grc' dir='ltr'><strong><em>τε</em></strong></span> <span class='ocrx_word' id='word_1_296' title='bbox 1233 3195 1289 3262; x_wconf 91' lang='grc' dir='ltr'><strong><em>δόο</em></strong></span> <span class='ocrx_word' id='word_1_297' title='bbox 1307 3193 1458 3280; x_wconf 79' lang='grc' dir='ltr'><strong><em>ἀπέθετο,</em></strong></span> 
     </span>
     <span class='ocr_line' id='line_1_30' title="bbox 241 3298 1458 3402; baseline -0.001 -33"><span class='ocrx_word' id='word_1_298' title='bbox 241 3373 252 3402; x_wconf 35' lang='lat'>⁸</span> <span class='ocrx_word' id='word_1_299' title='bbox 300 3307 353 3370; x_wconf 71' lang='grc' dir='ltr'><strong><em>ἵνα</em></strong></span> <span class='ocrx_word' id='word_1_300' title='bbox 375 3305 428 3387; x_wconf 75' lang='grc' dir='ltr'><strong><em>μέν</em></strong></span> <span class='ocrx_word' id='word_1_301' title='bbox 449 3299 555 3384; x_wconf 76' lang='grc' dir='ltr'><strong><em>μεταξό</em></strong></span> <span class='ocrx_word' id='word_1_302' title='bbox 574 3307 629 3366; x_wconf 82' lang='grc' dir='ltr'><strong><em>τοῦ</em></strong></span> <span class='ocrx_word' id='word_1_303' title='bbox 649 3305 756 3368; x_wconf 84' lang='grc' dir='ltr'><strong><em>Βοθοῦ</em></strong></span> <span class='ocrx_word' id='word_1_304' title='bbox 773 3303 825 3366; x_wconf 81' lang='grc' dir='ltr'><strong><em>καλ</em></strong></span> <span class='ocrx_word' id='word_1_305' title='bbox 841 3306 895 3366; x_wconf 83' lang='grc' dir='ltr'><strong><em>τοῦ</em></strong></span> <span class='ocrx_word' id='word_1_306' title='bbox 911 3305 1017 3366; x_wconf 83' lang='grc' dir='ltr'><strong><em>λοιποῦ</em></strong></span> <span class='ocrx_word' id='word_1_307' title='bbox 1036 3298 1255 3385; x_wconf 81' lang='grc' dir='ltr'><strong><em>Πληροόματος,</em></strong></span> <span class='ocrx_word' id='word_1_308' title='bbox 1284 3301 1458 3385; x_wconf 71' lang='grc' dir='ltr'><strong><em>δωρίζοντα</em></strong></span> 
     </span>
     <span class='ocr_line' id='line_1_31' title="bbox 301 3398 1458 3492; baseline -0.003 -20"><span class='ocrx_word' id='word_1_309' title='bbox 301 3404 372 3482; x_wconf 86' lang='grc' dir='ltr'><strong><em>τοός</em></strong></span> <span class='ocrx_word' id='word_1_310' title='bbox 386 3403 525 3492; x_wconf 86' lang='grc' dir='ltr'><strong><em>γενητοός</em></strong></span> <span class='ocrx_word' id='word_1_311' title='bbox 538 3407 660 3479; x_wconf 78' lang='grc' dir='ltr'><strong><em>Λίοῖνας</em></strong></span> <span class='ocrx_word' id='word_1_312' title='bbox 674 3399 733 3468; x_wconf 88' lang='grc' dir='ltr'><strong><em>ἀπό</em></strong></span> <span class='ocrx_word' id='word_1_313' title='bbox 751 3408 805 3468; x_wconf 82' lang='grc' dir='ltr'><strong><em>τοῦ</em></strong></span> <span class='ocrx_word' id='word_1_314' title='bbox 821 3399 964 3488; x_wconf 78' lang='grc' dir='ltr'><strong><em>ἀγενήτοο</em></strong></span> <span class='ocrx_word' id='word_1_315' title='bbox 982 3399 1117 3487; x_wconf 84' lang='grc' dir='ltr'><strong><em>Πατρός,</em></strong></span> <span class='ocrx_word' id='word_1_316' title='bbox 1146 3404 1243 3485; x_wconf 80' lang='grc' dir='ltr'><strong><em>έτερον</em></strong></span> <span class='ocrx_word' id='word_1_317' title='bbox 1259 3400 1291 3466; x_wconf 87' lang='grc' dir='ltr'><strong><em>δί</em></strong></span> <span class='ocrx_word' id='word_1_318' title='bbox 1306 3398 1360 3466; x_wconf 87' lang='grc' dir='ltr'><strong><em>τόν</em></strong></span> <span class='ocrx_word' id='word_1_319' title='bbox 1375 3400 1458 3484; x_wconf 81' lang='grc' dir='ltr'><strong><em>ἀφο-</em></strong></span> 
     </span>
     <span class='ocr_line' id='line_1_32' title="bbox 302 3501 1461 3594; baseline -0.003 -19"><span class='ocrx_word' id='word_1_320' title='bbox 302 3513 417 3594; x_wconf 74' lang='grc' dir='ltr'><strong><em>ρίζοντα</em></strong></span> <span class='ocrx_word' id='word_1_321' title='bbox 436 3503 557 3572; x_wconf 67' lang='grc' dir='ltr'><strong><em>8αότοῖν</em></strong></span> <span class='ocrx_word' id='word_1_322' title='bbox 573 3505 627 3588; x_wconf 83' lang='grc' dir='ltr'><strong><em>τῆν</em></strong></span> <span class='ocrx_word' id='word_1_323' title='bbox 640 3507 768 3590; x_wconf 87' lang='grc' dir='ltr'><strong><em>Μητέρα</em></strong></span> <span class='ocrx_word' id='word_1_324' title='bbox 784 3501 843 3570; x_wconf 85' lang='grc' dir='ltr'><strong><em>ἀπό</em></strong></span> <span class='ocrx_word' id='word_1_325' title='bbox 857 3510 910 3570; x_wconf 82' lang='grc' dir='ltr'><strong><em>τοῦ</em></strong></span> <span class='ocrx_word' id='word_1_326' title='bbox 925 3502 1135 3590; x_wconf 87' lang='grc' dir='ltr'><strong><em>Πληριόματος.</em></strong></span> <span class='ocrx_word' id='word_1_327' title='bbox 1179 3505 1241 3569; x_wconf 84' lang='grc' dir='ltr'><strong><em>Καί</em></strong></span> <span class='ocrx_word' id='word_1_328' title='bbox 1254 3501 1306 3570; x_wconf 88' lang='grc' dir='ltr'><strong><em>τόν</em></strong></span> <span class='ocrx_word' id='word_1_329' title='bbox 1321 3505 1461 3588; x_wconf 79' lang='grc' dir='ltr'><strong><em>Χριστόν</em></strong></span> 
     </span>
     <span class='ocr_line' id='line_1_33' title="bbox 302 3602 1459 3696; baseline 0 -21"><span class='ocrx_word' id='word_1_330' title='bbox 302 3611 335 3676; x_wconf 81' lang='grc' dir='ltr'><strong><em>δέ</em></strong></span> <span class='ocrx_word' id='word_1_331' title='bbox 355 3607 412 3677; x_wconf 85' lang='grc' dir='ltr'><strong><em>οόκ</em></strong></span> <span class='ocrx_word' id='word_1_332' title='bbox 433 3606 493 3677; x_wconf 90' lang='grc' dir='ltr'><strong><em>ἀπό</em></strong></span> <span class='ocrx_word' id='word_1_333' title='bbox 513 3615 575 3674; x_wconf 76' lang='grc' dir='ltr'><strong><em>τῶν</em></strong></span> <span class='ocrx_word' id='word_1_334' title='bbox 591 3610 623 3676; x_wconf 81' lang='grc' dir='ltr'><strong><em>δν</em></strong></span> <span class='ocrx_word' id='word_1_335' title='bbox 637 3614 676 3696; x_wconf 82' lang='grc' dir='ltr'><strong><em>τρῖ</em></strong></span> <span class='ocrx_word' id='word_1_336' title='bbox 694 3603 876 3694; x_wconf 82' lang='grc' dir='ltr'><strong><em>Πληροόματι</em></strong></span> <span class='ocrx_word' id='word_1_337' title='bbox 890 3603 1018 3672; x_wconf 84' lang='grc' dir='ltr'><strong><em>Λίόνων</em></strong></span> <span class='ocrx_word' id='word_1_338' title='bbox 1034 3609 1271 3692; x_wconf 83' lang='grc' dir='ltr'><strong><em>προβεβλῆσθαι,</em></strong></span> <span class='ocrx_word' id='word_1_339' title='bbox 1300 3602 1373 3672; x_wconf 75' lang='grc' dir='ltr'><strong><em>όλλδ</em></strong></span> <span class='ocrx_word' id='word_1_340' title='bbox 1392 3604 1459 3676; x_wconf 78' lang='grc' dir='ltr'><strong><em>όιτό</em></strong></span> 
     </span>
     <span class='ocr_line' id='line_1_34' title="bbox 303 3704 1462 3796; baseline 0.001 -19"><span class='ocrx_word' id='word_1_341' title='bbox 303 3719 355 3795; x_wconf 91' lang='grc' dir='ltr'><strong><em>τῆς</em></strong></span> <span class='ocrx_word' id='word_1_342' title='bbox 371 3709 500 3796; x_wconf 88' lang='grc' dir='ltr'><strong><em>Μητρός</em></strong></span> <span class='ocrx_word' id='word_1_343' title='bbox 520 3712 575 3788; x_wconf 65' lang='lat' dir='ltr'><strong><em>een</em></strong></span> <span class='ocrx_word' id='word_1_344' title='bbox 596 3711 755 3796; x_wconf 84' lang='grc' dir='ltr'><strong><em>γενομένης</em></strong></span> <span class='ocrx_word' id='word_1_345' title='bbox 775 3707 850 3774; x_wconf 86' lang='grc' dir='ltr'><strong><em>κατά</em></strong></span> <span class='ocrx_word' id='word_1_346' title='bbox 872 3707 926 3790; x_wconf 83' lang='grc' dir='ltr'><strong><em>τῆν</em></strong></span> <span class='ocrx_word' id='word_1_347' title='bbox 941 3707 1061 3793; x_wconf 85' lang='grc' dir='ltr'><strong><em>γνόμην</em></strong></span> <span class='ocrx_word' id='word_1_348' title='bbox 1078 3716 1136 3776; x_wconf 85' lang='grc' dir='ltr'><strong><em>τοῖν</em></strong></span> <span class='ocrx_word' id='word_1_349' title='bbox 1153 3706 1325 3794; x_wconf 82' lang='grc' dir='ltr'><strong><em>κρειττόνων</em></strong></span> <span class='ocrx_word' id='word_1_350' title='bbox 1342 3704 1462 3778; x_wconf 81' lang='grc' dir='ltr'><strong><em>ἀποκε-</em></strong></span> 
     </span>
     <span class='ocr_line' id='line_1_35' title="bbox 303 3807 1461 3898; baseline 0.002 -20"><span class='ocrx_word' id='word_1_351' title='bbox 303 3818 433 3897; x_wconf 84' lang='grc' dir='ltr'><strong><em>κνῆσθαι</em></strong></span> <span class='ocrx_word' id='word_1_352' title='bbox 451 3811 523 3895; x_wconf 87' lang='grc' dir='ltr'><strong><em>μττά</em></strong></span> <span class='ocrx_word' id='word_1_353' title='bbox 543 3817 629 3890; x_wconf 80' lang='grc' dir='ltr'><strong><em>σκιᾶς</em></strong></span> <span class='ocrx_word' id='word_1_354' title='bbox 648 3837 736 3889; x_wconf 90' lang='grc' dir='ltr'><strong><em>τινος.</em></strong></span> <span class='ocrx_word' id='word_1_355' title='bbox 780 3812 840 3876; x_wconf 79' lang='grc' dir='ltr'><strong><em>Καὶ</em></strong></span> <span class='ocrx_word' id='word_1_356' title='bbox 858 3817 963 3884; x_wconf 84' lang='grc' dir='ltr'><strong><em>τοῦτον</em></strong></span> <span class='ocrx_word' id='word_1_357' title='bbox 981 3811 1049 3893; x_wconf 75' lang='grc' dir='ltr'><strong><em>μέν,</em></strong></span> <span class='ocrx_word' id='word_1_358' title='bbox 1078 3809 1128 3876; x_wconf 82' lang='grc' dir='ltr'><strong><em>δίτε</em></strong></span> <span class='ocrx_word' id='word_1_359' title='bbox 1146 3809 1255 3898; x_wconf 78' lang='grc' dir='ltr'><strong><em>ἀρρενα</em></strong></span> <span class='ocrx_word' id='word_1_360' title='bbox 1269 3807 1461 3898; x_wconf 75' lang='grc' dir='ltr'><strong><em>όπόρηοντα,</em></strong></span> 
     </span>
     <span class='ocr_line' id='line_1_36' title="bbox 303 3910 1463 4000; baseline -0.006 -16"><span class='ocrx_word' id='word_1_361' title='bbox 303 3914 501 3997; x_wconf 82' lang='grc' dir='ltr'><strong><em>ἀποκόψαντα</em></strong></span> <span class='ocrx_word' id='word_1_362' title='bbox 519 3912 572 3995; x_wconf 79' lang='grc' dir='ltr'><strong><em>ἀφ’</em></strong></span> <span class='ocrx_word' id='word_1_363' title='bbox 585 3917 691 3982; x_wconf 76' lang='grc' dir='ltr'><strong><em>ἑαυτοῦ</em></strong></span> <span class='ocrx_word' id='word_1_364' title='bbox 706 3912 760 3998; x_wconf 79' lang='grc' dir='ltr'><strong><em>τῆν</em></strong></span> <span class='ocrx_word' id='word_1_365' title='bbox 774 3912 877 3992; x_wconf 86' lang='grc' dir='ltr'><strong><em>σκιάν,</em></strong></span> <span class='ocrx_word' id='word_1_366' title='bbox 899 3910 1078 3997; x_wconf 81' lang='grc' dir='ltr'><strong><em>ἀναδραμεῖν</em></strong></span> <span class='ocrx_word' id='word_1_367' title='bbox 1098 3915 1140 3990; x_wconf 86' lang='grc' dir='ltr'><strong><em>είς</em></strong></span> <span class='ocrx_word' id='word_1_368' title='bbox 1156 3910 1188 3980; x_wconf 86' lang='grc' dir='ltr'><strong><em>τό</em></strong></span> <span class='ocrx_word' id='word_1_369' title='bbox 1208 3910 1377 3998; x_wconf 80' lang='grc' dir='ltr'><strong><em>Πλῆροιμα,</em></strong></span> <span class='ocrx_word' id='word_1_370' title='bbox 1402 3914 1463 4000; x_wconf 80' lang='grc' dir='ltr'><strong><em>τῆν</em></strong></span> 
     </span>
     <span class='ocr_line' id='line_1_37' title="bbox 304 4013 1462 4102; baseline 0.002 -18"><span class='ocrx_word' id='word_1_371' title='bbox 304 4019 337 4084; x_wconf 80' lang='grc' dir='ltr'><strong><em>δὲ</em></strong></span> <span class='ocrx_word' id='word_1_372' title='bbox 353 4018 479 4102; x_wconf 86' lang='grc' dir='ltr'><strong><em>Μητέρα</em></strong></span> <span class='ocrx_word' id='word_1_373' title='bbox 495 4013 728 4098; x_wconf 83' lang='grc' dir='ltr'><strong><em>ἀπολειφθεῖσαν</em></strong></span> <span class='ocrx_word' id='word_1_374' title='bbox 743 4013 815 4100; x_wconf 89' lang='grc' dir='ltr'><strong><em>μετά</em></strong></span> <span class='ocrx_word' id='word_1_375' title='bbox 832 4021 885 4098; x_wconf 86' lang='grc' dir='ltr'><strong><em>τῆς</em></strong></span> <span class='ocrx_word' id='word_1_376' title='bbox 903 4021 1003 4096; x_wconf 80' lang='grc' dir='ltr'><strong><em>σκιᾶς,</em></strong></span> <span class='ocrx_word' id='word_1_377' title='bbox 1033 4017 1234 4100; x_wconf 76' lang='grc' dir='ltr'><strong><em>κεκακωμένην</em></strong></span> <span class='ocrx_word' id='word_1_378' title='bbox 1248 4039 1278 4080; x_wconf 88' lang='grc' dir='ltr'><strong><em>τε</em></strong></span> <span class='ocrx_word' id='word_1_379' title='bbox 1293 4021 1347 4096; x_wconf 86' lang='grc' dir='ltr'><strong><em>τῆς</em></strong></span> <span class='ocrx_word' id='word_1_380' title='bbox 1365 4041 1462 4086; x_wconf 74' lang='lat' dir='ltr'><strong><em>revev-</em></strong></span> 
     </span>
     <span class='ocr_line' id='line_1_38' title="bbox 305 4114 1465 4206; baseline 0.001 -19"><span class='ocrx_word' id='word_1_381' title='bbox 305 4125 431 4206; x_wconf 84' lang='grc' dir='ltr'><strong><em>ματικῆς</em></strong></span> <span class='ocrx_word' id='word_1_382' title='bbox 449 4115 650 4198; x_wconf 87' lang='grc' dir='ltr'><strong><em>όποστάσεοις,</em></strong></span> <span class='ocrx_word' id='word_1_383' title='bbox 683 4121 782 4204; x_wconf 73' lang='grc' dir='ltr'><strong><em>ἕτερον</em></strong></span> <span class='ocrx_word' id='word_1_384' title='bbox 803 4114 870 4184; x_wconf 85' lang='grc' dir='ltr'><strong><em>οίόν</em></strong></span> <span class='ocrx_word' id='word_1_385' title='bbox 888 4120 1162 4204; x_wconf 61' lang='grc' dir='ltr'><strong><em>*προενέγκασθακ</em></strong></span> <span class='ocrx_word' id='word_1_386' title='bbox 1192 4119 1242 4183; x_wconf 86' lang='grc' dir='ltr'><strong><em>καλ</em></strong></span> <span class='ocrx_word' id='word_1_387' title='bbox 1259 4123 1364 4184; x_wconf 75' lang='grc' dir='ltr'><strong><em>τοῦτον</em></strong></span> <span class='ocrx_word' id='word_1_388' title='bbox 1380 4115 1465 4188; x_wconf 79' lang='grc' dir='ltr'><strong><em>εῖναι</em></strong></span> 
     </span>
    </p>
   </div>
   <div class='ocr_carea' id='block_1_3' title="bbox 305 4338 1467 4542">
    <p class='ocr_par' dir='ltr' id='par_1_3' title="bbox 305 4338 1467 4542">
     <span class='ocr_line' id='line_1_39' title="bbox 337 4338 1467 4412; baseline 0 -16"><span class='ocrx_word' id='word_1_389' title='bbox 337 4345 363 4398; x_wconf 86' lang='lat'><strong><em>7.</em></strong></span> <span class='ocrx_word' id='word_1_390' title='bbox 379 4343 417 4398; x_wconf 77' lang='grc' dir='ltr'><strong><em>δτι</em></strong></span> <span class='ocrx_word' id='word_1_391' title='bbox 431 4338 472 4399; x_wconf 82' lang='grc' dir='ltr'><strong><em>δτι</em></strong></span> <span class='ocrx_word' id='word_1_392' title='bbox 487 4346 580 4408; x_wconf 70' lang='lat' dir='ltr'><strong><em>repenti</em></strong></span> <span class='ocrx_word' id='word_1_393' title='bbox 596 4358 626 4394; x_wconf 82' lang='lat' dir='ltr'><strong><em>ee</em></strong></span> <span class='ocrx_word' id='word_1_394' title='bbox 639 4345 691 4394; x_wconf 83' lang='lat' dir='ltr'><strong><em>eod.</em></strong></span> <span class='ocrx_word' id='word_1_395' title='bbox 703 4347 793 4408; x_wconf 74' lang='grc' dir='ltr'><strong><em>λ’τπείο,</em></strong></span> <span class='ocrx_word' id='word_1_396' title='bbox 809 4357 863 4395; x_wconf 76' lang='lat' dir='ltr'><strong><em>mm</em></strong></span> <span class='ocrx_word' id='word_1_397' title='bbox 896 4359 942 4404; x_wconf 88' lang='grc' dir='ltr'><strong><em>εο,</em></strong></span> <span class='ocrx_word' id='word_1_398' title='bbox 964 4353 992 4394; x_wconf 83' lang='grc' dir='ltr'><strong><em>οε</em></strong></span> <span class='ocrx_word' id='word_1_399' title='bbox 1013 4361 1086 4412; x_wconf 69' lang='lat' dir='ltr'><strong><em>supet</em></strong></span> <span class='ocrx_word' id='word_1_400' title='bbox 1108 4353 1245 4396; x_wconf 80' lang='grc' dir='ltr'><strong><em>ατεεεοτωπ</em></strong></span> <span class='ocrx_word' id='word_1_401' title='bbox 1267 4351 1293 4394; x_wconf 82' lang='grc' dir='ltr'><strong><em>ετ</em></strong></span> <span class='ocrx_word' id='word_1_402' title='bbox 1315 4341 1467 4398; x_wconf 70' lang='grc' dir='ltr'><strong><em>θεία-ἰαττα-</em></strong></span> 
     </span>
     <span class='ocr_line' id='line_1_40' title="bbox 305 4405 1466 4480; baseline -0.002 -16"><span class='ocrx_word' id='word_1_403' title='bbox 305 4415 395 4478; x_wconf 83' lang='grc' dir='ltr'><strong><em>ονίροίί</em></strong></span> <span class='ocrx_word' id='word_1_404' title='bbox 411 4416 464 4464; x_wconf 72' lang='grc' dir='ltr'><strong><em>λιθτι·</em></strong></span> <span class='ocrx_word' id='word_1_405' title='bbox 480 4417 571 4464; x_wconf 81' lang='grc' dir='ltr'><strong><em>ίιοειιπί</em></strong></span> <span class='ocrx_word' id='word_1_406' title='bbox 590 4410 615 4464; x_wconf 86' lang='grc' dir='ltr'><strong><em>τί</em></strong></span> <span class='ocrx_word' id='word_1_407' title='bbox 630 4405 678 4468; x_wconf 80' lang='grc' dir='ltr'><strong><em>δτι.</em></strong></span> <span class='ocrx_word' id='word_1_408' title='bbox 896 4429 949 4464; x_wconf 82' lang='lat' dir='ltr'><strong><em>rem</em></strong></span> <span class='ocrx_word' id='word_1_409' title='bbox 963 4422 1068 4464; x_wconf 73' lang='lat' dir='ltr'><strong><em>matrem</em></strong></span> <span class='ocrx_word' id='word_1_410' title='bbox 1082 4412 1133 4464; x_wconf 80' lang='lat' dir='ltr'><strong><em>eine</em></strong></span> <span class='ocrx_word' id='word_1_411' title='bbox 1149 4422 1176 4464; x_wconf 85' lang='lat' dir='ltr'><strong><em>et</em></strong></span> <span class='ocrx_word' id='word_1_412' title='bbox 1188 4411 1296 4470; x_wconf 80' lang='lat' dir='ltr'>illorum.</span> <span class='ocrx_word' id='word_1_413' title='bbox 1314 4409 1466 4480; x_wconf 69' lang='lat' dir='ltr'><strong><em>Enthyme-</em></strong></span> 
     </span>
     <span class='ocr_line' id='line_1_41' title="bbox 340 4475 1346 4542; baseline -0.004 -10"><span class='ocrx_word' id='word_1_414' title='bbox 340 4485 365 4532; x_wconf 70' lang='grc' dir='ltr'><strong><em>θ.</em></strong></span> <span class='ocrx_word' id='word_1_415' title='bbox 382 4475 459 4534; x_wconf 83' lang='grc' dir='ltr'><strong><em>αότάν</em></strong></span> <span class='ocrx_word' id='word_1_416' title='bbox 483 4481 533 4532; x_wconf 84' lang='grc' dir='ltr'><strong><em>ιοιλ</em></strong></span> <span class='ocrx_word' id='word_1_417' title='bbox 552 4482 607 4531; x_wconf 75' lang='lat' dir='ltr'><strong><em>Vere.</em></strong></span> <span class='ocrx_word' id='word_1_418' title='bbox 642 4481 677 4542; x_wconf 73' lang='lat' dir='ltr'><strong><em>cs.</em></strong></span> <span class='ocrx_word' id='word_1_419' title='bbox 696 4480 808 4530; x_wconf 73' lang='lat' dir='ltr'><strong><em>arabeum</em></strong></span> <span class='ocrx_word' id='word_1_420' title='bbox 831 4481 865 4531; x_wconf 87' lang='grc' dir='ltr'><strong><em>οδ</em></strong></span> <span class='ocrx_word' id='word_1_421' title='bbox 897 4479 935 4532; x_wconf 84' lang='lat' dir='ltr'><strong><em>ein</em></strong></span> <span class='ocrx_word' id='word_1_422' title='bbox 954 4479 1045 4530; x_wconf 80' lang='grc' dir='ltr'><strong><em>Αεοοίι</em></strong></span> <span class='ocrx_word' id='word_1_423' title='bbox 1061 4479 1165 4531; x_wconf 80' lang='grc' dir='ltr'><strong><em>εττεοείε</em></strong></span> <span class='ocrx_word' id='word_1_424' title='bbox 1182 4477 1346 4530; x_wconf 63' lang='lat' dir='ltr'><strong><em>adinvenias.</em></strong></span> 
     </span>
    </p>
   </div>
   <div class='ocr_carea' id='block_1_4' title="bbox 310 4542 1470 4614">
    <p class='ocr_par' dir='ltr' id='par_1_4' title="bbox 310 4542 1470 4614">
     <span class='ocr_line' id='line_1_42' title="bbox 310 4542 1470 4614; baseline 0.006 -16"><span class='ocrx_word' id='word_1_425' title='bbox 310 4551 355 4599; x_wconf 70' lang='lat' dir='ltr'><strong><em>Vee</em></strong></span> <span class='ocrx_word' id='word_1_426' title='bbox 372 4550 534 4612; x_wconf 68' lang='lat' dir='ltr'><strong><em>interpretem,</em></strong></span> <span class='ocrx_word' id='word_1_427' title='bbox 558 4551 598 4612; x_wconf 81' lang='grc' dir='ltr'><strong><em>ηαῖ</em></strong></span> <span class='ocrx_word' id='word_1_428' title='bbox 615 4549 683 4600; x_wconf 74' lang='lat' dir='ltr'><strong><em>hebet</em></strong></span> <span class='ocrx_word' id='word_1_429' title='bbox 705 4545 754 4597; x_wconf 79' lang='grc' dir='ltr'><strong><em>θεδ</em></strong></span> <span class='ocrx_word' id='word_1_430' title='bbox 771 4563 821 4598; x_wconf 81' lang='lat' dir='ltr'><strong><em>uon</em></strong></span> <span class='ocrx_word' id='word_1_431' title='bbox 838 4545 863 4598; x_wconf 85' lang='grc' dir='ltr'><strong><em>ῖο</em></strong></span> <span class='ocrx_word' id='word_1_432' title='bbox 931 4544 956 4599; x_wconf 85' lang='grc'><strong><em>9.</em></strong></span> <span class='ocrx_word' id='word_1_433' title='bbox 973 4546 1031 4601; x_wconf 82' lang='grc' dir='ltr'><strong><em>τότε</em></strong></span> <span class='ocrx_word' id='word_1_434' title='bbox 1044 4545 1089 4614; x_wconf 72' lang='grc' dir='ltr'><strong><em>μέν</em></strong></span> <span class='ocrx_word' id='word_1_435' title='bbox 1104 4546 1147 4604; x_wconf 77' lang='grc' dir='ltr'><strong><em>δνα</em></strong></span> <span class='ocrx_word' id='word_1_436' title='bbox 1160 4550 1277 4602; x_wconf 56' lang='lat' dir='ltr'><strong><em>evaden-</em></strong></span> <span class='ocrx_word' id='word_1_437' title='bbox 1310 4542 1340 4600; x_wconf 86' lang='grc' dir='ltr'><strong><em>τδ</em></strong></span> <span class='ocrx_word' id='word_1_438' title='bbox 1356 4545 1406 4612; x_wconf 72' lang='grc' dir='ltr'><strong><em>μλν</em></strong></span> <span class='ocrx_word' id='word_1_439' title='bbox 1420 4548 1470 4605; x_wconf 69' lang='lat' dir='ltr'><strong><em>eu</em></strong></span> 
     </span>
    </p>
   </div>
   <div class='ocr_carea' id='block_1_5' title="bbox 0 0 1575 4984">
    <p class='ocr_par' dir='ltr' id='par_1_5' title="bbox 0 0 1575 4984">
     <span class='ocr_line' id='line_1_43' title="bbox 0 0 1575 4984; baseline 0 0"><span class='ocrx_word' id='word_1_440' title='bbox 0 0 1575 4984; x_wconf 95' lang='lat' dir='ltr'><strong><em> </em></strong></span> 
     </span>
    </p>
   </div>
  </div>
 </body>
</html>
