3110 4984
341 321 474 374 romanu
495 317 757 374 tenuitatem
772 319 866 372 mna.
884 319 965 372 roro.
979 321 998 371 r.
1198 307 1238 370 89

109 441 260 506 convenire
277 453 416 527 possunt,
439 439 592 515 iudicium,
616 438 749 522 inquom,
772 448 859 522 atque
878 439 987 502 samm?
1028 435 1141 502 Horum
1162 437 1240 502 eninr

108 546 225 609 atterum
244 565 366 608 neeesse
382 553 438 623 est,
462 543 509 606 vet
526 543 551 604 si
569 541 627 604 uita
644 543 681 604 sit
697 540 833 622 genitalis
852 539 1023 618 nenessitas,
1048 541 1155 604 nulium
1174 559 1240 605 esse

12 655 13 678 ¹
108 647 256 726 iudieium,
280 645 356 730 quud
380 644 426 727 qui
450 641 602 706 committit
619 642 741 726 aliquid,
766 663 823 704 noo
839 641 867 704 id
885 661 937 704 sna
954 652 1056 726 sponte
1079 643 1164 721 iaoit,
1187 643 1240 706 sed

109 751 227 813 datorum
247 748 277 812 ri
297 767 333 810 at
350 745 502 830 tyrannide
523 743 706 828 compotens,
729 744 777 806 vei
795 744 819 806 si
837 743 972 806 iudicium
993 754 1038 806 est
1057 744 1161 824 albuna,
1186 764 1240 808 oen

110 853 209 915 trustra
224 848 255 912 iu
273 845 544 912 comminationibus
562 843 650 908 obiiui
664 845 756 924 sodet,
780 854 867 928 etque
888 855 918 908 et
938 845 1018 927 leges
1038 845 1151 929 aliquae
1173 856 1242 911 sunt

12 931 13 970 ³
108 964 136 1018 et
147 949 297 1036 flagitiosis
313 948 475 1012 bominibus
489 947 632 1010 seeterum
648 966 760 1030 poenae
774 945 961 1024 constitutae,
982 945 1008 1008 ai
1025 947 1148 1032 denique
1163 947 1241 1012 iusta

109 1053 192 1117 adeo
206 1053 259 1116 lex
281 1051 386 1115 tradito
404 1058 435 1112 et
450 1049 527 1112 illius
548 1047 682 1112 iudininm
701 1048 779 1110 omni
796 1067 835 1110 ex
854 1057 936 1132 parte
952 1047 1068 1110 veritati
1087 1059 1241 1112 uonsonm·

110 1176 189 1218 neum
205 1163 264 1232 est,
288 1172 410 1216 neeesse
428 1161 490 1229 est,
514 1149 640 1234 iuquam,
663 1169 876 1234 supervenerunt
893 1169 960 1214 esse
977 1151 1065 1212 istum
1081 1150 1162 1230 iliud,
1187 1169 1241 1214 neo

110 1257 164 1320 ubo
181 1255 211 1318 iu
234 1255 300 1319 loro
323 1253 496 1318 consistere.

184 1355 304 1420 Etenim
325 1375 383 1418 non
408 1355 491 1417 aliam
515 1353 552 1416 ob
575 1371 708 1416 caussam
731 1351 787 1416 uisi
811 1351 886 1436 quod
903 1372 1025 1436 peneum
1042 1332 1135 1418 reboo
1151 1354 1189 1418 sit
1209 1352 1239 1417 in
1256 1363 1315 1432 erp.
1332 1365 1374 1416 tv.

109 1459 223 1524 arbitrio
241 1456 381 1538 uniusque
399 1454 541 1539 positum,
564 1454 620 1518 boo
639 1453 794 1518 discrimen
817 1455 1010 1518 intruduntum
1029 1465 1091 1534 est,
1115 1465 1148 1520 ut
1168 1456 1242 1519 atter

109 1562 298 1624 admissorum
318 1558 459 1620 steteram
485 1575 592 1641 poenas
613 1556 687 1635 luat,
711 1555 786 1618 aiter
808 1576 860 1639 pro
880 1565 959 1619 reete
982 1557 1065 1620 iaotis
1084 1557 1242 1640 praemium

109 1664 274 1746 laudemque
288 1669 495 1741 nonaequatur.
541 1653 626 1740 Quod
642 1657 756 1740 quidem
770 1656 855 1720 brevi
868 1657 1083 1742 iustissimoque
1097 1657 1243 1722 sententis

109 1762 255 1850 oomplseti
278 1779 448 1846 possumus,
472 1778 547 1842 quae
569 1759 604 1821 ab
622 1755 697 1822 isaia
721 1758 858 1843 propbeta
877 1779 918 1822 ex
937 1779 1062 1844 persona
1084 1759 1129 1824 dei
1149 1759 1243 1824 reris·

109 1865 175 1930 aime
188 1861 377 1949 pronuntiata
393 1860 516 1946 iegitur:
541 1863 577 1922 Sr'
589 1863 749 1934 uolumini,
772 1872 800 1922 et
814 1862 973 1922 obedr'err'tib
989 1864 1071 1936 mabr',
1096 1863 1167 1924 bono
1184 1873 1242 1924 ter-
1254 1887 1308 1934 tut
1321 1891 1347 1944 1,
1361 1887 1392 1932 tt

109 1969 326 2030 meamedetr's.
372 1967 410 2025 Si
421 1975 513 2024 nutem
528 1965 690 2037 neronior,
713 1984 801 2042 mare
816 1964 974 2024 obedabra'tis
993 1965 1077 2037 mr'dr'‚
1100 1965 1244 2026 monte

110 2070 289 2150 mgtudr'ru.
337 2071 375 2128 ds
386 2068 460 2128 norbo
474 2068 582 2126 domrirr'
595 2067 715 2126 Innatum
730 2075 773 2126 est
785 2069 849 2128 r'stu.
893 2061 944 2128 Ex
960 2083 1016 2148 qno
1035 2063 1186 2150 perspiuae
1208 2065 1243 2128 it-

109 2169 152 2232 iad
173 2189 208 2231 aa
231 2167 307 2230 nitro
331 2166 415 2230 ullam
441 2165 648 2230 dubitationem
672 2165 809 2245 affinitur,
833 2164 994 2228 libertatem
1017 2165 1124 2229 bomini
1149 2187 1164 2230 a
1187 2167 1243 2230 dea

108 2290 171 2334 esre
187 2289 373 2346 eoueeseam,
397 2289 461 2332 eum
477 2267 516 2330 ita
536 2287 588 2352 per
605 2286 673 2330 sese
689 2266 813 2330 dixerits
838 2271 1029 2330 Sa'uoluerr'tr's
1039 2280 1069 2328 et
1082 2271 1240 2340 nolueritis,

107 2373 176 2436 adeo
196 2382 230 2434 ut
246 2371 322 2434 bene
345 2389 452 2452 agere,
476 2369 524 2431 rel
545 2368 685 2432 maiorum
703 2368 886 2454 rapiditatem
904 2369 1077 2453 rennuere,
1100 2368 1177 2432 iliius
1195 2387 1243 2430 sr-

106 2473 189 2536 bitrio
207 2473 247 2535 sit
266 2471 412 2534 relietum.
456 2467 652 2552 Quamobrem
670 2489 757 2552 saepe
771 2471 839 2533 iliud
854 2491 888 2534 ae
905 2470 997 2544 varie,
1023 2491 1076 2534 neo
1094 2490 1149 2532 uno
1168 2489 1242 2534 roae

105 2572 337 2660 permeantium,
361 2593 396 2636 ae
411 2571 644 2654 frequentissime
662 2581 761 2635 contra
775 2570 949 2656 impostores
962 2572 1036 2636 istos
1054 2573 1240 2658 repetendum

102 2689 148 2742 est
164 2677 272 2740 dietum
288 2673 319 2737 in
336 2694 388 2738 eas
403 2673 558 2737 salvatoris
572 2672 659 2736 iilud:
684 2677 740 2734 Vna
750 2674 837 2747 orte,
861 2677 979 2736 Sarabos
990 2686 1020 2734 et
1030 2677 1179 2736 Pdurr'soer'
1189 2677 1240 2754 by·
1257 2655 1342 2764 {ff}

100 2784 245 2859 pocritae,
269 2780 398 2858 quonium
415 2778 568 2854 ratiborem
584 2795 654 2856 quoa
667 2779 803 2854 μυῶνα
816 2787 885 2836 sunt
896 2778 977 2855 legib,
1002 2779 1133 2838 iudr'oriem
1150 2789 1180 2838 et
1191 2781 1241 2838 mi·

102 2883 303 2951 morrono,
327 2887 356 2936 et
372 2880 513 2936 minoris
528 2879 657 2938 nostium
675 2888 703 2936 et
722 2879 858 2938 mentham
879 2888 910 2938 et
927 2889 1038 2954 rutum,
1061 2890 1092 2940 et
1104 2882 1243 2940 mundatis

104 2985 180 3063 quod
194 2982 303 3062 dosoris
325 2989 370 3038 est
384 2981 481 3038 oola‘crb
499 2989 529 3038 et
542 2981 719 3058 paropradri5
741 2982 817 3059 qnod
830 2984 907 3040 uirtus
922 2990 980 3054 ert,
1000 2983 1112 3060 plenum
1129 2992 1174 3042 ert
1192 2985 1243 3042 ἰηι-

103 3086 253 3155 tudinis,
278 3093 307 3141 et
313 3081 463 3162 soeda'tute.
497 3083 537 3140 Et
550 3081 710 3159 approbant
725 3083 827 3142 iustum
840 3101 899 3142 esse
913 3086 1011 3144 abr-me
1024 3087 1053 3146 air
1066 3105 1098 3144 eu
1113 3086 1188 3164 quod
1201 3093 1245 3142 est

102 3207 188 3265 super
207 3185 318 3255 alme,
343 3184 439 3242 torm
457 3191 547 3242 mmm
564 3186 593 3242 r'n
607 3183 697 3242 altori
715 3185 790 3260 ι’ρευ,
815 3184 1002 3248 turbamenta·
1018 3188 1094 3265 apud
1108 3206 1157 3245 uos
1176 3186 1245 3244 reli·¹

99 3291 189 3364 grone
202 3287 335 3348 sonatur.
380 3285 421 3344 Et
434 3287 463 3344 r'rr
479 3285 554 3344 coelo
567 3287 664 3344 riarme
678 3285 753 3344 rar'bil
765 3303 825 3344 esse
840 3287 943 3346 dr‘er'tda.
990 3289 1047 3363 Qui
1059 3297 1149 3346 nutem
1164 3289 1241 3344 ritro-

101 3391 179 3447 ren't
191 3391 222 3448 air
237 3408 287 3458 eo,
312 3389 363 3466 qui
376 3404 462 3464 supro
478 3388 621 3458 illudere,
634 3387 676 3446 dd
691 3405 757 3446 nero
775 3387 877 3446 iustum
896 3397 1033 3447 oensetm.
1078 3389 1178 3446 Nonne
1198 3387 1241 3444 ol·
1366 3373 1372 3386 ⁸

101 3501 169 3550 tm
184 3498 287 3568 portat
306 3489 337 3547 r'd
355 3489 430 3567 qood
450 3490 604 3567 impositum
625 3497 682 3560 est,
707 3489 856 3550 stenelum
873 3489 989 3549 wdone
1005 3491 1065 3547 eries
1084 3489 1194 3567 estqui
1211 3491 1240 3548 tir

99 3591 153 3650 dle
172 3592 296 3650 madet?
336 3591 379 3649 Et
392 3591 467 3669 quod
480 3591 588 3650 morib:
611 3591 649 3650 Sr'
661 3593 723 3668 qma
737 3591 845 3650 dr'otem't
852 3593 935 3669 putri
949 3592 1089 3661 emetri,
1114 3589 1406 3664 cardamomum:

98 3695 155 3752 boe
177 3701 222 3752 ert
238 3711 338 3751 tamtus
353 3693 427 3770 quod
443 3711 480 3750 en
493 3709 535 3750 me
551 3691 603 3750 tr'bt'
615 3693 758 3769 proderat,
783 3701 813 3751 et
829 3711 885 3752 non
902 3691 1050 3752 donornbr't
1065 3699 1190 3769 putrem,
1214 3702 1244 3752 et

99 3797 219 3852 &ntum
235 3793 344 3870 semitm
358 3795 515 3852 mundatum
533 3794 580 3852 dei
591 3811 643 3870 per
659 3795 833 3852 traditionem
846 3795 986 3852 serrorum
1004 3801 1167 3853 ammarum.
1202 3796 1244 3854 Εἰ

98 3897 235 3954 arcua'tr's
251 3912 328 3952 mare
346 3903 375 3952 st
395 3895 502 3954 umidum
524 3903 556 3952 nt
571 3893 687 3973 sonantis
703 3913 787 3954 amum
805 3895 995 3972 moselytrtm,
1018 3904 1048 3954 et
1066 3915 1127 3955 uum
1141 3895 1241 3974 suetas

95 3997 209 4074 suade,
231 3995 334 4076 sueini
350 3995 427 4054 rursm
443 3995 527 4074 duplo
547 4013 628 4074 qaum
647 4015 695 4054 uos
708 3996 801 4072 fitritm
818 4013 952 4072 gemnae.
998 3992 1075 4078 Quid
1096 3995 1184 4078 igitar
1204 3994 1239 4058 ad

97 4115 157 4158 eos
178 4093 310 4158 bamines
326 4093 501 4158 refellendos
516 4093 623 4158 divinis
645 4093 702 4158 iilis
719 4091 872 4157 sententiis
886 4093 971 4158 adiioi
988 4096 1107 4180 grauius
1127 4095 1241 4180 potest?

96 4192 206 4279 ltaque
222 4196 294 4259 satis
311 4215 378 4259 esse
398 4195 523 4258 arbitror
540 4195 692 4258 salvatoris
709 4213 811 4257 rocem
831 4196 1065 4262 severissimum
1085 4197 1154 4262 illud
1175 4216 1240 4258 ora-

96 4298 219 4376 enium,
244 4296 291 4360 eui
313 4317 350 4360 ue
372 4297 518 4361 minimam
541 4297 653 4382 quidem
675 4294 811 4360 reluctari
832 4307 1000 4384 potueruut.
1102 4384 1108 4402 Ι

127 4449 158 4501 2
178 4449 278 4502 λέλυται
300 4451 352 4501 uod.
371 4452 445 4500 Vena.
480 4447 593 4502 λέλεκται
616 4451 659 4500 bo·
692 4441 767 4514 ‘o'pateu
783 4447 888 4506 idiotae

92 4519 149 4568 tur
164 4521 252 4581 retient
263 4519 325 4570 tort.
358 4521 468 4570 Petuntur
480 4521 601 4582 proposuit
615 4517 658 4570 rori
