3112 4984
325 345 385 406 178
748 355 868 408 ὃλίίῦῪί
885 356 1050 410 matun

325 468 367 548 άς
382 471 432 537 διά
447 478 499 554 τῆς
513 469 651 554 τοιαάτης
664 473 801 556 ίργασίας
815 468 958 557 εὑρίσκειν
971 469 1047 556 πρός
1060 469 1137 538 θεόν
1151 471 1206 556 την
1221 479 1397 560 παρρησίαν.
1429 477 1474 541 Τά

325 575 448 659 στόματα
462 575 494 642 δὲ
505 571 607 638 αάτῦν
619 570 736 658 νάιιρωρ
750 598 781 640 τε
795 575 847 638 ταί
856 572 926 655 μεθ’
941 571 1054 660 ἡμέραν
1065 581 1221 658 τημελοῦστ
1232 576 1409 662 γυναικάρια
1420 581 1473 644 ναί

327 676 540 764 ἀνθρωπάρια,
571 673 773 761 μυριζόμενοι,
801 675 972 757 λουόμενοι,
1001 675 1225 760 θοιναζόμενοι,
1253 683 1366 755 τιοίαεις
1380 705 1410 744 τε
1422 683 1475 746 ταί

327 784 436 865 μίδαις
448 777 640 863 σχολάζοντες.
685 780 745 843 Καί
760 785 946 862 καταρῶνται
957 776 1011 844 τόν
1022 779 1213 862 νηστεύοντα,
1233 783 1367 867 λίγοντες
1380 778 1416 848 οά
1429 785 1477 846 δεῖ

327 882 487 967 νηστεύειν·
514 888 575 947 Τοῦ
592 878 648 966 γάρ
657 877 817 963 Ἀρχοντος
831 878 939 944 τοῦτον
953 887 1009 945 τοῦ
1024 880 1204 964 ποιήσοντας
1220 882 1273 950 τόν
1288 881 1382 950 αέῦνά
1399 883 1475 950 ἐστιν

326 983 348 1070 ἦ
361 991 493 1069 νηστεία,
514 983 605 1048 δεῖδὲ
617 983 780 1067 τρέφεσθαι
794 984 837 1058 είς
849 978 883 1048 τό
898 980 934 1048 τά
948 979 1071 1064 σοίμιαα
1086 980 1160 1049 είναι
1175 984 1294 1070 ἰσχυρά,
1316 988 1360 1062 είς
1375 983 1406 1051 τό
1421 984 1471 1050 δά-

325 1097 440 1154 νασθαι
457 1085 510 1151 τόν
531 1084 648 1170 ιιορπδν
668 1081 847 1150 ἀποδιδόναι
867 1081 943 1148 ιιατά
963 1083 1067 1171 καιρόν
1088 1083 1189 1152 αάτοῦ.

194 1299 261 1366 Κεφ.
280 1265 315 1357 τ’(
414 1297 553 1375 Χρῦνται
573 1289 605 1354 δὲ
625 1291 677 1354 καί
697 1295 808 1375 παλαιᾷ
828 1288 879 1352 ιιαί
898 1294 989 1377 καινῇ
1009 1287 1152 1378 διαθήκη.
1193 1287 1423 1376 Ἀπαγορεάουσι
1442 1291 1473 1354 δὲ

326 1392 378 1460 τόν
393 1391 555 1476 λαίήσαντα
575 1393 607 1456 ἐν
624 1398 661 1479 τῇ
678 1397 789 1478 παλαιᾷ
807 1387 949 1480 διαθήκη.
992 1393 1054 1455 Καὶ
1070 1389 1143 1457 ῦταν
1159 1393 1214 1474 μίν
1229 1396 1310 1476 δεῖμα
1327 1392 1430 1478 εῦρωσί
1445 1420 1472 1458 τι

326 1493 389 1563 κατ’
405 1491 502 1560 αῦτοῦν
517 1491 681 1575 δυνάμενον
697 1494 772 1575 ἐχειν
785 1489 837 1558 τόν
850 1498 939 1570 νοῦν,
969 1494 1061 1572 φασίν
1076 1491 1121 1559 ὅτι
1138 1501 1226 1560 τοῦτο
1243 1493 1304 1561 άπό
1321 1501 1375 1560 τοῦ
1387 1494 1471 1558 πνεῦ-

219 1637 261 1680 1³¹⁸
282 1625 312 1666 ει.
328 1622 419 1682 ματος
439 1599 494 1662 τοῦ
513 1600 659 1677 κωμικοῦ
676 1593 833 1676 λελάληται.
874 1591 945 1658 Ἐάν
966 1596 999 1659 δί
1018 1621 1063 1670 τις
1083 1598 1126 1671 είς
1144 1592 1285 1678 όμοίωσιν
1305 1604 1358 1677 τῆς
1378 1593 1473 1662 αάτοῦν

327 1701 490 1780 ἐπιθυμίας
507 1699 652 1778 δυνηθείη
670 1701 893 1778 σχηματίζεσθαι
907 1694 1009 1781 λόγος,
1038 1694 1093 1780 οῦχ
1107 1697 1149 1774 άίς
1166 1700 1225 1764 ἐστι
1240 1696 1273 1764 τό
1291 1702 1388 1783 ῥῆμα,
1415 1696 1473 1764 ἄλλ’

329 1799 370 1879 οίς
391 1803 448 1884 ἔχει
469 1796 486 1865 ό
508 1795 604 1862 αῦτοῖν
621 1803 694 1871 νοῦς
709 1794 728 1862 ό
741 1794 941 1880 ἦπατημένος,
970 1805 1075 1864 τοῦτον
1092 1799 1353 1881 μετασκευάζοντες
1369 1803 1408 1876 είς
1422 1799 1473 1882 τὴν

328 1905 441 1969 ἕοντῦν
459 1903 622 1982 ἐπιθυμίαν
639 1897 806 1980 φάσκουσιν
827 1902 860 1966 ἐκ
881 1906 935 1965 τοῦ
953 1897 1119 1981 πνεύματος
1137 1908 1190 1984 τῆς
1208 1897 1349 1984 άληθείας
1365 1909 1471 1983 λελολή-

220 2046 222 2054 s
329 2014 410 2072 σθαι.
455 2004 532 2082 Καί,
559 1999 653 2068 Τοῦτό
674 2004 748 2080 ἐστι,
769 2003 877 2082 φασίν,
899 1999 1014 2068 δείπεν
1029 1998 1048 2070 ό
1062 2001 1166 2087 πόριος
1180 2005 1249 2088 περί
1263 2001 1416 2083 Ἰωάννου,
1442 2011 1475 2068 Τι’

329 2105 465 2190 ἐξήλθετε
485 2106 527 2180 είς
546 2100 600 2186 τήν
621 2105 731 2190 ίρημον
751 2101 937 2180 ῦτάσασδαις
967 2101 1100 2186 κάλαμον
1121 2101 1181 2172 ῦαδ
1197 2103 1310 2188 άνέμσυ
1325 2104 1477 2188 σαλευόμε-

328 2231 397 2286 νενς
425 2206 472 2273 ῦτι
487 2203 543 2270 οῦιι
560 2197 614 2288 ἦν,
643 2206 734 2284 φασί,
762 2206 870 2280 τέλειος
885 2202 904 2272 ό
919 2201 1069 2288 Ἰωάννης·
1099 2208 1247 2274 ἐνεπνίιτο
1264 2206 1319 2293 γάρ
1334 2204 1394 2274 ῦπό
1409 2216 1477 2273 ποί.-

328 2317 388 2376 λῦν
405 2307 581 2390 πνευμάτων
596 2305 671 2373 ιιατά
689 2305 822 2389 ιιόλαμον
839 2304 891 2373 τόν
908 2309 957 2372 ίπί
974 2305 1087 2395 ἕτάστφ
1102 2305 1201 2396 άνίμμ
1217 2308 1406 2392 εινοῦμενον,
1426 2313 1478 2374 aaz

329 2411 378 2480 ὅτε
394 2411 447 2495 μέν
461 2407 564 2493 ἤρχετο
582 2407 615 2475 τό
635 2413 750 2492 πνεῦμα
767 2416 822 2474 τοῦ
829 2407 1003 2494 Ἄρροντος,
1030 2406 1214 2492 Ἰονδαϊσμδν
1232 2411 1402 2497 ἐκήρυττεν,
1429 2411 1480 2477 ῦτε

330 2516 363 2580 δέ
375 2511 411 2580 τό
430 2519 554 2594 Πνεῦμα
570 2507 604 2576 τό
620 2509 723 2596 ῦμιον,
740 2513 809 2595 περὶ
828 2516 960 2596 Χριστοῦ
973 2508 1079 2578 ἐλάλει·
1107 2513 1160 2578 ναί
1176 2511 1264 2580 τοῦτό
1279 2514 1339 2579 ἐστι
1345 2563 1356 2592 ,
1376 2516 1481 2594 φασίν,

213 2615 217 2622 ’
330 2614 392 2694 ῦτι,
417 2609 452 2678 ‘O
469 2610 640 2698 μικρότερος
658 2615 690 2678 ίν
705 2618 742 2702 τῇ
758 2615 889 2700 βασιλείᾳ
906 2620 966 2679 νῦν
983 2611 1132 2699 ου’ρανῦν,
1161 2615 1230 2700 περὶ
1246 2611 1347 2698 ἡμᾶν,
1376 2617 1480 2697 φασὶν,

330 2713 425 2797 εἶπεν,
446 2713 493 2781 δτι
514 2711 532 2779 ό
553 2715 586 2779 ἐν
605 2711 678 2797 ἡμῖν
698 2713 868 2801 μικρότερος
888 2720 993 2797 μείζων
1013 2713 1107 2782 τιν’τοῦ
1127 2712 1260 2800 άπάρητι.

198 3025 264 3093 Κεφ.
284 3020 313 3086 ί·
418 3021 479 3084 Καί
502 3015 598 3094 εῦδδς
618 3021 850 3100 ἐπιστομίζονται
873 3023 905 3086 οί
923 3024 1052 3088 τοιοῦτοι
1073 3018 1123 3086 άτι’
1144 3019 1236 3104 αῦτῆς
1256 3027 1309 3104 τῆς
1328 3019 1485 3104 άληθείας.

328 3120 381 3189 Ἐιι
396 3121 451 3209 γάρ
467 3129 526 3188 τοῖν
540 3122 774 3206 συνεζευγμένων
788 3120 894 3210 ἑκάστη
909 3123 981 3200 λέξει
998 3119 1173 3204 άναφανδόν
1190 3119 1210 3207 ἦ
1225 3120 1348 3206 άληῦεια
1362 3126 1487 3209 δειχθή-

331 3247 428 3306 σεται,
457 3226 509 3290 ιιαί
532 3221 564 3289 τό
589 3225 726 3309 ἐχέγγυον
748 3230 801 3306 τῆς
822 3222 959 3309 φράσεως
980 3221 1207 3307 άποδοδὴσιται.
1249 3230 1294 3290 Et
1312 3227 1366 3309 μὲν
1386 3224 1489 3313 μδρό

330 3326 468 3410 Ἰωάννης
486 3324 601 3409 μαλακά
618 3323 773 3408 ἠμφίεστο,
795 3327 845 3391 καί
865 3329 898 3390 ἐν
911 3329 1007 3401 οίιιοις
1022 3327 1166 3408 βασιλίων
1181 3324 1326 3412 άπῆρχιν,
1347 3322 1429 3413 δρθή
1448 3327 1490 3394 άν

332 3430 409 3516 πρός
425 3427 516 3495 αάτδυ
536 3426 647 3511 ηλίξις
666 3429 718 3493 καί
735 3425 840 3494 εῦδεῖα
861 3425 937 3513 πρός
951 3429 1065 3513 δίιηχον
1084 3435 1139 3494 τοῦ
1155 3425 1246 3495 αῦτοῦ
1260 3427 1399 3513 ῦπιῑρχεν.
1445 3435 1493 3496 Et

333 3533 381 3609 δί,
416 3536 450 3597 Τί
466 3529 600 3614 ἐξήλθετε
622 3532 708 3608 ίδιῑνς
737 3526 903 3615 ῦνθρωπον
919 3531 950 3596 ίν
966 3537 1108 3611 μαλακοῖς
1124 3533 1251 3613 ἱματίοις
1266 3529 1492 3614 ἠμφιεσμένους

331 3634 384 3696 ιιαί
405 3631 459 3716 οῦχ
473 3631 568 3709 οῦεως
587 3628 676 3715 είηεν,
697 3629 796 3698 οῦιιέτι
812 3627 845 3696 τό
863 3632 993 3716 ἐγνλημα
1009 3633 1058 3698 ίττί
1074 3630 1127 3698 τόν
1142 3629 1181 3698 οῦ
1198 3631 1314 3714 μαλαιιά
1331 3641 1494 3716 φοροῦντα

331 3729 469 3814 Ἰωάννην
491 3732 656 3820 τοῦλόγου
681 3733 864 3810 ἐπανιτέον,
896 3729 968 3800 άλλά
990 3735 1040 3800 ἐπί
1063 3731 1133 3809 τοῦς
1155 3734 1250 3810 οῦτως
1274 3731 1411 3820 εάρήσειν
1435 3735 1495 3802 τόν

331 3829 470 3915 Ἰωάννην
485 3840 677 3918 νομίσαντας,
708 3836 759 3900 ναί
772 3831 832 3900 ῦπό
849 3841 908 3900 τῶν
922 3837 1009 3901 ἔνδον
1026 3837 1058 3901 ἐν
1074 3839 1171 3910 οίιιοις
1187 3838 1330 3918 βασιλέων
1344 3836 1499 3914 πολλάκις

334 3933 409 4000 ιιατδ
424 3931 582 4020 ῦπόιιρισιν
595 3937 853 4019 κολακευομένοις.
894 3932 1044 4018 Ἐνόμιζον
1062 3934 1117 4024 γάρ
1132 3929 1219 4004 οῦτοι
1234 3937 1421 4024 ἐξερχόμενοι
1437 3943 1501 4005 ναί

333 4032 416 4122 παρά
427 4032 564 4103 Ἰωάννου
578 4041 717 4115 ἐπαίνους
727 4035 881 4123 εῦρίσιιειν,
902 4039 953 4102 καί
966 4037 1169 4124 μοιταρισμοῦς
1181 4041 1231 4106 ἐπί
1242 4049 1306 4116 τοῖς
1318 4037 1371 4106 ῦπ’
1385 4038 1502 4108 αῦτοῖν

333 4136 406 4206 παῦ’
427 4135 552 4220 ίτάστηυ
572 4136 684 4224 ἦμίραν
705 4141 868 4225 γινομένοις
888 4137 1130 4224 παραπτάμασιν.
1179 4139 1231 4218 Ὡς
1250 4142 1283 4208 δὲ
1303 4139 1357 4226 οῦχ
1379 4135 1504 4227 ηῦραα,

331 4240 552 4327 άνατρειιτιιιῦς
572 4240 654 4326 παρά
674 4249 730 4308 τοῦ
745 4248 878 4327 σατῆρος
894 4239 971 4327 πρός
987 4240 1096 4320 αῦτοῦς
1110 4247 1223 4328 είρηται
1238 4243 1299 4324 δτι,
1337 4250 1373 4310 Τί
1390 4247 1505 4327 ἐνομί-

330 4349 392 4436 Ιἵετε
408 4339 576 4430 εῦρίσκιινς,
595 4340 884 4430 συμπεριφερόμενον
907 4351 971 4420 τοῖς
987 4341 1074 4426 ῦμῦν
1090 4345 1218 4412 πάθεσιν
1235 4343 1417 4432 άνδροιπον,
1454 4345 1507 4426 οῦς
