3106 4990
305 325 365 388 534
729 333 852 386 εικόνι
869 333 1042 386 nummu

306 450 491 539 ἕρπειοίδους
509 450 607 517 αὐτῶν
623 455 655 518 ἐκ
670 453 775 537 γένους
791 449 925 517 άσπίδων
938 457 1045 538 γονῆς,
1075 448 1123 531 ἐφ’
1140 453 1242 540 ἓτέραν
1256 451 1348 520 πάλιν
1364 455 1469 538 ἐῶμεν,

307 553 466 642 άγοπητοὶ,
489 562 525 644 ιη’
547 553 622 643 αὐτῇ
644 553 811 643 άκολουθίηι
832 561 885 637 τῆς
906 557 1104 640 πραγματείας
1112 560 1138 618 ¹.

186 831 293 888 γερνετ.
527 804 704 873 ΚΑΤΑ
759 803 1243 892 ΑΡΧΟΝΤΙΚΩΝ,

596 917 746 1013 εἰκοστὴ,
773 917 797 1013 ἠ
822 922 882 993 καὶ
907 919 1172 1019 τεσσαρακοστή.

174 1082 240 1150 Κεφ.
259 1080 291 1134 τί.
393 1067 587 1154 Ἀρχοντικῶν
601 1093 645 1144 τις
661 1072 772 1154 αἵρεσις
788 1067 905 1143 τούτοις
919 1069 1033 1147 ἕπεται,
1056 1065 1113 1134 ούκ
1130 1071 1162 1134 ἐν
1178 1075 1297 1144 πολλοῖς
1313 1067 1346 1133 δὶ
1363 1066 1470 1143 τόποις

308 1171 382 1253 αὕτη
399 1175 549 1252 φαίνεται,
578 1169 710 1254 ἢμόνον
726 1173 758 1236 ἐν
773 1178 810 1260 τῇ
827 1173 1032 1236 Παλαιστίνων
1047 1171 1179 1259 ἐπαρχίᾳ.
1224 1170 1423 1256 Μετήνεγκαν
1438 1171 1469 1235 δέ

308 1273 361 1340 τόν
376 1271 476 1338 αύτοὶν
493 1272 539 1338 ι’δν
554 1271 614 1357 ἤδη
629 1299 689 1338 που
703 1275 755 1338 καὶ
770 1277 811 1349 είς
826 1272 880 1355 τήν
898 1271 1025 1358 μεγάλην
1035 1269 1206 1358 Ἀρμενίαν,
1228 1271 1300 1338 άλλοὶ
1316 1274 1367 1338 καὶ
1385 1275 1421 1338 ἐκ
1436 1282 1469 1362 τῇ

308 1384 399 1464 μικρᾷ
415 1375 551 1465 Ἀρμενίᾳ
572 1384 659 1442 τοῦτο
681 1375 714 1441 τό
731 1376 857 1455 ζιζάνιον
878 1373 936 1458 ἤδη
952 1377 1091 1460 ἔσπαρται
1107 1373 1167 1441 ύπό
1185 1374 1295 1460 άνδρός
1310 1399 1392 1450 τινος
1407 1377 1468 1440 ἐπι·

307 1479 494 1564 δημήσοιντος
512 1487 548 1567 τῇ
568 1482 772 1544 Παλαιστίνων
794 1486 832 1568 γῇ
855 1475 916 1544 άπδ
930 1475 1098 1564 Ἀρμενίας,
1128 1481 1162 1544 ἐν
1176 1479 1293 1566 χρόνοις
1311 1485 1465 1544 xm*

309 1588 389 1661 τίου,
418 1584 485 1667 περὶ
507 1579 562 1664 την
579 1579 672 1646 αὐτοῦ
687 1579 836 1663 τελευτὴν,
867 1577 1026 1646 Εύτάκτου
1044 1577 1181 1663 όνόματι,
1211 1589 1320 1664 μᾶλλον
1337 1583 1370 1646 δέ
1384 1581 1467 1646 Ἀτά-

309 1711 383 1750 κτου
404 1683 455 1748 τόν
475 1682 603 1768 τρόπον,
635 1686 686 1748 καὶ
708 1681 860 1766 μαθόντος
880 1683 937 1766 την
957 1686 1226 1750 κακοδιδασκαλίαν
1247 1683 1373 1766 ταύτην,
1409 1681 1469 1749 εἶτα

311 1783 528 1862 ἐπανελθόντος
549 1789 590 1861 είς
611 1786 647 1850 τά
667 1789 761 1852 οἰκεῖα
777 1788 828 1850 καὶ
845 1784 1028 1864 διδάξαντος.
1073 1787 1227 1870 Μετέλαβε
1245 1787 1292 1865 δὲ,
1323 1783 1365 1862 τίς
1380 1787 1468 1869 ἔφην,

313 1893 344 1956 ἐν
364 1894 544 1978 Παλαιστίνῃ
561 1887 603 1964 ὥς
620 1886 680 1954 ύπό
699 1886 822 1964 ιίσιτίδος
839 1889 885 1954 ίόν
902 1887 962 1954 άπδ
983 1891 1100 1974 Πέτρου
1117 1888 1198 1966 τινός
1213 1892 1368 1975 γέροντος,
1398 1886 1468 1953 άντ-

312 1997 382 2070 ξίως
397 1993 515 2074 Πέτρου
532 1993 730 2074 καλουμένου,
753 1991 788 2068 ὶὶς
802 1991 926 2081 κατηὶκει
942 1994 974 2058 ἐν
988 1999 1024 2082 τῇ
1040 1998 1093 2074 τῆς
1105 1989 1377 2078 Ἐλευθεροπόλεως
1397 1992 1468 2056 1καὶ

307 2092 496 2180 Ἰερουσαλὴμ
513 2096 631 2182 ἐνορίγι,
654 2096 788 2160 ἐπέκεινα
805 2102 858 2177 τῆς
878 2092 1003 2178 Χεβροὶν
1020 2098 1152 2177 σημείοις
1169 2099 1258 2181 τρισί·
1284 2099 1470 2180 ’Καφαρβα-

313 2195 378 2283 ριχοὶ
396 2194 449 2280 τήν
466 2195 571 2279 κείμην
584 2203 730 2262 καλοῦσιν.
779 2190 874 2273 Οὗτος
889 2195 908 2262 ό
923 2198 1016 2282 γέρων
1032 2196 1069 2262 τά
1086 2203 1192 2282 πρῶτα
1206 2199 1316 2279 ἐνδυμα
1332 2193 1408 2280 εἶχεν
1425 2199 1468 2261 ἐκ·

313 2309 459 2383 πληκεον,
489 2299 673 2385 ὑποκρίσεως
695 2303 792 2384 γέμον.
826 2299 963 2377 ’Ἑξωθεν
985 2299 1037 2382 μὲν
1053 2297 1108 2384 γοὶρ
1128 2297 1250 2383 άληθῶς
1267 2298 1380 2365 κεάδιον
1395 2323 1467 2383 προ·

314 2406 408 2490 βάτου
429 2404 590 2488 ἠμφίεστο,
620 2400 754 2488 ἠγνοεῖτο
778 2405 811 2468 δὲ
827 2406 954 2468 ἐνδοθευ
972 2401 1062 2478 λύκος
1077 2399 1220 2488 ύποὶρχων
1239 2400 1344 2488 άρπαξ.
1385 2399 1467 2467 Ἀνα·

313 2506 446 2594 χωρητιὶς
466 2507 522 2592 γάρ
541 2505 638 2570 ἐδόκει
657 2502 746 2585 εἶναι,
774 2509 807 2570 ἐν
825 2509 958 2594 σπηλαίῳ
976 2507 1035 2570 τινὶ
1050 2503 1262 2587 καθεζόμενος,
1295 2504 1330 2581 ὃς
1343 2503 1468 2580 πολλούς

315 2615 409 2692 δι’γθεν
425 2609 588 2693 συνήγαγεν
605 2611 647 2682 εἰς
663 2605 819 2685 άπόταξιν·
849 2609 899 2674 καὶ
916 2605 1013 2691 πατὴρ
1031 2610 1126 2690 δῆθεν
1143 2606 1193 2672 διά
1214 2633 1245 2672 τε
1258 2606 1293 2674 τό
1309 2615 1405 2694 γῆρας
1418 2609 1467 2671 καὶ

315 2711 348 2777 τό
363 2719 459 2794 σχῆμα
474 2715 617 2790 ἐκαλεῖτο,
640 2709 676 2774 τά
692 2735 722 2775 τε
738 2709 831 2776 αύτοῦ
846 2707 1014 2796 ὑπάρχοντα
1027 2719 1153 2794 πτωχοῖς
1168 2711 1310 2792 διένειμε,
1331 2711 1383 2775 καὶ
1399 2705 1467 2774 καθ’

316 2811 432 2899 ἡμέραν
449 2813 644 2896 ἐλεημοσύνας
659 2815 759 2878 ἐποίει.
802 2811 850 2876 Ἐν
868 2813 900 2878 δέ
913 2821 949 2903 τῇ
966 2811 1069 2902 προύτη
1087 2810 1185 2901 ἡλικίην
1199 2810 1293 2878 αύτοῦ
1307 2815 1340 2878 ἐν
1353 2819 1468 2887 πολλοῖς

316 2917 462 2998 αίρέσεσιν
481 2914 642 2996 ἐξητάσθη·
676 2916 724 2980 ἐπὶ
744 2913 856 2981 Ἀετίου
877 2916 910 2982 δὲ
930 2922 984 2981 τοῦ
1001 2914 1165 2981 ἐπισκόπου
1184 2917 1400 3001 κατηγορηθεὶς
1418 2916 1467 2977 καὶ

317 3019 463 3104 ἐλεγχθεὶς
484 3014 548 3082 τότε
568 3015 623 3098 τὴν
644 3025 705 3082 τεόν
721 3025 896 3084 Γνωστικοὶν
914 3017 1021 3100 μετιοὶν
1037 3021 1149 3103 αίρεσιν
1164 3019 1328 3108 καθηρέθη
1345 3015 1402 3082 άκά
1416 3022 1467 3080 τοῦ

317 3123 536 3204 πρεσβυτερίου.
576 3112 632 3184 Ἠν
655 3117 711 3206 γάρ
735 3124 929 3196 κατασταθείς
952 3145 1024 3186 ποτε
1048 3119 1244 3206 πρεσβύτερος
1268 3127 1348 3186 8τοῦ
1369 3116 1466 3184 τόπου.

317 3222 406 3288 Μετοὶ
422 3224 454 3288 δὲ
469 3219 522 3287 τόν
535 3223 650 3307 ἐλεγχον
663 3221 723 3288 ύπό
736 3221 849 3289 Ἀετίου
866 3222 1011 3307 ἐδιιόχθη,
1033 3225 1085 3288 καὶ
1101 3219 1242 3288 άπελθοέν
1255 3222 1422 3312 κατῴκησεν
1438 3221 1467 3285 ἐν

316 3333 353 3415 τῇ
369 3323 494 3412 Ἀραβίᾳ
516 3327 548 3389 ἐν
567 3325 713 3414 Κωχόβη,
745 3329 822 3391 ἔνθα
845 3329 878 3390 αί
894 3333 953 3390 τῶν
968 3323 1149 3409 Ἐβιωναίων
1169 3351 1199 3390 τε
1219 3327 1270 3390 καὶ
1289 3327 1466 3412 Ναζωραίων

318 3432 394 3510 ῥίζαι
415 3427 588 3511 ἐνήρξαντο,
623 3425 664 3504 τός
684 3430 735 3494 καὶ
756 3432 788 3495 ἐν
806 3437 926 3504 πολλαῖς
944 3430 1070 3515 αίρέσεσι
1092 3431 1160 3515 περὶ
1181 3427 1347 3495 τοῦκόπου
1365 3425 1466 3493 τούτου

318 3529 458 3612 ἐσήμανα.
492 3530 636 3615 Ὕστερον
650 3531 683 3595 δέ
695 3528 736 3607 οὶς
751 3533 969 3617 σωφρονισθείς
983 3529 1059 3617 πρός
1070 3529 1103 3597 τό
1117 3539 1209 3618 γῆρας
1221 3529 1311 3596 πάλιν
1326 3533 1466 3612 ἐπανῆλθε

319 3635 420 3716 φέρων
434 3634 528 3720 ἐαυτῷ
540 3632 650 3715 ταύτην
663 3631 717 3716 τήν
731 3635 861 3716 ίοβολίαν
876 3633 1025 3719 κρύβδην,
1048 3636 1099 3698 καὶ
1113 3633 1195 3720 παριὶ
1210 3641 1301 3699 πᾶσιν
1315 3631 1464 3720 άγνοούμε-

319 3760 388 3811 νος,
419 3737 475 3810 ἕως
497 3735 544 3800 ὅτε
567 3739 609 3811 είς
629 3738 748 3819 ἐσχατον
770 3734 822 3818 ἐφ’
845 3728 888 3801 οὶν
907 3739 949 3812 είς
970 3728 1031 3801 οὶτά
1051 3762 1139 3803 τινων
1157 3736 1317 3824 ἐψιθύρισε
1335 3733 1465 3822 βημάτων

319 3839 466 3922 ἐλεγχθεὶς
479 3844 610 3914 τοιοῦτος
624 3835 676 3920 ὑφ’
689 3836 773 3922 ἡμῶν
785 3837 1006 3922 άνεθεμαείσθη
1020 3840 1070 3903 καὶ
1084 3839 1248 3926 ἐληλεγκται
1261 3839 1312 3905 διαὶ
1324 3845 1377 3923 τῆς
1389 3837 1465 3922 ἡμων

320 3942 509 4025 βραχύτητος.
541 3943 603 4003 Καὶ
617 3943 758 4008 ἐκάθισεν
774 3943 806 4007 ἐν
821 3949 860 4030 τῷ
875 3946 1008 4030 σπηλαίῳ
1021 3940 1127 4008 λοιπόν
1141 3945 1314 4025 βδελυχθεὶς
1327 3940 1387 4008 όπδ
1399 3941 1464 4005 πάν-

199 4069 251 4114 ετες.
263 4059 308 4103 ιιι
321 4071 396 4124 των,
428 4045 478 4108 καὶ
500 4045 649 4124 μονωθεὶς
669 4042 728 4109 άπδ
752 4052 805 4127 τῆς
822 4042 1019 4127 οὶδελφότητος
1039 4047 1087 4110 καὶ
1111 4042 1170 4111 άπδ
1188 4049 1331 4112 πλείστων
1345 4051 1403 4110 τόν
1418 4049 1465 4123 τῆς

321 4155 396 4230 ζωῆς
418 4149 530 4213 ἕαυτοὶν
550 4148 792 4229 ἐπιμελουμένων.
839 4145 922 4230 Πρός
944 4156 1049 4215 τοῦτον
1070 4147 1122 4214 τόν
1139 4149 1261 4236 γέροντα
1276 4139 1463 4234 καταχθεὶςό

321 4251 533 4335 προειρημένος
554 4246 724 4329 Εύτακτος,
754 4253 811 4335 είγε
833 4247 1002 4331 Εύτακτος,
1032 4249 1092 4317 τίπδ
1113 4258 1166 4335 τῆς
1185 4250 1345 4338 Αἰγύπτου
1366 4243 1463 4333 διερχό-

356 4440 380 4490 ¹2.
394 4443 537 4504 subscriptio
546 4444 647 4494 λοπιελι
656 4443 744 4492 mod.
754 4445 826 4494 λοιίι.
838 4457 882 4494 an·
915 4445 1039 4494 Ρειουὶυιπ
1055 4449 1154 4496 secutus.

323 4513 403 4558 κοίοίο
419 4517 451 4559 εει
468 4508 564 4561 ΚΑΤΑ
583 4507 786 4562 ΣΗΘΙᾹΝΩΝ.
947 4513 971 4562 ¹2.
985 4509 1029 4564 καὶ
1042 4509 1186 4581 φαρβαριχδ
1200 4512 1259 4578 (που
1269 4507 1420 4583 Βαρβοριχδ,
1432 4510 1461 4556 νδ

360 4576 417 4628 (λιν.
428 4579 447 4626 1.
461 4605 494 4615 -
513 4580 533 4630 λ.
547 4577 590 4630 καλ
603 4580 687 4629 addidi
698 4581 727 4629 δε
740 4581 881 4642 coniectura,
912 4582 938 4630 ιἰι
949 4595 1025 4644 τινες.
1039 4583 1076 4632 ed.
1088 4583 1183 4648 Ρεισυ.)
1196 4579 1245 4647 τὴν
1257 4579 1349 4649 κύμηι
1363 4581 1410 4632 ωδ
1421 4577 1460 4626 70·
