3110 4984
335 325 470 377 rnunau
489 325 564 378 nur.
580 323 747 378 unsarans
765 325 827 378 mu
842 328 862 380 1.
878 327 959 378 rou.
970 329 990 379 1.
1192 298 1229 378 bl

292 581 542 659 ADVERSUS
565 580 1038 658 flunuuousurlsuus.

209 701 297 796 uuas
323 707 376 776 est
400 701 547 776 baeresis
561 702 633 777 JV.
658 700 836 795 Iudaismi,
869 702 985 776 ordine
1010 702 1122 778 XVII.

181 849 319 916 Proxima
341 862 389 916 est
405 849 723 937 idcmerobaptistsram
743 862 841 926 secta,
865 871 939 936 quac
962 862 994 917 ut
1014 853 1050 917 ab
1071 853 1137 918 aliis
1156 853 1233 918 nuile
1251 867 1311 936 cap.
1328 865 1347 915 t.

113 951 182 1016 irre
200 954 340 1034 dissidet,
368 954 526 1038 cademque
547 954 682 1038 dogmata
704 975 770 1018 cum
790 951 904 1019 Scribis
926 975 962 1018 ac
982 952 1152 1020 Pharisaeis
1173 977 1235 1020 am·

115 1055 246 1140 plectitur,
269 1055 311 1120 ita
329 1077 393 1119 cum
411 1051 590 1120 sadducaeis
606 1077 665 1119 noa
683 1057 769 1120 modo
786 1056 817 1118 ia
836 1058 968 1140 neganda
984 1067 1163 1122 mortuorum
1185 1079 1235 1123 rc·

113 1159 275 1222 nrroetioae
290 1158 447 1232 conuenit,
470 1175 571 1220 veru·
587 1157 676 1220 etiam
692 1177 875 1220 communem
893 1179 958 1220 cam
980 1158 1017 1222 iis
1036 1159 1234 1224 infidelitatem

114 1269 334 1343 musarumque
350 1277 446 1321 rerum
466 1260 636 1343 pravitatem
651 1257 769 1323 retinet.
815 1257 880 1322 idac
896 1279 967 1322 uero
983 1261 1168 1345 praecipuum
1183 1261 1235 1326 ba·

113 1357 181 1438 bur,
204 1363 280 1445 quod
300 1371 359 1424 tam
375 1379 447 1423 vere
463 1371 658 1443 autumnoque
679 1381 764 1444 quam
787 1370 898 1424 aestate
919 1372 1007 1445 utque
1026 1361 1119 1426 bieme
1141 1363 1236 1447 quoti·

113 1460 149 1524 dic
167 1462 278 1540 beant,
303 1461 379 1526 unde
402 1471 432 1524 et
451 1459 767 1545 Hemerobuptistaruca
791 1463 1011 1546 appeliationem
1036 1463 1133 1548 adepti
1153 1474 1234 1528 suut.

113 1557 229 1627 luerim
246 1564 426 1642 statuebant,
449 1562 551 1626 vivere
565 1563 651 1626 aliter
665 1562 809 1626 bominem
825 1585 882 1627 nou
898 1585 984 1648 posse
999 1585 1085 1647 quam
1100 1565 1127 1630 si
1140 1564 1235 1650 quoti·

115 1663 149 1726 die
165 1685 197 1728 se
216 1665 303 1749 aquis
324 1664 454 1743 elueret,
478 1675 565 1748 utque
585 1663 624 1728 ab
644 1666 724 1728 omui
744 1664 867 1730 crimine
889 1676 1037 1752 purgaret.

179 1863 236 1933 Sed
255 1887 274 1932 a
292 1867 377 1932 uobis
394 1886 452 1931 nnc
472 1867 565 1931 verbo
588 1867 716 1932 funditus
735 1867 829 1934 everti
847 1879 928 1933 secta
946 1870 994 1934 iliu
1016 1881 1129 1955 potest,
1152 1869 1236 1936 cuius
1253 1882 1313 1952 erp.
1331 1884 1361 1934 tt.

115 1965 226 2051 dnqonu
243 1979 276 2033 at
290 1989 310 2032 a
325 1969 380 2032 fide
396 1989 516 2052 prorsus
530 1969 637 2046 atiena,
661 1970 705 2032 sic
718 1990 782 2033 cum
800 1969 970 2034 iubdelitate
985 1973 1139 2036 coniuncta
1153 1983 1233 2037 suut.

116 2062 171 2132 Cum
188 2071 265 2135 enim
284 2070 388 2134 diebus
403 2070 523 2154 siugulis
539 2069 710 2151 ablnuntur,
736 2071 782 2134 val
802 2091 855 2134 sua
869 2072 924 2156 ipsi
940 2073 1120 2138 couscientia
1136 2075 1237 2138 reduc

114 2181 219 2250 guustm
231 2191 351 2236 omnem
367 2171 445 2236 iliam
466 2189 552 2255 quam
570 2170 662 2255 pridie
683 2183 878 2256 conceperunt
895 2193 976 2258 spem
995 2195 1058 2238 cnm
1079 2177 1133 2240 bde
1149 2186 1237 2260 atquc

114 2272 261 2356 expiatione
275 2273 450 2359 perdidisse.
493 2270 572 2337 Nam
592 2273 618 2336 si
635 2295 723 2338 usum
744 2273 886 2338 duntaxat
900 2273 1072 2360 baptismum
1089 2287 1235 2356 tenerent,

113 2369 183 2438 iaec
201 2376 325 2440 tiduciae
347 2375 473 2458 aliquid,
497 2385 597 2459 utpute
618 2386 757 2459 perpetuo
780 2385 866 2460 atque
890 2375 1064 2455 immortali,
1091 2379 1237 2444 collocare

114 2487 223 2556 meunt.
269 2475 333 2540 lam
353 2497 425 2541 vcro
447 2477 498 2561 qui
517 2477 602 2540 bodie
624 2497 683 2540 aon
702 2477 822 2541 curandi
841 2477 972 2563 corporis
992 2477 1103 2562 gratia,
1125 2481 1176 2545 sed
1198 2481 1236 2544 ad

113 2577 237 2659 expianda
256 2579 372 2643 scelera
392 2578 442 2641 luti
464 2588 552 2656 sunt,
580 2577 739 2662 quibusque
759 2577 826 2642 ideo
846 2591 1019 2664 repurgata,
1048 2591 1080 2644 ut
1099 2580 1155 2666 ipsi
1176 2591 1237 2647 ata-

113 2683 196 2758 tannt,
218 2680 318 2744 omnia
340 2699 407 2744 esse
425 2679 548 2758 debent,
571 2678 658 2742 iidem
679 2699 744 2742 cum
768 2679 907 2764 postridie
929 2703 1043 2747 rursum
1066 2684 1234 2764 abluuntur,

112 2778 241 2846 declarant
256 2783 391 2868 protecto
407 2781 575 2846 hesternum
591 2780 671 2846 ilium
685 2780 858 2865 baptismum
875 2784 1042 2850 evanuisse.
1075 2783 1143 2852 Nisi
1158 2785 1235 2850 cuim

112 2878 155 2942 iste
175 2884 327 2967 periisset,
351 2883 421 2947 nibii
443 2892 507 2947 erat
525 2903 577 2945 cur
595 2882 630 2945 ad
647 2882 799 2944 criminum
822 2883 1018 2969 expiationem
1040 2887 1135 2952 denuo
1156 2888 1237 2953 ibam

111 2993 212 3064 posteca
235 2986 303 3048 tuce
327 2995 504 3070 repeterent.
551 2980 686 3067 Quodsi
712 3003 835 3068 peccare
860 2986 978 3050 omniuo
1006 2989 1233 3067 condemnant,

110 3083 320 3170 crisbmmtquc
341 3106 376 3150 se
398 3107 462 3150 cum
486 3096 625 3172 perpetuo
648 3105 682 3148 ac
708 3085 809 3149 dicbus
834 3085 956 3170 singuiis
978 3100 1101 3172 peccent
1121 3091 1236 3178 expiari
1287 3123 1297 3139 ·

110 3203 171 3267 aqua
187 3207 293 3272 posse,
316 3188 506 3254 uebameuter
525 3187 677 3266 aberrant,
702 3207 757 3250 acc
781 3197 828 3252 est
846 3205 949 3254 curun
974 3189 1108 3254 instituto
1130 3191 1236 3256 vanius

110 3298 150 3350 aut
160 3289 312 3355 absurdius
328 3291 491 3374 quicquam.
535 3287 652 3354 Etenim
667 3302 764 3372 neque
783 3285 920 3354 Oceanus
936 3290 1010 3375 ipsc,
1034 3311 1129 3376 acque
1145 3291 1236 3356 maria

110 3390 209 3469 tuma,
231 3411 329 3475 neque
351 3411 494 3476 perennes
515 3391 667 3454 fluviorum
689 3411 782 3476 aquae
804 3392 852 3456 vei
876 3391 1016 3471 tondum,
1039 3411 1133 3475 neque
1155 3391 1236 3475 qm‘c-
1301 3401 1307 3414 “

110 3489 164 3572 quid
183 3493 296 3578 uspiam
320 3493 481 3576 pluviarum
502 3502 566 3570 est,
589 3493 614 3558 si
633 3513 723 3560 uuum
747 3493 777 3557 in
800 3491 895 3556 iocum
919 3492 1112 3574 conveniant,
1136 3495 1235 3560 eluere

110 3603 214 3672 peccata
228 3595 378 3663 bominum
397 3604 529 3679 pneuma,
552 3593 711 3679 quandoid
728 3593 802 3659 citra
819 3615 934 3658 curnem
948 3593 1089 3657 radonem
1104 3595 1236 3681 citraque

110 3691 146 3756 dei
161 3706 347 3781 praeceptum
361 3696 524 3760 adhibetur.
557 3693 688 3780 Purgarc
705 3696 826 3781 proinde
839 3695 951 3760 meten
967 3695 1161 3779 paenitentiae
1177 3711 1235 3779 est,

110 3795 239 3880 amesque
255 3797 407 3882 baptismi,
430 3817 483 3882 per
499 3797 685 3882 mysticarum
703 3817 801 3860 rerum
822 3795 1055 3882 appellationum.
1101 3795 1160 3865 Sed
1182 3821 1237 3866 nos

109 3893 201 3961 abbae
219 3898 308 3962 etium
323 3907 403 3962 secta
421 3899 456 3962 sd
475 3899 560 3963 eiiam
577 3898 781 3976 transibimus,
805 3919 870 3962 cum
890 3899 1004 3963 abunde
1020 3919 1087 3964 esse
1103 3913 1236 3985 putemus

110 3999 196 4074 parma
211 4001 355 4064 adversas
369 3999 483 4064 illorum
498 3999 685 4065 stoliditatem
702 3999 832 4064 remedia
846 4019 1044 4086 comparasse.
1086 4000 1236 4070 Hactenus

108 4093 187 4179 igitar
205 4101 236 4166 iu
257 4102 399 4168 lectarum
420 4103 543 4188 qratiam
564 4101 621 4168 ista
642 4101 787 4187 disputata
807 4101 876 4168 sint.
