<?xml version="1.0" encoding="UTF-8"?>
<!DOCTYPE html PUBLIC "-//W3C//DTD XHTML 1.0 Transitional//EN"
    "http://www.w3.org/TR/xhtml1/DTD/xhtml1-transitional.dtd">
<html xmlns="http://www.w3.org/1999/xhtml" xml:lang="en" lang="en">
 <head>
  <title>
</title>
<meta http-equiv="Content-Type" content="text/html;charset=utf-8" />
  <meta name='ocr-system' content='tesseract 3.04.00' />
  <meta name='ocr-capabilities' content='ocr_page ocr_carea ocr_par ocr_line ocrx_word'/>
</head>
<body>
  <div class='ocr_page' id='page_1' title='image "./corporishaerese01oehlgoog_0337.png"; bbox 0 0 3096 4988; ppageno 0'>
   <div class='ocr_carea' id='block_1_1' title="bbox 340 291 1072 356">
    <p class='ocr_par' dir='ltr' id='par_1_1' title="bbox 340 291 1072 356">
     <span class='ocr_line' id='line_1_1' title="bbox 340 291 1072 356; baseline -0.008 -2"><span class='ocrx_word' id='word_1_1' title='bbox 340 291 401 356; x_wconf 76' lang='lat'><strong><em>324</em></strong></span> <span class='ocrx_word' id='word_1_2' title='bbox 764 297 885 350; x_wconf 76' lang='grc' dir='ltr'><strong><em>ειωουι</em></strong></span> <span class='ocrx_word' id='word_1_3' title='bbox 905 297 1072 350; x_wconf 62' lang='lat' dir='ltr'><strong>nummu</strong></span> 
     </span>
    </p>
   </div>
   <div class='ocr_carea' id='block_1_2' title="bbox 318 411 1498 2147">
    <p class='ocr_par' dir='ltr' id='par_1_2' title="bbox 318 411 1498 2147">
     <span class='ocr_line' id='line_1_2' title="bbox 341 411 1493 503; baseline -0.003 -17"><span class='ocrx_word' id='word_1_4' title='bbox 341 423 456 503; x_wconf 77' lang='grc' dir='ltr'><strong><em>έχουσι,</em></strong></span> <span class='ocrx_word' id='word_1_5' title='bbox 487 413 592 491; x_wconf 79' lang='grc' dir='ltr'><strong><em>καθοίς</em></strong></span> <span class='ocrx_word' id='word_1_6' title='bbox 610 412 629 482; x_wconf 89' lang='grc' dir='ltr'><strong><em>δ</em></strong></span> <span class='ocrx_word' id='word_1_7' title='bbox 645 411 812 491; x_wconf 86' lang='grc' dir='ltr'><strong><em>ἀπόστσλύς</em></strong></span> <span class='ocrx_word' id='word_1_8' title='bbox 827 425 934 497; x_wconf 82' lang='grc' dir='ltr'><strong><em>φησιν,</em></strong></span> <span class='ocrx_word' id='word_1_9' title='bbox 966 411 1165 497; x_wconf 76' lang='grc' dir='ltr'><strong><em>ἢοίκσδομήν</em></strong></span> <span class='ocrx_word' id='word_1_10' title='bbox 1181 421 1257 481; x_wconf 85' lang='grc' dir='ltr'><strong><em>θεοῦ</em></strong></span> <span class='ocrx_word' id='word_1_11' title='bbox 1273 411 1328 498; x_wconf 73' lang='grc' dir='ltr'><strong><em>τὴν</em></strong></span> <span class='ocrx_word' id='word_1_12' title='bbox 1344 415 1377 480; x_wconf 84' lang='grc' dir='ltr'><strong><em>έν</em></strong></span> <span class='ocrx_word' id='word_1_13' title='bbox 1392 419 1493 496; x_wconf 83' lang='grc' dir='ltr'><strong><em>πίστει,</em></strong></span> 
     </span>
     <span class='ocr_line' id='line_1_3' title="bbox 341 515 1495 606; baseline -0.005 -16"><span class='ocrx_word' id='word_1_14' title='bbox 341 525 394 590; x_wconf 80' lang='grc' dir='ltr'><strong><em>καί</em></strong></span> <span class='ocrx_word' id='word_1_15' title='bbox 417 518 467 586; x_wconf 91' lang='grc' dir='ltr'><strong><em>διά</em></strong></span> <span class='ocrx_word' id='word_1_16' title='bbox 489 527 541 602; x_wconf 81' lang='grc' dir='ltr'><strong><em>τῆς</em></strong></span> <span class='ocrx_word' id='word_1_17' title='bbox 559 515 737 606; x_wconf 76' lang='grc' dir='ltr'><strong><em>πανούργως</em></strong></span> <span class='ocrx_word' id='word_1_18' title='bbox 755 517 1027 603; x_wconf 86' lang='grc' dir='ltr'><strong><em>συγκεκροτημένης</em></strong></span> <span class='ocrx_word' id='word_1_19' title='bbox 1044 515 1245 600; x_wconf 79' lang='grc' dir='ltr'><strong><em>πιθανότητος</em></strong></span> <span class='ocrx_word' id='word_1_20' title='bbox 1262 517 1430 605; x_wconf 83' lang='grc' dir='ltr'><strong><em>παράγουσι</em></strong></span> <span class='ocrx_word' id='word_1_21' title='bbox 1446 519 1495 586; x_wconf 88' lang='grc' dir='ltr'><strong><em>τόν</em></strong></span> 
     </span>
     <span class='ocr_line' id='line_1_4' title="bbox 344 616 1495 709; baseline -0.003 -17"><span class='ocrx_word' id='word_1_22' title='bbox 344 632 416 692; x_wconf 83' lang='grc' dir='ltr'><strong><em>νοῦν</em></strong></span> <span class='ocrx_word' id='word_1_23' title='bbox 433 630 493 690; x_wconf 89' lang='grc' dir='ltr'><strong><em>τιῦν</em></strong></span> <span class='ocrx_word' id='word_1_24' title='bbox 509 619 725 709; x_wconf 68' lang='grc' dir='ltr'><strong><em>ἀπειροτέρων,</em></strong></span> <span class='ocrx_word' id='word_1_25' title='bbox 757 621 809 686; x_wconf 84' lang='grc' dir='ltr'><strong><em>καί</em></strong></span> <span class='ocrx_word' id='word_1_26' title='bbox 827 623 1083 703; x_wconf 70' lang='grc' dir='ltr'><strong><em>αίχμαλωτέζουσιν</em></strong></span> <span class='ocrx_word' id='word_1_27' title='bbox 1099 616 1224 700; x_wconf 87' lang='grc' dir='ltr'><strong><em>αύτούς,</em></strong></span> <span class='ocrx_word' id='word_1_28' title='bbox 1253 623 1495 709; x_wconf 76' lang='grc' dir='ltr'><strong><em>βαδιουργοῦντες</em></strong></span> 
     </span>
     <span class='ocr_line' id='line_1_5' title="bbox 318 724 1495 814; baseline 0.001 -22"><span class='ocrx_word' id='word_1_29' title='bbox 318 777 319 782; x_wconf 37' lang='grc'><strong><em>.</em></strong></span> <span class='ocrx_word' id='word_1_30' title='bbox 344 726 380 792; x_wconf 87' lang='grc' dir='ltr'><strong><em>τά</em></strong></span> <span class='ocrx_word' id='word_1_31' title='bbox 395 725 479 814; x_wconf 92' lang='grc' dir='ltr'><strong><em>λόγια</em></strong></span> <span class='ocrx_word' id='word_1_32' title='bbox 497 731 575 792; x_wconf 69' lang='grc' dir='ltr'><strong><em>6τοῦ</em></strong></span> <span class='ocrx_word' id='word_1_33' title='bbox 589 728 706 811; x_wconf 88' lang='grc' dir='ltr'><strong><em>κυρίου,</em></strong></span> <span class='ocrx_word' id='word_1_34' title='bbox 729 724 865 808; x_wconf 75' lang='grc' dir='ltr'><strong><em>ἐξηγηταί</em></strong></span> <span class='ocrx_word' id='word_1_35' title='bbox 878 725 967 790; x_wconf 84' lang='grc' dir='ltr'><strong><em>κακοί</em></strong></span> <span class='ocrx_word' id='word_1_36' title='bbox 983 729 1042 790; x_wconf 80' lang='grc' dir='ltr'><strong><em>τῶν</em></strong></span> <span class='ocrx_word' id='word_1_37' title='bbox 1055 728 1151 800; x_wconf 78' lang='grc' dir='ltr'><strong><em>καλῶς</em></strong></span> <span class='ocrx_word' id='word_1_38' title='bbox 1165 724 1328 808; x_wconf 86' lang='grc' dir='ltr'><strong><em>είρημένων</em></strong></span> <span class='ocrx_word' id='word_1_39' title='bbox 1338 724 1495 812; x_wconf 81' lang='grc' dir='ltr'><strong><em>γινόμενοι,</em></strong></span> 
     </span>
     <span class='ocr_line' id='line_1_6' title="bbox 343 822 1494 914; baseline -0.002 -18"><span class='ocrx_word' id='word_1_40' title='bbox 343 831 395 896; x_wconf 83' lang='grc' dir='ltr'><strong><em>καί</em></strong></span> <span class='ocrx_word' id='word_1_41' title='bbox 417 826 542 905; x_wconf 89' lang='grc' dir='ltr'><strong><em>πολλούς</em></strong></span> <span class='ocrx_word' id='word_1_42' title='bbox 563 824 778 914; x_wconf 65' lang='grc' dir='ltr'><strong><em>ἀνατρέπουσιν</em></strong></span> <span class='ocrx_word' id='word_1_43' title='bbox 799 823 964 912; x_wconf 85' lang='grc' dir='ltr'><strong><em>ἀπάγσντες</em></strong></span> <span class='ocrx_word' id='word_1_44' title='bbox 985 822 1097 902; x_wconf 85' lang='grc' dir='ltr'><strong><em>αύτούς</em></strong></span> <span class='ocrx_word' id='word_1_45' title='bbox 1118 823 1268 910; x_wconf 77' lang='grc' dir='ltr'><strong><em>προφάσει</em></strong></span> <span class='ocrx_word' id='word_1_46' title='bbox 1285 825 1422 912; x_wconf 79' lang='grc' dir='ltr'><strong><em>γεύσεως</em></strong></span> <span class='ocrx_word' id='word_1_47' title='bbox 1438 827 1494 894; x_wconf 83' lang='grc' dir='ltr'><strong><em>ἀπό</em></strong></span> 
     </span>
     <span class='ocr_line' id='line_1_7' title="bbox 342 925 1495 1016; baseline -0.002 -18"><span class='ocrx_word' id='word_1_48' title='bbox 342 940 397 1000; x_wconf 88' lang='grc' dir='ltr'><strong><em>τοῦ</em></strong></span> <span class='ocrx_word' id='word_1_49' title='bbox 409 931 478 998; x_wconf 90' lang='grc' dir='ltr'><strong><em>τόδε</em></strong></span> <span class='ocrx_word' id='word_1_50' title='bbox 489 929 523 997; x_wconf 88' lang='grc' dir='ltr'><strong><em>τό</em></strong></span> <span class='ocrx_word' id='word_1_51' title='bbox 539 937 599 996; x_wconf 79' lang='grc' dir='ltr'><strong><em>πᾶν</em></strong></span> <span class='ocrx_word' id='word_1_52' title='bbox 611 930 833 1013; x_wconf 75' lang='grc' dir='ltr'><strong><em>συστησαμένου</em></strong></span> <span class='ocrx_word' id='word_1_53' title='bbox 848 931 899 994; x_wconf 82' lang='grc' dir='ltr'><strong><em>καί</em></strong></span> <span class='ocrx_word' id='word_1_54' title='bbox 910 926 1138 1012; x_wconf 85' lang='grc' dir='ltr'><strong><em>κεκοσμηκότος,</em></strong></span> <span class='ocrx_word' id='word_1_55' title='bbox 1154 925 1197 1004; x_wconf 84' lang='grc' dir='ltr'><strong><em>ύς</em></strong></span> <span class='ocrx_word' id='word_1_56' title='bbox 1207 925 1395 1016; x_wconf 77' lang='grc' dir='ltr'><strong><em>ύψηλότερόν</em></strong></span> <span class='ocrx_word' id='word_1_57' title='bbox 1406 959 1434 998; x_wconf 89' lang='grc' dir='ltr'><strong><em>τι</em></strong></span> <span class='ocrx_word' id='word_1_58' title='bbox 1447 933 1495 998; x_wconf 81' lang='grc' dir='ltr'><strong><em>καί</em></strong></span> 
     </span>
     <span class='ocr_line' id='line_1_8' title="bbox 344 1028 1496 1120; baseline -0.001 -18"><span class='ocrx_word' id='word_1_59' title='bbox 344 1041 442 1120; x_wconf 76' lang='grc' dir='ltr'><strong><em>μεῖζον</em></strong></span> <span class='ocrx_word' id='word_1_60' title='bbox 458 1037 570 1118; x_wconf 75' lang='grc' dir='ltr'><strong><em>ἔχοντες</em></strong></span> <span class='ocrx_word' id='word_1_61' title='bbox 585 1034 728 1110; x_wconf 74' lang='grc' dir='ltr'><strong><em>ἐπιδεῖξαι</em></strong></span> <span class='ocrx_word' id='word_1_62' title='bbox 742 1039 797 1098; x_wconf 87' lang='grc' dir='ltr'><strong><em>τοῦ</em></strong></span> <span class='ocrx_word' id='word_1_63' title='bbox 813 1029 865 1098; x_wconf 88' lang='grc' dir='ltr'><strong><em>τόν</em></strong></span> <span class='ocrx_word' id='word_1_64' title='bbox 882 1028 1010 1117; x_wconf 90' lang='grc' dir='ltr'><strong><em>ούρανδν</em></strong></span> <span class='ocrx_word' id='word_1_65' title='bbox 1025 1033 1078 1098; x_wconf 84' lang='grc' dir='ltr'><strong><em>καί</em></strong></span> <span class='ocrx_word' id='word_1_66' title='bbox 1092 1030 1146 1116; x_wconf 72' lang='grc' dir='ltr'><strong><em>τήν</em></strong></span> <span class='ocrx_word' id='word_1_67' title='bbox 1163 1037 1218 1118; x_wconf 81' lang='grc' dir='ltr'><strong><em>γῆν</em></strong></span> <span class='ocrx_word' id='word_1_68' title='bbox 1235 1033 1286 1098; x_wconf 82' lang='grc' dir='ltr'><strong><em>καί</em></strong></span> <span class='ocrx_word' id='word_1_69' title='bbox 1302 1030 1400 1100; x_wconf 71' lang='grc' dir='ltr'><strong><em>πάντα</em></strong></span> <span class='ocrx_word' id='word_1_70' title='bbox 1415 1034 1451 1101; x_wconf 86' lang='grc' dir='ltr'><strong><em>τύ</em></strong></span> <span class='ocrx_word' id='word_1_71' title='bbox 1468 1037 1496 1100; x_wconf 86' lang='grc' dir='ltr'><strong><em>έν</em></strong></span> 
     </span>
     <span class='ocr_line' id='line_1_9' title="bbox 345 1133 1497 1222; baseline -0.002 -18"><span class='ocrx_word' id='word_1_72' title='bbox 345 1137 447 1214; x_wconf 75' lang='grc' dir='ltr'><strong><em>αὐτοῖς</em></strong></span> <span class='ocrx_word' id='word_1_73' title='bbox 462 1133 661 1218; x_wconf 79' lang='grc' dir='ltr'><strong><em>πεποιηκότος</em></strong></span> <span class='ocrx_word' id='word_1_74' title='bbox 676 1141 770 1213; x_wconf 91' lang='grc' dir='ltr'><strong><em>θεοῦ,</em></strong></span> <span class='ocrx_word' id='word_1_75' title='bbox 792 1141 946 1212; x_wconf 84' lang='grc' dir='ltr'><strong><em>πειθανῦς</em></strong></span> <span class='ocrx_word' id='word_1_76' title='bbox 962 1134 1014 1217; x_wconf 74' lang='grc' dir='ltr'><strong><em>μέν</em></strong></span> <span class='ocrx_word' id='word_1_77' title='bbox 1029 1133 1207 1220; x_wconf 80' lang='grc' dir='ltr'><strong><em>έπαγόμενοι</em></strong></span> <span class='ocrx_word' id='word_1_78' title='bbox 1223 1133 1275 1200; x_wconf 87' lang='grc' dir='ltr'><strong><em>διά</em></strong></span> <span class='ocrx_word' id='word_1_79' title='bbox 1289 1133 1386 1222; x_wconf 89' lang='grc' dir='ltr'><strong><em>λόγων</em></strong></span> <span class='ocrx_word' id='word_1_80' title='bbox 1400 1139 1497 1220; x_wconf 69' lang='grc' dir='ltr'><strong><em>τέχνης</em></strong></span> 
     </span>
     <span class='ocr_line' id='line_1_10' title="bbox 344 1234 1497 1325; baseline -0.005 -15"><span class='ocrx_word' id='word_1_81' title='bbox 344 1238 414 1317; x_wconf 89' lang='grc' dir='ltr'><strong><em>τούς</em></strong></span> <span class='ocrx_word' id='word_1_82' title='bbox 436 1238 594 1325; x_wconf 87' lang='grc' dir='ltr'><strong><em>ἀκεραίους</em></strong></span> <span class='ocrx_word' id='word_1_83' title='bbox 615 1240 658 1314; x_wconf 86' lang='grc' dir='ltr'><strong><em>είς</em></strong></span> <span class='ocrx_word' id='word_1_84' title='bbox 678 1237 731 1304; x_wconf 88' lang='grc' dir='ltr'><strong><em>τόν</em></strong></span> <span class='ocrx_word' id='word_1_85' title='bbox 751 1244 805 1304; x_wconf 88' lang='grc' dir='ltr'><strong><em>τοῦ</em></strong></span> <span class='ocrx_word' id='word_1_86' title='bbox 826 1245 921 1320; x_wconf 76' lang='grc' dir='ltr'><strong><em>ζητεῖν</em></strong></span> <span class='ocrx_word' id='word_1_87' title='bbox 937 1238 1067 1322; x_wconf 86' lang='grc' dir='ltr'><strong><em>τρόπον,</em></strong></span> <span class='ocrx_word' id='word_1_88' title='bbox 1098 1234 1257 1313; x_wconf 73' lang='grc' dir='ltr'><strong><em>ἀπιθάνως</em></strong></span> <span class='ocrx_word' id='word_1_89' title='bbox 1273 1238 1307 1302; x_wconf 84' lang='grc' dir='ltr'><strong><em>δέ</em></strong></span> <span class='ocrx_word' id='word_1_90' title='bbox 1325 1234 1497 1316; x_wconf 72' lang='grc' dir='ltr'><strong><em>ἀπολλύντες</em></strong></span> 
     </span>
     <span class='ocr_line' id='line_1_11' title="bbox 344 1336 1498 1430; baseline -0.003 -20"><span class='ocrx_word' id='word_1_91' title='bbox 344 1340 456 1418; x_wconf 85' lang='grc' dir='ltr'><strong><em>αύτούς</em></strong></span> <span class='ocrx_word' id='word_1_92' title='bbox 474 1344 506 1407; x_wconf 84' lang='grc' dir='ltr'><strong><em>έν</em></strong></span> <span class='ocrx_word' id='word_1_93' title='bbox 522 1347 563 1430; x_wconf 81' lang='grc' dir='ltr'><strong><em>τῷ</em></strong></span> <span class='ocrx_word' id='word_1_94' title='bbox 580 1338 755 1424; x_wconf 77' lang='grc' dir='ltr'><strong><em>βλάσφημον</em></strong></span> <span class='ocrx_word' id='word_1_95' title='bbox 771 1342 824 1406; x_wconf 84' lang='grc' dir='ltr'><strong><em>καί</em></strong></span> <span class='ocrx_word' id='word_1_96' title='bbox 843 1337 935 1424; x_wconf 80' lang='grc' dir='ltr'><strong><em>ἀσεβῆ</em></strong></span> <span class='ocrx_word' id='word_1_97' title='bbox 953 1337 1007 1422; x_wconf 75' lang='grc' dir='ltr'><strong><em>τὴν</em></strong></span> <span class='ocrx_word' id='word_1_98' title='bbox 1023 1336 1145 1425; x_wconf 86' lang='grc' dir='ltr'><strong><em>γνιύμην</em></strong></span> <span class='ocrx_word' id='word_1_99' title='bbox 1163 1337 1264 1406; x_wconf 80' lang='grc' dir='ltr'><strong><em>αύτιδν</em></strong></span> <span class='ocrx_word' id='word_1_100' title='bbox 1278 1340 1498 1421; x_wconf 71' lang='grc' dir='ltr'><strong><em>κατασκευάζον</em></strong></span> 
     </span>
     <span class='ocr_line' id='line_1_12' title="bbox 344 1441 1495 1532; baseline -0.001 -21"><span class='ocrx_word' id='word_1_101' title='bbox 344 1447 388 1522; x_wconf 89' lang='grc' dir='ltr'><strong><em>εές</em></strong></span> <span class='ocrx_word' id='word_1_102' title='bbox 400 1442 453 1511; x_wconf 88' lang='grc' dir='ltr'><strong><em>τόν</em></strong></span> <span class='ocrx_word' id='word_1_103' title='bbox 468 1441 660 1530; x_wconf 88' lang='grc' dir='ltr'><strong><em>δημιουργόν,</em></strong></span> <span class='ocrx_word' id='word_1_104' title='bbox 687 1443 784 1526; x_wconf 75' lang='grc' dir='ltr'><strong><em>ομηδὲ</em></strong></span> <span class='ocrx_word' id='word_1_105' title='bbox 799 1445 833 1509; x_wconf 81' lang='grc' dir='ltr'><strong><em>έν</em></strong></span> <span class='ocrx_word' id='word_1_106' title='bbox 845 1469 886 1532; x_wconf 82' lang='grc' dir='ltr'><strong><em>τρι</em></strong></span> <span class='ocrx_word' id='word_1_107' title='bbox 901 1446 1061 1526; x_wconf 72' lang='grc' dir='ltr'><strong><em>διακρίνειν</em></strong></span> <span class='ocrx_word' id='word_1_108' title='bbox 1074 1443 1248 1526; x_wconf 89' lang='grc' dir='ltr'><strong><em>δυναμένων</em></strong></span> <span class='ocrx_word' id='word_1_109' title='bbox 1261 1441 1296 1510; x_wconf 90' lang='grc' dir='ltr'><strong><em>τό</em></strong></span> <span class='ocrx_word' id='word_1_110' title='bbox 1310 1448 1426 1526; x_wconf 75' lang='grc' dir='ltr'><strong><em>ψεῦδος</em></strong></span> <span class='ocrx_word' id='word_1_111' title='bbox 1440 1441 1495 1510; x_wconf 86' lang='grc' dir='ltr'><strong><em>ἀπό</em></strong></span> 
     </span>
     <span class='ocr_line' id='line_1_13' title="bbox 343 1541 1497 1632; baseline 0.001 -19"><span class='ocrx_word' id='word_1_112' title='bbox 343 1553 398 1616; x_wconf 88' lang='grc' dir='ltr'><strong><em>τοῦ</em></strong></span> <span class='ocrx_word' id='word_1_113' title='bbox 413 1544 554 1630; x_wconf 89' lang='grc' dir='ltr'><strong><em>ἀληθοῦς.</em></strong></span> <span class='ocrx_word' id='word_1_114' title='bbox 595 1543 635 1610; x_wconf 84' lang='grc' dir='ltr'><strong>Ἡ</strong></span> <span class='ocrx_word' id='word_1_115' title='bbox 647 1543 703 1632; x_wconf 85' lang='grc' dir='ltr'><strong><em>γάρ</em></strong></span> <span class='ocrx_word' id='word_1_116' title='bbox 718 1544 814 1627; x_wconf 85' lang='grc' dir='ltr'><strong><em>πλάνη</em></strong></span> <span class='ocrx_word' id='word_1_117' title='bbox 829 1542 900 1610; x_wconf 88' lang='grc' dir='ltr'><strong><em>καθ’</em></strong></span> <span class='ocrx_word' id='word_1_118' title='bbox 914 1541 1008 1628; x_wconf 77' lang='grc' dir='ltr'><strong><em>αύτήν</em></strong></span> <span class='ocrx_word' id='word_1_119' title='bbox 1024 1545 1077 1628; x_wconf 74' lang='grc' dir='ltr'><strong><em>μέν</em></strong></span> <span class='ocrx_word' id='word_1_120' title='bbox 1095 1543 1151 1612; x_wconf 86' lang='grc' dir='ltr'><strong><em>οῦκ</em></strong></span> <span class='ocrx_word' id='word_1_121' title='bbox 1164 1547 1372 1628; x_wconf 72' lang='grc' dir='ltr'><strong><em>ἐπιδείκνυται,</em></strong></span> <span class='ocrx_word' id='word_1_122' title='bbox 1393 1551 1445 1614; x_wconf 73' lang='grc' dir='ltr'><strong><em>ἵνα</em></strong></span> <span class='ocrx_word' id='word_1_123' title='bbox 1459 1545 1497 1630; x_wconf 78' lang='grc' dir='ltr'><strong><em>μή</em></strong></span> 
     </span>
     <span class='ocr_line' id='line_1_14' title="bbox 345 1647 1498 1738; baseline 0.002 -22"><span class='ocrx_word' id='word_1_124' title='bbox 345 1657 536 1737; x_wconf 83' lang='grc' dir='ltr'><strong><em>γυμνωθεῖσα</em></strong></span> <span class='ocrx_word' id='word_1_125' title='bbox 556 1650 673 1734; x_wconf 83' lang='grc' dir='ltr'><strong><em>γένηται</em></strong></span> <span class='ocrx_word' id='word_1_126' title='bbox 690 1647 886 1734; x_wconf 85' lang='grc' dir='ltr'><strong><em>κατάφιορος,</em></strong></span> <span class='ocrx_word' id='word_1_127' title='bbox 916 1654 1037 1737; x_wconf 75' lang='grc' dir='ltr'><strong><em>πιθανῷ</em></strong></span> <span class='ocrx_word' id='word_1_128' title='bbox 1060 1647 1093 1714; x_wconf 76' lang='grc' dir='ltr'><strong><em>δέ</em></strong></span> <span class='ocrx_word' id='word_1_129' title='bbox 1111 1647 1306 1735; x_wconf 69' lang='grc' dir='ltr'><strong><em>περιβλήματι</em></strong></span> <span class='ocrx_word' id='word_1_130' title='bbox 1323 1649 1498 1738; x_wconf 75' lang='grc' dir='ltr'><strong><em>πανούργως</em></strong></span> 
     </span>
     <span class='ocr_line' id='line_1_15' title="bbox 344 1746 1496 1838; baseline 0 -18"><span class='ocrx_word' id='word_1_131' title='bbox 344 1753 534 1836; x_wconf 77' lang='grc' dir='ltr'><strong><em>κοσμουμένη</em></strong></span> <span class='ocrx_word' id='word_1_132' title='bbox 546 1753 597 1817; x_wconf 82' lang='grc' dir='ltr'><strong><em>καί</em></strong></span> <span class='ocrx_word' id='word_1_133' title='bbox 611 1748 703 1835; x_wconf 77' lang='grc' dir='ltr'><strong><em>αύτῆς</em></strong></span> <span class='ocrx_word' id='word_1_134' title='bbox 715 1757 768 1834; x_wconf 77' lang='grc' dir='ltr'><strong><em>τῆς</em></strong></span> <span class='ocrx_word' id='word_1_135' title='bbox 782 1747 924 1833; x_wconf 86' lang='grc' dir='ltr'><strong><em>ἀληθείας</em></strong></span> <span class='ocrx_word' id='word_1_136' title='bbox 937 1746 1137 1836; x_wconf 82' lang='grc' dir='ltr'><strong><em>ἀληθεστέραν</em></strong></span> <span class='ocrx_word' id='word_1_137' title='bbox 1151 1749 1260 1836; x_wconf 71' lang='grc' dir='ltr'><strong><em>έσυτύν</em></strong></span> <span class='ocrx_word' id='word_1_138' title='bbox 1276 1755 1420 1838; x_wconf 60' lang='grc' dir='ltr'><strong><em>’παρέχει</em></strong></span> <span class='ocrx_word' id='word_1_139' title='bbox 1432 1757 1496 1835; x_wconf 75' lang='grc' dir='ltr'><strong><em>φοί·</em></strong></span> 
     </span>
     <span class='ocr_line' id='line_1_16' title="bbox 345 1849 1497 1939; baseline -0.002 -17"><span class='ocrx_word' id='word_1_140' title='bbox 345 1865 452 1922; x_wconf 84' lang='grc' dir='ltr'><strong><em>νσσθαι</em></strong></span> <span class='ocrx_word' id='word_1_141' title='bbox 468 1853 518 1922; x_wconf 81' lang='grc' dir='ltr'><strong><em>διδ</em></strong></span> <span class='ocrx_word' id='word_1_142' title='bbox 534 1863 588 1939; x_wconf 83' lang='grc' dir='ltr'><strong><em>τῆς</em></strong></span> <span class='ocrx_word' id='word_1_143' title='bbox 600 1857 712 1932; x_wconf 77' lang='grc' dir='ltr'><strong><em>ἔξωθεν</em></strong></span> <span class='ocrx_word' id='word_1_144' title='bbox 725 1857 889 1935; x_wconf 83' lang='grc' dir='ltr'><strong><em>φαντασίας</em></strong></span> <span class='ocrx_word' id='word_1_145' title='bbox 903 1860 967 1929; x_wconf 84' lang='grc' dir='ltr'><strong><em>τοῖς</em></strong></span> <span class='ocrx_word' id='word_1_146' title='bbox 982 1849 1200 1937; x_wconf 72' lang='grc' dir='ltr'><strong><em>ἀπειροτέροις1</em></strong></span> <span class='ocrx_word' id='word_1_147' title='bbox 1219 1852 1326 1931; x_wconf 80' lang='grc' dir='ltr'><strong><em>καθάς</em></strong></span> <span class='ocrx_word' id='word_1_148' title='bbox 1347 1853 1433 1922; x_wconf 68' lang='grc' dir='ltr'><strong><em>8ύπό</em></strong></span> <span class='ocrx_word' id='word_1_149' title='bbox 1448 1881 1497 1921; x_wconf 87' lang='grc' dir='ltr'><strong><em>του</em></strong></span> 
     </span>
     <span class='ocr_line' id='line_1_17' title="bbox 345 1953 1494 2044; baseline 0 -20"><span class='ocrx_word' id='word_1_150' title='bbox 345 1961 512 2044; x_wconf 87' lang='grc' dir='ltr'><strong><em>κρείττονος</em></strong></span> <span class='ocrx_word' id='word_1_151' title='bbox 527 1953 614 2042; x_wconf 73' lang='grc' dir='ltr'><strong><em>ἡμῶν</em></strong></span> <span class='ocrx_word' id='word_1_152' title='bbox 630 1961 742 2042; x_wconf 70' lang='grc' dir='ltr'><strong><em>εἴρηται</em></strong></span> <span class='ocrx_word' id='word_1_153' title='bbox 759 1957 809 2024; x_wconf 80' lang='grc' dir='ltr'><strong><em>ἐπί</em></strong></span> <span class='ocrx_word' id='word_1_154' title='bbox 824 1963 884 2022; x_wconf 79' lang='grc' dir='ltr'><strong><em>τῶν</em></strong></span> <span class='ocrx_word' id='word_1_155' title='bbox 900 1953 1058 2035; x_wconf 90' lang='grc' dir='ltr'><strong><em>τοιούτων,</em></strong></span> <span class='ocrx_word' id='word_1_156' title='bbox 1079 1954 1126 2021; x_wconf 87' lang='grc' dir='ltr'><strong><em>ότι</em></strong></span> <span class='ocrx_word' id='word_1_157' title='bbox 1142 1961 1230 2023; x_wconf 88' lang='grc' dir='ltr'><strong><em>λίθον</em></strong></span> <span class='ocrx_word' id='word_1_158' title='bbox 1246 1956 1298 2026; x_wconf 88' lang='grc' dir='ltr'><strong><em>τόν</em></strong></span> <span class='ocrx_word' id='word_1_159' title='bbox 1313 1961 1413 2041; x_wconf 88' lang='grc' dir='ltr'><strong><em>τίμιον</em></strong></span> <span class='ocrx_word' id='word_1_160' title='bbox 1428 1955 1494 2042; x_wconf 85' lang='grc' dir='ltr'><strong><em>σμά</em></strong></span> 
     </span>
     <span class='ocr_line' id='line_1_18' title="bbox 345 2056 1497 2147; baseline -0.001 -20"><span class='ocrx_word' id='word_1_161' title='bbox 345 2065 456 2147; x_wconf 90' lang='grc' dir='ltr'><strong><em>ραγδον</em></strong></span> <span class='ocrx_word' id='word_1_162' title='bbox 476 2059 548 2127; x_wconf 80' lang='grc' dir='ltr'><strong><em>ὄντα</em></strong></span> <span class='ocrx_word' id='word_1_163' title='bbox 569 2061 618 2126; x_wconf 85' lang='grc' dir='ltr'><strong><em>καί</em></strong></span> <span class='ocrx_word' id='word_1_164' title='bbox 638 2057 835 2142; x_wconf 84' lang='grc' dir='ltr'><strong><em>πολυτίμητόν</em></strong></span> <span class='ocrx_word' id='word_1_165' title='bbox 856 2079 931 2124; x_wconf 87' lang='grc' dir='ltr'><strong><em>τισιν</em></strong></span> <span class='ocrx_word' id='word_1_166' title='bbox 948 2056 1040 2135; x_wconf 85' lang='grc' dir='ltr'><strong><em>ύαλσς</em></strong></span> <span class='ocrx_word' id='word_1_167' title='bbox 1057 2061 1201 2144; x_wconf 72' lang='grc' dir='ltr'><strong><em>ένυβρίζει</em></strong></span> <span class='ocrx_word' id='word_1_168' title='bbox 1218 2059 1270 2126; x_wconf 84' lang='grc' dir='ltr'><strong><em>διά</em></strong></span> <span class='ocrx_word' id='word_1_169' title='bbox 1286 2062 1389 2144; x_wconf 76' lang='grc' dir='ltr'><strong><em>τέχνης</em></strong></span> <span class='ocrx_word' id='word_1_170' title='bbox 1407 2087 1497 2146; x_wconf 84' lang='grc' dir='ltr'><strong><em>παρσ-</em></strong></span> 
     </span>
    </p>
   </div>
   <div class='ocr_carea' id='block_1_3' title="bbox 343 2158 1538 2458">
    <p class='ocr_par' dir='ltr' id='par_1_3' title="bbox 343 2158 1538 2458">
     <span class='ocr_line' id='line_1_19' title="bbox 345 2158 1495 2253; baseline 0 -23"><span class='ocrx_word' id='word_1_171' title='bbox 345 2165 522 2248; x_wconf 84' lang='grc' dir='ltr'><strong><em>μσιουμένη,</em></strong></span> <span class='ocrx_word' id='word_1_172' title='bbox 544 2159 658 2230; x_wconf 85' lang='grc' dir='ltr'><strong><em>όπόταν</em></strong></span> <span class='ocrx_word' id='word_1_173' title='bbox 672 2161 712 2247; x_wconf 80' lang='grc' dir='ltr'><strong><em>μη</em></strong></span> <span class='ocrx_word' id='word_1_174' title='bbox 728 2169 810 2252; x_wconf 75' lang='grc' dir='ltr'><strong><em>παρῇ</em></strong></span> <span class='ocrx_word' id='word_1_175' title='bbox 825 2158 843 2227; x_wconf 90' lang='grc' dir='ltr'><strong><em>ό</em></strong></span> <span class='ocrx_word' id='word_1_176' title='bbox 862 2161 1005 2228; x_wconf 60' lang='grc' dir='ltr'><strong><em>λσθένων</em></strong></span> <span class='ocrx_word' id='word_1_177' title='bbox 1019 2159 1177 2244; x_wconf 86' lang='grc' dir='ltr'><strong><em>δοκιμύσαι</em></strong></span> <span class='ocrx_word' id='word_1_178' title='bbox 1192 2163 1244 2228; x_wconf 87' lang='grc' dir='ltr'><strong><em>καί</em></strong></span> <span class='ocrx_word' id='word_1_179' title='bbox 1256 2163 1341 2253; x_wconf 71' lang='grc' dir='ltr'><strong><em>τέχνη</em></strong></span> <span class='ocrx_word' id='word_1_180' title='bbox 1358 2166 1495 2250; x_wconf 78' lang='grc' dir='ltr'><strong><em>διελέγξω</em></strong></span> 
     </span>
     <span class='ocr_line' id='line_1_20' title="bbox 343 2260 1494 2354; baseline -0.014 -20"><span class='ocrx_word' id='word_1_181' title='bbox 343 2266 399 2351; x_wconf 71' lang='grc' dir='ltr'><strong><em>τὴν</em></strong></span> <span class='ocrx_word' id='word_1_182' title='bbox 412 2265 590 2352; x_wconf 80' lang='grc' dir='ltr'><strong><em>πανούργως</em></strong></span> <span class='ocrx_word' id='word_1_183' title='bbox 601 2266 770 2353; x_wconf 88' lang='grc' dir='ltr'><strong><em>γενομένην.</em></strong></span> <span class='ocrx_word' id='word_1_184' title='bbox 792 2263 887 2328; x_wconf 83' lang='grc' dir='ltr'><strong><em>Ὅταν</em></strong></span> <span class='ocrx_word' id='word_1_185' title='bbox 901 2265 934 2329; x_wconf 78' lang='grc' dir='ltr'><strong><em>δέ</em></strong></span> <span class='ocrx_word' id='word_1_186' title='bbox 947 2265 1069 2353; x_wconf 77' lang='grc' dir='ltr'><strong><em>έπιμιγῇ</em></strong></span> <span class='ocrx_word' id='word_1_187' title='bbox 1092 2260 1154 2330; x_wconf 72' lang='lat'><strong><em>¹⁰6</em></strong></span> <span class='ocrx_word' id='word_1_188' title='bbox 1168 2262 1275 2348; x_wconf 78' lang='grc' dir='ltr'><strong><em>χαλκός</em></strong></span> <span class='ocrx_word' id='word_1_189' title='bbox 1287 2268 1330 2342; x_wconf 83' lang='grc' dir='ltr'><strong><em>είς</em></strong></span> <span class='ocrx_word' id='word_1_190' title='bbox 1342 2263 1397 2332; x_wconf 70' lang='grc' dir='ltr'><strong><em>τὸν</em></strong></span> <span class='ocrx_word' id='word_1_191' title='bbox 1409 2265 1494 2354; x_wconf 57' lang='grc' dir='ltr'><strong><em>ἄψ.</em></strong></span> 
     </span>
     <span class='ocr_line' id='line_1_21' title="bbox 344 2359 1538 2458; baseline -0.007 -19"><span class='ocrx_word' id='word_1_192' title='bbox 344 2397 409 2458; x_wconf 89' lang='grc' dir='ltr'><strong><em>ρον,</em></strong></span> <span class='ocrx_word' id='word_1_193' title='bbox 429 2375 474 2448; x_wconf 88' lang='grc' dir='ltr'><strong><em>τίς</em></strong></span> <span class='ocrx_word' id='word_1_194' title='bbox 489 2367 618 2446; x_wconf 87' lang='grc' dir='ltr'><strong><em>εύκόλως</em></strong></span> <span class='ocrx_word' id='word_1_195' title='bbox 633 2365 789 2452; x_wconf 76' lang='grc' dir='ltr'><strong><em>δυνήσεται</em></strong></span> <span class='ocrx_word' id='word_1_196' title='bbox 803 2372 910 2433; x_wconf 87' lang='grc' dir='ltr'><strong><em>τοῦτον</em></strong></span> <span class='ocrx_word' id='word_1_197' title='bbox 930 2364 1146 2448; x_wconf 75' lang='grc' dir='ltr'><strong><em>ΙΙδοκιμύσαις</em></strong></span> <span class='ocrx_word' id='word_1_198' title='bbox 1158 2365 1226 2434; x_wconf 85' lang='grc' dir='ltr'><strong><em>Ἵνα</em></strong></span> <span class='ocrx_word' id='word_1_199' title='bbox 1241 2359 1297 2434; x_wconf 84' lang='grc' dir='ltr'><strong><em>σύν</em></strong></span> <span class='ocrx_word' id='word_1_200' title='bbox 1313 2366 1354 2452; x_wconf 70' lang='grc' dir='ltr'><strong><em>μή</em></strong></span> <span class='ocrx_word' id='word_1_201' title='bbox 1375 2368 1494 2455; x_wconf 64' lang='lat' dir='ltr'><strong><em>”md</em></strong></span> <span class='ocrx_word' id='word_1_202' title='bbox 1537 2369 1538 2412; x_wconf 73' lang='grc' dir='ltr'>ἶ</span> 
     </span>
    </p>
   </div>
   <div class='ocr_carea' id='block_1_4' title="bbox 225 2465 1537 4266">
    <p class='ocr_par' dir='ltr' id='par_1_4' title="bbox 225 2465 1537 4266">
     <span class='ocr_line' id='line_1_22' title="bbox 343 2465 1494 2559; baseline -0.003 -20"><span class='ocrx_word' id='word_1_203' title='bbox 343 2472 398 2557; x_wconf 72' lang='grc' dir='ltr'><strong><em>τὴν</em></strong></span> <span class='ocrx_word' id='word_1_204' title='bbox 418 2470 561 2559; x_wconf 75' lang='grc' dir='ltr'><strong><em>ἡμετέραν</em></strong></span> <span class='ocrx_word' id='word_1_205' title='bbox 589 2475 686 2538; x_wconf 74' lang='grc' dir='ltr'><strong><em>αἰτίαν</em></strong></span> <span class='ocrx_word' id='word_1_206' title='bbox 709 2467 951 2555; x_wconf 77' lang='grc' dir='ltr'><strong><em>συναρπάζωνταί</em></strong></span> <span class='ocrx_word' id='word_1_207' title='bbox 972 2493 1048 2544; x_wconf 87' lang='grc' dir='ltr'><strong><em>τινες</em></strong></span> <span class='ocrx_word' id='word_1_208' title='bbox 1076 2465 1117 2546; x_wconf 82' lang='grc' dir='ltr'><strong><em>ἀς</em></strong></span> <span class='ocrx_word' id='word_1_209' title='bbox 1141 2467 1276 2555; x_wconf 87' lang='grc' dir='ltr'><strong><em>πρόβατα</em></strong></span> <span class='ocrx_word' id='word_1_210' title='bbox 1300 2465 1363 2537; x_wconf 86' lang='grc' dir='ltr'><strong><em>ύπό</em></strong></span> <span class='ocrx_word' id='word_1_211' title='bbox 1385 2470 1494 2550; x_wconf 85' lang='grc' dir='ltr'><strong><em>λύκον,</em></strong></span> 
     </span>
     <span class='ocr_line' id='line_1_23' title="bbox 225 2570 1496 2662; baseline 0.005 -26"><span class='ocrx_word' id='word_1_212' title='bbox 225 2605 274 2650; x_wconf 72' lang='grc' dir='ltr'><strong><em>μς.</em></strong></span> <span class='ocrx_word' id='word_1_213' title='bbox 287 2592 332 2637; x_wconf 82' lang='grc' dir='ltr'><strong><em>ιιι.</em></strong></span> <span class='ocrx_word' id='word_1_214' title='bbox 345 2573 519 2662; x_wconf 89' lang='grc' dir='ltr'><strong><em>ἀγνοοῦντες</em></strong></span> <span class='ocrx_word' id='word_1_215' title='bbox 534 2572 643 2650; x_wconf 87' lang='grc' dir='ltr'><strong><em>αύτούς</em></strong></span> <span class='ocrx_word' id='word_1_216' title='bbox 660 2571 711 2640; x_wconf 88' lang='grc' dir='ltr'><strong><em>διά</em></strong></span> <span class='ocrx_word' id='word_1_217' title='bbox 727 2570 782 2655; x_wconf 74' lang='grc' dir='ltr'><strong><em>τὴν</em></strong></span> <span class='ocrx_word' id='word_1_218' title='bbox 801 2573 912 2650; x_wconf 76' lang='grc' dir='ltr'><strong><em>ἔξωθεν</em></strong></span> <span class='ocrx_word' id='word_1_219' title='bbox 928 2575 981 2654; x_wconf 76' lang='grc' dir='ltr'><strong><em>τῆς</em></strong></span> <span class='ocrx_word' id='word_1_220' title='bbox 997 2575 1177 2658; x_wconf 86' lang='grc' dir='ltr'><strong><em>προβατείου</em></strong></span> <span class='ocrx_word' id='word_1_221' title='bbox 1193 2575 1285 2659; x_wconf 79' lang='grc' dir='ltr'><strong><em>δορᾶς</em></strong></span> <span class='ocrx_word' id='word_1_222' title='bbox 1303 2572 1496 2658; x_wconf 72' lang='grc' dir='ltr'><strong><em>ηέπιβσλύν,</em></strong></span> 
     </span>
     <span class='ocr_line' id='line_1_24' title="bbox 345 2670 1496 2762; baseline 0 -19"><span class='ocrx_word' id='word_1_223' title='bbox 345 2675 401 2754; x_wconf 77' lang='grc' dir='ltr'><strong><em>οὓς</em></strong></span> <span class='ocrx_word' id='word_1_224' title='bbox 415 2675 575 2759; x_wconf 86' lang='grc' dir='ltr'><strong><em>φυλάσσειν</em></strong></span> <span class='ocrx_word' id='word_1_225' title='bbox 590 2673 789 2762; x_wconf 77' lang='grc' dir='ltr'><strong><em>παρήγγελκεν</em></strong></span> <span class='ocrx_word' id='word_1_226' title='bbox 804 2670 877 2756; x_wconf 75' lang='grc' dir='ltr'><strong><em>ἡμῖν</em></strong></span> <span class='ocrx_word' id='word_1_227' title='bbox 890 2670 909 2739; x_wconf 88' lang='grc' dir='ltr'><strong><em>ό</em></strong></span> <span class='ocrx_word' id='word_1_228' title='bbox 923 2671 1042 2759; x_wconf 86' lang='grc' dir='ltr'><strong><em>κύριος,</em></strong></span> <span class='ocrx_word' id='word_1_229' title='bbox 1064 2674 1153 2757; x_wconf 86' lang='grc' dir='ltr'><strong><em>δμοια</em></strong></span> <span class='ocrx_word' id='word_1_230' title='bbox 1168 2674 1220 2756; x_wconf 79' lang='grc' dir='ltr'><strong><em>μέν</em></strong></span> <span class='ocrx_word' id='word_1_231' title='bbox 1233 2681 1408 2758; x_wconf 83' lang='grc' dir='ltr'><strong><em>λαλοῦντας,</em></strong></span> <span class='ocrx_word' id='word_1_232' title='bbox 1431 2675 1496 2742; x_wconf 86' lang='grc' dir='ltr'><strong><em>ἀνό·</em></strong></span> 
     </span>
     <span class='ocr_line' id='line_1_25' title="bbox 344 2773 1497 2876; baseline -0.001 -30"><span class='ocrx_word' id='word_1_233' title='bbox 344 2804 414 2862; x_wconf 92' lang='grc' dir='ltr'><strong><em>μσια</em></strong></span> <span class='ocrx_word' id='word_1_234' title='bbox 435 2780 468 2844; x_wconf 80' lang='grc' dir='ltr'><strong><em>δὲ</em></strong></span> <span class='ocrx_word' id='word_1_235' title='bbox 488 2786 692 2867; x_wconf 84' lang='grc' dir='ltr'><strong><em>φρονοῦντας,</em></strong></span> <span class='ocrx_word' id='word_1_236' title='bbox 722 2773 885 2862; x_wconf 86' lang='grc' dir='ltr'><strong><em>ἀναγκαῖον</em></strong></span> <span class='ocrx_word' id='word_1_237' title='bbox 904 2773 1059 2862; x_wconf 74' lang='grc' dir='ltr'><strong><em>ἡγησάμην</em></strong></span> <span class='ocrx_word' id='word_1_238' title='bbox 1078 2773 1210 2876; x_wconf 73' lang='grc' dir='ltr'><strong><em>έντυχύν</em></strong></span> <span class='ocrx_word' id='word_1_239' title='bbox 1223 2786 1286 2854; x_wconf 88' lang='grc' dir='ltr'><strong><em>τοῖς</em></strong></span> <span class='ocrx_word' id='word_1_240' title='bbox 1306 2775 1497 2864; x_wconf 78' lang='grc' dir='ltr'><strong><em>ύπομνήμασι</em></strong></span> 
     </span>
     <span class='ocr_line' id='line_1_26' title="bbox 344 2873 1537 2967; baseline 0 -20"><span class='ocrx_word' id='word_1_241' title='bbox 344 2890 419 2962; x_wconf 78' lang='grc' dir='ltr'><strong><em>νῦν,</em></strong></span> <span class='ocrx_word' id='word_1_242' title='bbox 448 2878 490 2958; x_wconf 82' lang='grc' dir='ltr'><strong><em>ἀς</em></strong></span> <span class='ocrx_word' id='word_1_243' title='bbox 506 2879 593 2948; x_wconf 84' lang='grc' dir='ltr'><strong><em>αύτολ</em></strong></span> <span class='ocrx_word' id='word_1_244' title='bbox 605 2882 755 2967; x_wconf 90' lang='grc' dir='ltr'><strong><em>λέγουσιν,</em></strong></span> <span class='ocrx_word' id='word_1_245' title='bbox 787 2876 983 2946; x_wconf 77' lang='grc' dir='ltr'><strong><em>Οὐαλεντίνου</em></strong></span> <span class='ocrx_word' id='word_1_246' title='bbox 1000 2885 1161 2962; x_wconf 77' lang='grc' dir='ltr'><strong><em>μαθητῶν,</em></strong></span> <span class='ocrx_word' id='word_1_247' title='bbox 1189 2881 1277 2957; x_wconf 86' lang='grc' dir='ltr'><strong><em>ένέοις</em></strong></span> <span class='ocrx_word' id='word_1_248' title='bbox 1291 2878 1318 2947; x_wconf 84' lang='grc' dir='ltr'><strong><em>δ’</em></strong></span> <span class='ocrx_word' id='word_1_249' title='bbox 1333 2879 1435 2950; x_wconf 87' lang='grc' dir='ltr'><strong><em>αύτιῦν</em></strong></span> <span class='ocrx_word' id='word_1_250' title='bbox 1448 2884 1495 2948; x_wconf 79' lang='grc' dir='ltr'><strong><em>καλ</em></strong></span> <span class='ocrx_word' id='word_1_251' title='bbox 1536 2873 1537 2880; x_wconf 30' lang='lat'>¹</span> 
     </span>
     <span class='ocr_line' id='line_1_27' title="bbox 344 2979 1497 3072; baseline -0.002 -21"><span class='ocrx_word' id='word_1_252' title='bbox 344 2982 517 3068; x_wconf 86' lang='grc' dir='ltr'><strong><em>συμβαλοδν,</em></strong></span> <span class='ocrx_word' id='word_1_253' title='bbox 538 2985 588 3049; x_wconf 82' lang='grc' dir='ltr'><strong><em>καί</em></strong></span> <span class='ocrx_word' id='word_1_254' title='bbox 608 2981 843 3066; x_wconf 80' lang='grc' dir='ltr'><strong><em>καταλαβόμενος</em></strong></span> <span class='ocrx_word' id='word_1_255' title='bbox 858 2979 913 3065; x_wconf 75' lang='grc' dir='ltr'><strong><em>τήν</em></strong></span> <span class='ocrx_word' id='word_1_256' title='bbox 929 2979 1051 3067; x_wconf 83' lang='grc' dir='ltr'><strong><em>γνύμην</em></strong></span> <span class='ocrx_word' id='word_1_257' title='bbox 1065 2979 1178 3062; x_wconf 84' lang='grc' dir='ltr'><strong><em>αύτῦν,</em></strong></span> <span class='ocrx_word' id='word_1_258' title='bbox 1199 2981 1329 3066; x_wconf 87' lang='grc' dir='ltr'><strong><em>μηνύσοι</em></strong></span> <span class='ocrx_word' id='word_1_259' title='bbox 1340 3005 1389 3052; x_wconf 93' lang='grc' dir='ltr'><strong><em>σοι</em></strong></span> <span class='ocrx_word' id='word_1_260' title='bbox 1395 3035 1406 3066; x_wconf 93' lang='grc'><strong><em>,</em></strong></span> <span class='ocrx_word' id='word_1_261' title='bbox 1428 2983 1497 3072; x_wconf 82' lang='grc' dir='ltr'><strong><em>ἀγα-</em></strong></span> 
     </span>
     <span class='ocr_line' id='line_1_28' title="bbox 343 3081 1496 3173; baseline 0.002 -21"><span class='ocrx_word' id='word_1_262' title='bbox 343 3089 434 3171; x_wconf 80' lang='grc' dir='ltr'><strong><em>πητέ,</em></strong></span> <span class='ocrx_word' id='word_1_263' title='bbox 455 3086 492 3153; x_wconf 86' lang='grc' dir='ltr'><strong><em>τά</em></strong></span> <span class='ocrx_word' id='word_1_264' title='bbox 507 3089 656 3172; x_wconf 80' lang='grc' dir='ltr'><strong><em>τερατοόδη</em></strong></span> <span class='ocrx_word' id='word_1_265' title='bbox 672 3086 724 3152; x_wconf 83' lang='grc' dir='ltr'><strong><em>καί</em></strong></span> <span class='ocrx_word' id='word_1_266' title='bbox 738 3085 837 3169; x_wconf 88' lang='grc' dir='ltr'><strong><em>βαθέα</em></strong></span> <span class='ocrx_word' id='word_1_267' title='bbox 852 3082 1012 3170; x_wconf 78' lang='grc' dir='ltr'><strong><em>μυστήρια,</em></strong></span> <span class='ocrx_word' id='word_1_268' title='bbox 1034 3083 1055 3148; x_wconf 81' lang='grc' dir='ltr'><strong><em>ἀ</em></strong></span> <span class='ocrx_word' id='word_1_269' title='bbox 1072 3081 1109 3150; x_wconf 87' lang='grc' dir='ltr'><strong><em>ού</em></strong></span> <span class='ocrx_word' id='word_1_270' title='bbox 1126 3083 1233 3162; x_wconf 86' lang='grc' dir='ltr'><strong><em>πάντες</em></strong></span> <span class='ocrx_word' id='word_1_271' title='bbox 1246 3091 1412 3173; x_wconf 74' lang='grc' dir='ltr'><strong><em>χωροῦσιν,</em></strong></span> <span class='ocrx_word' id='word_1_272' title='bbox 1434 3089 1496 3154; x_wconf 84' lang='grc' dir='ltr'><strong><em>έπεί</em></strong></span> 
     </span>
     <span class='ocr_line' id='line_1_29' title="bbox 344 3183 1496 3276; baseline -0.002 -20"><span class='ocrx_word' id='word_1_273' title='bbox 344 3189 385 3276; x_wconf 75' lang='grc' dir='ltr'><strong><em>μὴ</em></strong></span> <span class='ocrx_word' id='word_1_274' title='bbox 400 3189 508 3266; x_wconf 84' lang='grc' dir='ltr'><strong><em>πάντες</em></strong></span> <span class='ocrx_word' id='word_1_275' title='bbox 522 3187 575 3257; x_wconf 86' lang='grc' dir='ltr'><strong><em>τόν</em></strong></span> <span class='ocrx_word' id='word_1_276' title='bbox 591 3189 754 3274; x_wconf 77' lang='grc' dir='ltr'><strong><em>ἐγκέφαλον</em></strong></span> <span class='ocrx_word' id='word_1_277' title='bbox 770 3183 974 3267; x_wconf 86' lang='grc' dir='ltr'><strong><em>έξεπτύκασιν,</em></strong></span> <span class='ocrx_word' id='word_1_278' title='bbox 996 3185 1080 3263; x_wconf 81' lang='grc' dir='ltr'><strong><em>ὅπως</em></strong></span> <span class='ocrx_word' id='word_1_279' title='bbox 1092 3189 1143 3254; x_wconf 84' lang='grc' dir='ltr'><strong><em>καλ</em></strong></span> <span class='ocrx_word' id='word_1_280' title='bbox 1158 3186 1195 3252; x_wconf 90' lang='grc' dir='ltr'><strong><em>σύ</em></strong></span> <span class='ocrx_word' id='word_1_281' title='bbox 1209 3187 1320 3271; x_wconf 78' lang='grc' dir='ltr'><strong><em>μαθοέν</em></strong></span> <span class='ocrx_word' id='word_1_282' title='bbox 1332 3185 1411 3256; x_wconf 89' lang='grc' dir='ltr'><strong><em>αύτά</em></strong></span> <span class='ocrx_word' id='word_1_283' title='bbox 1424 3196 1496 3256; x_wconf 76' lang='grc' dir='ltr'><strong><em>πᾶσι</em></strong></span> 
     </span>
     <span class='ocr_line' id='line_1_30' title="bbox 342 3287 1497 3380; baseline -0.001 -20"><span class='ocrx_word' id='word_1_284' title='bbox 342 3303 406 3370; x_wconf 85' lang='grc' dir='ltr'><strong><em>τοῖς</em></strong></span> <span class='ocrx_word' id='word_1_285' title='bbox 418 3291 490 3377; x_wconf 85' lang='grc' dir='ltr'><strong><em>μετά</em></strong></span> <span class='ocrx_word' id='word_1_286' title='bbox 506 3314 561 3360; x_wconf 88' lang='grc' dir='ltr'><strong><em>σου</em></strong></span> <span class='ocrx_word' id='word_1_287' title='bbox 577 3289 693 3378; x_wconf 82' lang='grc' dir='ltr'><strong><em>φανεροί</em></strong></span> <span class='ocrx_word' id='word_1_288' title='bbox 707 3289 844 3380; x_wconf 79' lang='grc' dir='ltr'><strong><em>ποιήσης,</em></strong></span> <span class='ocrx_word' id='word_1_289' title='bbox 866 3290 918 3355; x_wconf 85' lang='grc' dir='ltr'><strong><em>καί</em></strong></span> <span class='ocrx_word' id='word_1_290' title='bbox 932 3290 1112 3380; x_wconf 79' lang='grc' dir='ltr'><strong><em>παραινέσης</em></strong></span> <span class='ocrx_word' id='word_1_291' title='bbox 1126 3287 1228 3366; x_wconf 84' lang='grc' dir='ltr'><strong><em>αύτοῖς</em></strong></span> <span class='ocrx_word' id='word_1_292' title='bbox 1240 3289 1432 3372; x_wconf 80' lang='grc' dir='ltr'><strong><em>φυλάξασθαι</em></strong></span> <span class='ocrx_word' id='word_1_293' title='bbox 1446 3289 1497 3358; x_wconf 86' lang='grc' dir='ltr'><strong><em>τόν</em></strong></span> 
     </span>
     <span class='ocr_line' id='line_1_31' title="bbox 343 3388 1496 3480; baseline -0.013 -15"><span class='ocrx_word' id='word_1_294' title='bbox 343 3394 444 3480; x_wconf 82' lang='grc' dir='ltr'><strong><em>βυθόν</em></strong></span> <span class='ocrx_word' id='word_1_295' title='bbox 458 3401 512 3478; x_wconf 80' lang='grc' dir='ltr'><strong><em>τῆς</em></strong></span> <span class='ocrx_word' id='word_1_296' title='bbox 527 3393 630 3470; x_wconf 83' lang='grc' dir='ltr'><strong><em>ἀνοίας</em></strong></span> <span class='ocrx_word' id='word_1_297' title='bbox 642 3396 692 3460; x_wconf 77' lang='grc' dir='ltr'><strong><em>καί</em></strong></span> <span class='ocrx_word' id='word_1_298' title='bbox 708 3401 762 3477; x_wconf 80' lang='grc' dir='ltr'><strong><em>τῆς</em></strong></span> <span class='ocrx_word' id='word_1_299' title='bbox 778 3396 820 3469; x_wconf 85' lang='grc' dir='ltr'><strong><em>είς</em></strong></span> <span class='ocrx_word' id='word_1_300' title='bbox 840 3388 1010 3478; x_wconf 64' lang='grc' dir='ltr'><strong><em>1’ῑδέριστδν</em></strong></span> <span class='ocrx_word' id='word_1_301' title='bbox 1024 3394 1220 3476; x_wconf 76' lang='grc' dir='ltr'><strong><em>βλασφημίας,</em></strong></span> <span class='ocrx_word' id='word_1_302' title='bbox 1241 3395 1304 3474; x_wconf 83' lang='grc' dir='ltr'><strong><em>καί,</em></strong></span> <span class='ocrx_word' id='word_1_303' title='bbox 1326 3394 1433 3472; x_wconf 68' lang='grc' dir='ltr'><strong><em>καθώς</em></strong></span> <span class='ocrx_word' id='word_1_304' title='bbox 1447 3393 1496 3460; x_wconf 71' lang='grc' dir='ltr'><strong><em>δύ.</em></strong></span> 
     </span>
     <span class='ocr_line' id='line_1_32' title="bbox 343 3491 1496 3583; baseline 0.001 -19"><span class='ocrx_word' id='word_1_305' title='bbox 343 3525 430 3582; x_wconf 90' lang='grc' dir='ltr'><strong><em>ναμις</em></strong></span> <span class='ocrx_word' id='word_1_306' title='bbox 447 3495 535 3582; x_wconf 74' lang='grc' dir='ltr'><strong><em>ἡμῖν,</em></strong></span> <span class='ocrx_word' id='word_1_307' title='bbox 563 3496 619 3580; x_wconf 78' lang='grc' dir='ltr'><strong><em>τήν</em></strong></span> <span class='ocrx_word' id='word_1_308' title='bbox 639 3521 670 3562; x_wconf 84' lang='grc' dir='ltr'><strong><em>τε</em></strong></span> <span class='ocrx_word' id='word_1_309' title='bbox 687 3495 807 3583; x_wconf 79' lang='grc' dir='ltr'><strong><em>γνοέμην</em></strong></span> <span class='ocrx_word' id='word_1_310' title='bbox 823 3491 922 3562; x_wconf 84' lang='grc' dir='ltr'><strong><em>αύτοῦν</em></strong></span> <span class='ocrx_word' id='word_1_311' title='bbox 942 3500 1002 3560; x_wconf 81' lang='grc' dir='ltr'><strong><em>τῶν</em></strong></span> <span class='ocrx_word' id='word_1_312' title='bbox 1022 3500 1078 3560; x_wconf 91' lang='grc' dir='ltr'><strong><em>νῦν</em></strong></span> <span class='ocrx_word' id='word_1_313' title='bbox 1095 3495 1395 3580; x_wconf 83' lang='grc' dir='ltr'><strong><em>παροδιδασκόνταν,</em></strong></span> <span class='ocrx_word' id='word_1_314' title='bbox 1423 3499 1496 3583; x_wconf 80' lang='grc' dir='ltr'><strong><em>λέγω</em></strong></span> 
     </span>
     <span class='ocr_line' id='line_1_33' title="bbox 342 3588 1496 3689; baseline 0 -23"><span class='ocrx_word' id='word_1_315' title='bbox 342 3599 381 3683; x_wconf 74' lang='grc' dir='ltr'><em>δὴ</em></span> <span class='ocrx_word' id='word_1_316' title='bbox 398 3608 458 3668; x_wconf 81' lang='grc' dir='ltr'><strong><em>νῦν</em></strong></span> <span class='ocrx_word' id='word_1_317' title='bbox 475 3602 544 3689; x_wconf 83' lang='grc' dir='ltr'><strong><em>περί</em></strong></span> <span class='ocrx_word' id='word_1_318' title='bbox 564 3605 765 3682; x_wconf 87' lang='grc' dir='ltr'><strong><em>Πτολεμαῖον,</em></strong></span> <span class='ocrx_word' id='word_1_319' title='bbox 796 3595 971 3681; x_wconf 85' lang='grc' dir='ltr'><strong><em>ἀπάνθισμα</em></strong></span> <span class='ocrx_word' id='word_1_320' title='bbox 990 3588 1083 3664; x_wconf 89' lang='grc' dir='ltr'><strong><em>ούσαν</em></strong></span> <span class='ocrx_word' id='word_1_321' title='bbox 1100 3604 1153 3680; x_wconf 81' lang='grc' dir='ltr'><strong><em>τῆς</em></strong></span> <span class='ocrx_word' id='word_1_322' title='bbox 1169 3595 1365 3666; x_wconf 82' lang='grc' dir='ltr'><strong><em>Ούαλεντένον</em></strong></span> <span class='ocrx_word' id='word_1_323' title='bbox 1381 3608 1496 3684; x_wconf 72' lang='grc' dir='ltr'><strong><em>σχολῆς,</em></strong></span> 
     </span>
     <span class='ocr_line' id='line_1_34' title="bbox 342 3697 1496 3788; baseline 0.002 -22"><span class='ocrx_word' id='word_1_324' title='bbox 342 3701 495 3786; x_wconf 84' lang='grc' dir='ltr'><strong><em>συντόμως</em></strong></span> <span class='ocrx_word' id='word_1_325' title='bbox 514 3703 567 3768; x_wconf 84' lang='grc' dir='ltr'><strong><em>καί</em></strong></span> <span class='ocrx_word' id='word_1_326' title='bbox 586 3707 691 3783; x_wconf 75' lang='grc' dir='ltr'><strong><em>σαφοῦς</em></strong></span> <span class='ocrx_word' id='word_1_327' title='bbox 708 3699 943 3788; x_wconf 85' lang='grc' dir='ltr'><strong><em>ἀπαγγελοῦμεν,</em></strong></span> <span class='ocrx_word' id='word_1_328' title='bbox 973 3701 1025 3766; x_wconf 78' lang='grc' dir='ltr'><strong><em>καί</em></strong></span> <span class='ocrx_word' id='word_1_329' title='bbox 1042 3697 1181 3786; x_wconf 85' lang='grc' dir='ltr'><strong><em>ἀφορμάς</em></strong></span> <span class='ocrx_word' id='word_1_330' title='bbox 1197 3697 1332 3784; x_wconf 78' lang='grc' dir='ltr'><strong><em>δοόσομεν</em></strong></span> <span class='ocrx_word' id='word_1_331' title='bbox 1348 3702 1426 3768; x_wconf 83' lang='grc' dir='ltr'><strong><em>κατά</em></strong></span> <span class='ocrx_word' id='word_1_332' title='bbox 1442 3701 1496 3787; x_wconf 69' lang='grc' dir='ltr'><strong><em>τὴν</em></strong></span> 
     </span>
     <span class='ocr_line' id='line_1_35' title="bbox 342 3799 1496 3892; baseline 0 -24"><span class='ocrx_word' id='word_1_333' title='bbox 342 3799 484 3891; x_wconf 76' lang='grc' dir='ltr'><strong><em>ἡμετέραν</em></strong></span> <span class='ocrx_word' id='word_1_334' title='bbox 499 3803 670 3890; x_wconf 87' lang='grc' dir='ltr'><strong><em>μετριότητα</em></strong></span> <span class='ocrx_word' id='word_1_335' title='bbox 684 3803 760 3889; x_wconf 87' lang='grc' dir='ltr'><strong><em>πρός</em></strong></span> <span class='ocrx_word' id='word_1_336' title='bbox 775 3802 808 3870; x_wconf 88' lang='grc' dir='ltr'><strong><em>τό</em></strong></span> <span class='ocrx_word' id='word_1_337' title='bbox 823 3801 997 3892; x_wconf 87' lang='grc' dir='ltr'><strong><em>ἀνατρέπειν</em></strong></span> <span class='ocrx_word' id='word_1_338' title='bbox 1011 3799 1116 3885; x_wconf 74' lang='grc' dir='ltr'><strong><em>αύτύν,</em></strong></span> <span class='ocrx_word' id='word_1_339' title='bbox 1136 3799 1280 3869; x_wconf 85' lang='grc' dir='ltr'><strong><em>ἀλλόκοτα</em></strong></span> <span class='ocrx_word' id='word_1_340' title='bbox 1291 3807 1345 3870; x_wconf 86' lang='grc' dir='ltr'><strong><em>καλ</em></strong></span> <span class='ocrx_word' id='word_1_341' title='bbox 1362 3803 1496 3892; x_wconf 65' lang='grc' dir='ltr'><strong><em>Ιέάνάρ.</em></strong></span> 
     </span>
     <span class='ocr_line' id='line_1_36' title="bbox 341 3902 1496 3997; baseline 0.004 -28"><span class='ocrx_word' id='word_1_342' title='bbox 341 3926 435 3988; x_wconf 89' lang='grc' dir='ltr'><strong><em>μοστα</em></strong></span> <span class='ocrx_word' id='word_1_343' title='bbox 448 3914 484 3996; x_wconf 74' lang='grc' dir='ltr'><strong><em>τῇ</em></strong></span> <span class='ocrx_word' id='word_1_344' title='bbox 500 3905 626 3997; x_wconf 82' lang='grc' dir='ltr'><strong><em>ἀληθεέρι</em></strong></span> <span class='ocrx_word' id='word_1_345' title='bbox 645 3905 859 3983; x_wconf 73' lang='grc' dir='ltr'><strong><em>ἐπιδεικνύντες</em></strong></span> <span class='ocrx_word' id='word_1_346' title='bbox 873 3904 909 3971; x_wconf 87' lang='grc' dir='ltr'><strong><em>τά</em></strong></span> <span class='ocrx_word' id='word_1_347' title='bbox 923 3902 974 3972; x_wconf 83' lang='grc' dir='ltr'><strong><em>ἀπ’</em></strong></span> <span class='ocrx_word' id='word_1_348' title='bbox 990 3902 1089 3970; x_wconf 82' lang='grc' dir='ltr'><strong><em>αάτῦν</em></strong></span> <span class='ocrx_word' id='word_1_349' title='bbox 1102 3903 1258 3991; x_wconf 89' lang='grc' dir='ltr'><strong><em>λεγόμενα,</em></strong></span> <span class='ocrx_word' id='word_1_350' title='bbox 1279 3905 1354 3990; x_wconf 80' lang='grc' dir='ltr'><strong><em>μήτε</em></strong></span> <span class='ocrx_word' id='word_1_351' title='bbox 1369 3907 1496 3996; x_wconf 87' lang='grc' dir='ltr'><strong><em>συγγρά-</em></strong></span> 
     </span>
     <span class='ocr_line' id='line_1_37' title="bbox 373 4059 1496 4131; baseline 0.003 -18"><span class='ocrx_word' id='word_1_352' title='bbox 373 4062 397 4113; x_wconf 76' lang='grc'><strong><em>5.</em></strong></span> <span class='ocrx_word' id='word_1_353' title='bbox 414 4060 459 4114; x_wconf 86' lang='grc' dir='ltr'><strong><em>τοῦ</em></strong></span> <span class='ocrx_word' id='word_1_354' title='bbox 476 4063 561 4113; x_wconf 70' lang='lat' dir='ltr'>addidi</span> <span class='ocrx_word' id='word_1_355' title='bbox 577 4077 607 4114; x_wconf 83' lang='grc' dir='ltr'><strong><em>ια</em></strong></span> <span class='ocrx_word' id='word_1_356' title='bbox 622 4066 673 4114; x_wconf 81' lang='lat' dir='ltr'>cod.</span> <span class='ocrx_word' id='word_1_357' title='bbox 691 4067 745 4115; x_wconf 80' lang='grc' dir='ltr'><strong><em>λἰυ.</em></strong></span> <span class='ocrx_word' id='word_1_358' title='bbox 932 4064 1025 4116; x_wconf 59' lang='lat' dir='ltr'><strong><em>Putavit·</em></strong></span> <span class='ocrx_word' id='word_1_359' title='bbox 1037 4067 1095 4112; x_wconf 77' lang='grc' dir='ltr'><strong><em>πολ.</em></strong></span> <span class='ocrx_word' id='word_1_360' title='bbox 1130 4059 1246 4131; x_wconf 80' lang='grc' dir='ltr'><strong><em>παρέχειν</em></strong></span> <span class='ocrx_word' id='word_1_361' title='bbox 1259 4065 1331 4127; x_wconf 78' lang='grc' dir='ltr'><strong><em>υυλςο</em></strong></span> <span class='ocrx_word' id='word_1_362' title='bbox 1344 4069 1418 4115; x_wconf 71' lang='grc' dir='ltr'><strong><em>επακ</em></strong></span> <span class='ocrx_word' id='word_1_363' title='bbox 1447 4067 1496 4116; x_wconf 77' lang='grc' dir='ltr'><strong><em>Βιλ-</em></strong></span> 
     </span>
     <span class='ocr_line' id='line_1_38' title="bbox 371 4123 1358 4198; baseline 0.003 -17"><span class='ocrx_word' id='word_1_364' title='bbox 371 4127 396 4181; x_wconf 79' lang='grc'><strong><em>6.</em></strong></span> <span class='ocrx_word' id='word_1_365' title='bbox 415 4123 483 4195; x_wconf 73' lang='grc' dir='ltr'><strong><em>μηδέ</em></strong></span> <span class='ocrx_word' id='word_1_366' title='bbox 505 4127 530 4182; x_wconf 77' lang='grc' dir='ltr'><strong><em>έν</em></strong></span> <span class='ocrx_word' id='word_1_367' title='bbox 554 4147 591 4198; x_wconf 83' lang='grc' dir='ltr'><strong><em>τῳ</em></strong></span> <span class='ocrx_word' id='word_1_368' title='bbox 615 4135 698 4195; x_wconf 72' lang='lat' dir='ltr'><strong><em>scripu·</em></strong></span> <span class='ocrx_word' id='word_1_369' title='bbox 720 4145 764 4196; x_wconf 85' lang='grc' dir='ltr'><strong><em>ρτσ</em></strong></span> <span class='ocrx_word' id='word_1_370' title='bbox 787 4145 814 4182; x_wconf 80' lang='lat' dir='ltr'><strong><em>eo</em></strong></span> <span class='ocrx_word' id='word_1_371' title='bbox 836 4133 899 4195; x_wconf 80' lang='grc' dir='ltr'><strong><em>φασδ</em></strong></span> <span class='ocrx_word' id='word_1_372' title='bbox 932 4135 978 4184; x_wconf 85' lang='grc' dir='ltr'><strong><em>λιάτ</em></strong></span> <span class='ocrx_word' id='word_1_373' title='bbox 994 4131 1085 4180; x_wconf 68' lang='lat' dir='ltr'><strong><em>vomat</em></strong></span> <span class='ocrx_word' id='word_1_374' title='bbox 1101 4129 1217 4198; x_wconf 80' lang='grc' dir='ltr'><strong><em>παρέχειν</em></strong></span> <span class='ocrx_word' id='word_1_375' title='bbox 1233 4129 1358 4198; x_wconf 80' lang='grc' dir='ltr'><strong><em>φαίνεται.</em></strong></span> 
     </span>
     <span class='ocr_line' id='line_1_39' title="bbox 338 4194 1496 4266; baseline 0.008 -18"><span class='ocrx_word' id='word_1_376' title='bbox 338 4211 416 4248; x_wconf 73' lang='lat' dir='ltr'><strong><em>omna</em></strong></span> <span class='ocrx_word' id='word_1_377' title='bbox 431 4199 485 4248; x_wconf 73' lang='grc' dir='ltr'><strong><em>λίπ’</em></strong></span> <span class='ocrx_word' id='word_1_378' title='bbox 501 4200 586 4249; x_wconf 72' lang='lat' dir='ltr'><em>habent</em></span> <span class='ocrx_word' id='word_1_379' title='bbox 601 4194 670 4266; x_wconf 74' lang='grc' dir='ltr'><strong><em>μησὶ</em></strong></span> <span class='ocrx_word' id='word_1_380' title='bbox 687 4197 712 4252; x_wconf 82' lang='grc' dir='ltr'><strong><em>έν</em></strong></span> <span class='ocrx_word' id='word_1_381' title='bbox 729 4201 776 4252; x_wconf 79' lang='grc' dir='ltr'><strong><em>τοῦ.</em></strong></span> <span class='ocrx_word' id='word_1_382' title='bbox 810 4202 901 4252; x_wconf 62' lang='lat' dir='ltr'><strong><em>Irenae!</em></strong></span> <span class='ocrx_word' id='word_1_383' title='bbox 967 4201 992 4253; x_wconf 83' lang='lat'><strong><em>8.</em></strong></span> <span class='ocrx_word' id='word_1_384' title='bbox 1010 4199 1046 4248; x_wconf 82' lang='grc' dir='ltr'><strong><em>λιο</em></strong></span> <span class='ocrx_word' id='word_1_385' title='bbox 1061 4201 1176 4260; x_wconf 71' lang='grc' dir='ltr'><strong><em>ιντοιτρνλ</em></strong></span> <span class='ocrx_word' id='word_1_386' title='bbox 1201 4199 1362 4252; x_wconf 62' lang='lat' dir='ltr'><strong><em>tibrim</em></strong></span> <span class='ocrx_word' id='word_1_387' title='bbox 1377 4196 1427 4256; x_wconf 82' lang='grc' dir='ltr'><strong><em>ύπδ</em></strong></span> <span class='ocrx_word' id='word_1_388' title='bbox 1443 4203 1496 4256; x_wconf 82' lang='grc' dir='ltr'><strong><em>τοῦ.</em></strong></span> 
     </span>
    </p>
   </div>
   <div class='ocr_carea' id='block_1_5' title="bbox 334 4253 1496 4612">
    <p class='ocr_par' dir='ltr' id='par_1_5' title="bbox 336 4253 1246 4350">
     <span class='ocr_line' id='line_1_40' title="bbox 336 4253 1246 4350; baseline 0.001 -33"><span class='ocrx_word' id='word_1_389' title='bbox 336 4267 435 4329; x_wconf 74' lang='lat' dir='ltr'><strong><em>lntcmr.</em></strong></span> <span class='ocrx_word' id='word_1_390' title='bbox 453 4267 520 4316; x_wconf 80' lang='grc' dir='ltr'><strong><em>δαδεί</em></strong></span> <span class='ocrx_word' id='word_1_391' title='bbox 537 4282 588 4316; x_wconf 86' lang='lat' dir='ltr'><strong><em>non</em></strong></span> <span class='ocrx_word' id='word_1_392' title='bbox 606 4253 899 4318; x_wconf 66' lang='lat' dir='ltr'>discemere&#39;nlentium</span> <span class='ocrx_word' id='word_1_393' title='bbox 966 4265 991 4320; x_wconf 85' lang='grc'><strong><em>9.</em></strong></span> <span class='ocrx_word' id='word_1_394' title='bbox 1010 4261 1104 4350; x_wconf 59' lang='grc' dir='ltr'><strong><em>έσγύων</em></strong></span> <span class='ocrx_word' id='word_1_395' title='bbox 1121 4267 1173 4316; x_wconf 83' lang='grc' dir='ltr'><strong><em>σσδ.</em></strong></span> <span class='ocrx_word' id='word_1_396' title='bbox 1191 4268 1246 4334; x_wconf 69' lang='lat' dir='ltr'><strong><em>Vm.</em></strong></span> 
     </span>
    </p>

    <p class='ocr_par' dir='ltr' id='par_1_6' title="bbox 337 4333 1175 4406">
     <span class='ocr_line' id='line_1_41' title="bbox 337 4333 1175 4406; baseline 0.002 -23"><span class='ocrx_word' id='word_1_397' title='bbox 337 4333 428 4384; x_wconf 79' lang='grc' dir='ltr'><strong><em>ίιίευιπ</em></strong></span> <span class='ocrx_word' id='word_1_398' title='bbox 450 4351 465 4384; x_wconf 85' lang='grc' dir='ltr'><strong><em>κ</em></strong></span> <span class='ocrx_word' id='word_1_399' title='bbox 485 4349 555 4384; x_wconf 81' lang='grc' dir='ltr'><strong><em>τετυ.</em></strong></span> <span class='ocrx_word' id='word_1_400' title='bbox 589 4337 659 4385; x_wconf 69' lang='lat' dir='ltr'><strong>flutio</strong></span> <span class='ocrx_word' id='word_1_401' title='bbox 675 4337 735 4385; x_wconf 87' lang='grc' dir='ltr'><strong><em>ίίλαδ</em></strong></span> <span class='ocrx_word' id='word_1_402' title='bbox 756 4333 786 4391; x_wconf 73' lang='grc' dir='ltr'><strong><em>δέ</em></strong></span> <span class='ocrx_word' id='word_1_403' title='bbox 810 4334 836 4388; x_wconf 79' lang='grc' dir='ltr'><strong><em>έν</em></strong></span> <span class='ocrx_word' id='word_1_404' title='bbox 859 4335 897 4406; x_wconf 75' lang='grc' dir='ltr'><strong><em>τῷ</em></strong></span> <span class='ocrx_word' id='word_1_405' title='bbox 968 4335 1007 4386; x_wconf 88' lang='grc'><strong><em>10.</em></strong></span> <span class='ocrx_word' id='word_1_406' title='bbox 1025 4351 1039 4386; x_wconf 90' lang='grc' dir='ltr'><strong><em>σ</em></strong></span> <span class='ocrx_word' id='word_1_407' title='bbox 1057 4348 1102 4384; x_wconf 76' lang='grc' dir='ltr'><strong><em>σοι.</em></strong></span> <span class='ocrx_word' id='word_1_408' title='bbox 1121 4335 1175 4385; x_wconf 75' lang='lat' dir='ltr'><strong><em>Vm.</em></strong></span> 
     </span>
    </p>

    <p class='ocr_par' dir='ltr' id='par_1_7' title="bbox 334 4395 1496 4468">
     <span class='ocr_line' id='line_1_42' title="bbox 334 4395 1496 4468; baseline 0.005 -16"><span class='ocrx_word' id='word_1_409' title='bbox 334 4405 407 4464; x_wconf 75' lang='grc' dir='ltr'><strong><em>ριιπ</em></strong></span> <span class='ocrx_word' id='word_1_410' title='bbox 430 4403 571 4465; x_wconf 71' lang='lat' dir='ltr'><strong><em>aetenam,</em></strong></span> <span class='ocrx_word' id='word_1_411' title='bbox 605 4404 692 4452; x_wconf 73' lang='grc' dir='ltr'><strong><em>σπου</em></strong></span> <span class='ocrx_word' id='word_1_412' title='bbox 715 4400 752 4467; x_wconf 71' lang='grc' dir='ltr'><strong><em>μὴ</em></strong></span> <span class='ocrx_word' id='word_1_413' title='bbox 777 4399 896 4465; x_wconf 74' lang='grc' dir='ltr'><strong><em>κιόντος,</em></strong></span> <span class='ocrx_word' id='word_1_414' title='bbox 967 4402 1006 4453; x_wconf 87' lang='lat'><strong><em>11.</em></strong></span> <span class='ocrx_word' id='word_1_415' title='bbox 1020 4395 1299 4468; x_wconf 71' lang='grc' dir='ltr'><strong><em>ἀντροίοςςωοοιιιο</em></strong></span> <span class='ocrx_word' id='word_1_416' title='bbox 1309 4409 1496 4458; x_wconf 63' lang='lat' dir='ltr'><strong><em>enatantem.</em></strong></span> 
     </span>
    </p>

    <p class='ocr_par' dir='ltr' id='par_1_8' title="bbox 336 4467 1496 4612">
     <span class='ocr_line' id='line_1_43' title="bbox 336 4467 1496 4537; baseline 0.003 -17"><span class='ocrx_word' id='word_1_417' title='bbox 336 4471 454 4522; x_wconf 73' lang='grc' dir='ltr'><strong><em>Ισνευτίο</em></strong></span> <span class='ocrx_word' id='word_1_418' title='bbox 465 4469 545 4535; x_wconf 82' lang='grc' dir='ltr'><strong><em>μηδέν</em></strong></span> <span class='ocrx_word' id='word_1_419' title='bbox 557 4486 582 4522; x_wconf 88' lang='grc' dir='ltr'><strong><em>τι</em></strong></span> <span class='ocrx_word' id='word_1_420' title='bbox 590 4471 756 4520; x_wconf 67' lang='lat' dir='ltr'><strong><em>mutuandum</em></strong></span> <span class='ocrx_word' id='word_1_421' title='bbox 765 4474 895 4524; x_wconf 81' lang='grc' dir='ltr'><strong><em>τιν’διδοίντ.</em></strong></span> <span class='ocrx_word' id='word_1_422' title='bbox 929 4467 1076 4537; x_wconf 75' lang='grc' dir='ltr'><strong><em>δοκηιάσσι,</em></strong></span> <span class='ocrx_word' id='word_1_423' title='bbox 1092 4471 1178 4522; x_wconf 70' lang='lat' dir='ltr'><strong><em>manet</em></strong></span> <span class='ocrx_word' id='word_1_424' title='bbox 1188 4473 1218 4522; x_wconf 82' lang='grc' dir='ltr'><strong><em>δι</em></strong></span> <span class='ocrx_word' id='word_1_425' title='bbox 1228 4475 1366 4526; x_wconf 68' lang='lat' dir='ltr'><strong><em>mm</em></strong></span> <span class='ocrx_word' id='word_1_426' title='bbox 1378 4475 1432 4526; x_wconf 83' lang='grc' dir='ltr'><strong><em>οσδ.</em></strong></span> <span class='ocrx_word' id='word_1_427' title='bbox 1444 4477 1496 4526; x_wconf 72' lang='lat' dir='ltr'><strong><em>Vn.</em></strong></span> 
     </span>
     <span class='ocr_line' id='line_1_44' title="bbox 371 4535 1494 4612; baseline 0.003 -22"><span class='ocrx_word' id='word_1_428' title='bbox 371 4535 394 4590; x_wconf 84' lang='lat'><strong><em>7.</em></strong></span> <span class='ocrx_word' id='word_1_429' title='bbox 411 4537 516 4607; x_wconf 76' lang='grc' dir='ltr'><strong><em>παρέχει</em></strong></span> <span class='ocrx_word' id='word_1_430' title='bbox 536 4539 588 4591; x_wconf 78' lang='grc' dir='ltr'><strong><em>τοῦ.</em></strong></span> <span class='ocrx_word' id='word_1_431' title='bbox 607 4536 662 4588; x_wconf 70' lang='lat' dir='ltr'><strong><em>Vm</em></strong></span> <span class='ocrx_word' id='word_1_432' title='bbox 683 4551 744 4602; x_wconf 86' lang='grc' dir='ltr'><strong><em>ςυοι</em></strong></span> <span class='ocrx_word' id='word_1_433' title='bbox 764 4541 896 4592; x_wconf 68' lang='lat' dir='ltr'><strong><em>tonitam</em></strong></span> <span class='ocrx_word' id='word_1_434' title='bbox 929 4541 978 4592; x_wconf 74' lang='lat' dir='ltr'><strong><em>Sed</em></strong></span> <span class='ocrx_word' id='word_1_435' title='bbox 994 4551 1048 4590; x_wconf 86' lang='grc' dir='ltr'><strong><em>ιιιιιι</em></strong></span> <span class='ocrx_word' id='word_1_436' title='bbox 1070 4537 1117 4592; x_wconf 71' lang='grc' dir='ltr'><strong><em>δελ.</em></strong></span> <span class='ocrx_word' id='word_1_437' title='bbox 1131 4539 1221 4592; x_wconf 72' lang='lat' dir='ltr'><em>lmen·</em></span> <span class='ocrx_word' id='word_1_438' title='bbox 1235 4541 1333 4606; x_wconf 82' lang='grc' dir='ltr'><strong><em>λιιιαρι.</em></strong></span> <span class='ocrx_word' id='word_1_439' title='bbox 1350 4543 1438 4596; x_wconf 79' lang='grc' dir='ltr'><strong><em>λσλτολ</em></strong></span> <span class='ocrx_word' id='word_1_440' title='bbox 1453 4541 1494 4612; x_wconf 78' lang='lat' dir='ltr'><strong><em>qui</em></strong></span> 
     </span>
    </p>
   </div>
   <div class='ocr_carea' id='block_1_6' title="bbox 0 0 1552 4988">
    <p class='ocr_par' dir='ltr' id='par_1_9' title="bbox 0 0 1552 4988">
     <span class='ocr_line' id='line_1_45' title="bbox 0 0 1552 4988; baseline 0 0"><span class='ocrx_word' id='word_1_441' title='bbox 0 0 1552 4988; x_wconf 95' lang='lat' dir='ltr'><strong><em> </em></strong></span> 
     </span>
    </p>
   </div>
  </div>
 </body>
</html>
