3106 4990
280 269 341 332 470
696 279 817 332 οκαοει
840 281 1009 332 nmmum

280 418 351 462 στου
371 405 434 472 τοῖς
454 403 545 462 πᾶσιν
562 399 700 482 εἰρῆσθαι
726 397 879 462 Βθέλουσι.
923 398 983 461 Καὶ
1006 395 1052 464 δτι
1072 397 1126 480 μλν
1147 400 1215 484 περλ
1231 405 1286 466 τοῦ
1303 395 1443 482 ἄορᾶτου

281 497 393 580 πατρός
407 501 456 563 καλ
473 507 599 580 ποιητοῦ
612 507 671 564 τῶν
684 498 761 565 ὅλοιν
775 502 886 582 εἴρηται
899 497 943 578 τό,
966 497 1073 576 Ούδελς
1087 498 1194 581 ὄψεται
1206 500 1259 566 τόν
1271 498 1353 574 θεόν,
1374 507 1442 566 στῦ-

282 623 328 667 σιν
351 598 422 684 ἡμῖν
442 601 573 686 φανερόν
594 605 688 680 ἐστιν,
719 601 766 667 ότι
787 604 818 666 δὲ
836 599 906 666 ούδέ
924 604 1062 686 περὶτοῦ
1079 591 1441 686 ’λύπότούτοονπαρεττι-

281 705 446 786 νοουμένου
469 711 591 784 Βυθοῦ,
622 702 693 793 ἄλλύ
714 706 783 789 περὶ
806 711 859 770 τοῦ
884 713 1094 790 Δημιουργοῦ,
1125 708 1176 772 καλ
1201 703 1291 781 αύτός
1313 707 1394 772 ἐστιν
1419 704 1442 772 ό

282 806 411 892 α’όρατος
426 805 515 886 θεός,
538 805 724 890 δειχθήσεται
741 805 900 892 τοῦλόγου
917 806 1084 892 προιόντος.
1129 811 1190 874 Καὶ
1205 807 1258 874 τόν
1273 807 1386 889 Δανιὴλ
1404 811 1442 874 δὲ

279 909 312 977 τό
335 908 406 986 αύτδ
428 917 515 975 τοῦτο
537 915 690 992 σημαίνειν
709 913 740 975 ἐν
762 917 827 998 ὃτῷ
846 912 995 994 ἐπερωτᾶν
1012 908 1064 976 τόν
1083 909 1204 996 ἄγγελον
1220 908 1272 988 τύς
1289 907 1444 988 ἐπιλύσεις

279 1022 338 1079 τῶν
354 1017 547 1098 παραβολῶν,
579 1009 620 1088 οἷς
636 1011 676 1095 μὴ
692 1010 798 1078 εἰδότα.
840 1010 926 1076 Ἀλλύ
948 1013 1024 1078 6καλ
1039 1013 1091 1080 τόν
1105 1012 1228 1100 ἄγγελον
1244 1010 1440 1096 ἄποκρυπτό-

280 1142 368 1200 μενον
383 1115 432 1182 ἄπ’
447 1113 540 1181 αύτοῦ
554 1113 587 1180 τύ
604 1116 677 1199 μέγα
690 1114 853 1200 μυστήριον
865 1121 919 1181 τοῦ
934 1121 1042 1182 Βυθοῦ
1058 1118 1151 1182 εἰπεῖν
1166 1113 1259 1205 αύτῷ,
1280 1113 1443 1200 Ἀπότρεχε

280 1219 407 1303 Δανιήλ·
431 1211 512 1284 ούτοι
529 1216 585 1303 γᾶρ
599 1221 630 1282 ολ
640 1216 722 1303 λόγοι
738 1218 977 1302 ἐμπεφραγμένοι
990 1220 1073 1298 εἰσλν,
1095 1221 1152 1294 ἕως
1164 1221 1196 1284 οἰ
1208 1219 1349 1292 συνιέντες
1362 1238 1441 1282 συν»

281 1329 361 1404 ιῦσι,
390 1323 442 1387 καὶ
459 1325 490 1386 οἱ
501 1322 601 1386 λευκοὶ
616 1326 811 1386 λευκανθιῦσι.
856 1321 917 1384 Καί
934 1318 1044 1396 αύτούς
1062 1317 1139 1386 εἰναι
1154 1319 1225 1398 τούς
1241 1317 1362 1396 λευκούς
1379 1321 1443 1386 καὶ

282 1423 467 1499 εύσυνιέντας
488 1420 620 1506 αύχοῦσι.

145 1548 212 1616 qu).
225 1545 267 1602 ιη’,
368 1524 454 1611 Πρύς
475 1526 506 1590 δὲ
525 1523 652 1601 τούτους
668 1522 826 1608 ἄμύθητον
842 1531 960 1607 πλῆθος
976 1523 1163 1610 ἄποκρύφων
1177 1526 1229 1590 καλ
1244 1523 1346 1589 νόθον
1361 1551 1441 1609 γρα-

281 1637 359 1711 φοῖν,
382 1627 418 1704 ἄς
432 1625 516 1692 αύτολ
531 1630 669 1706 ἐπλασαν,
697 1637 708 1675 ¹
720 1629 967 1713 παρειςφέρουσιν
980 1631 1022 1704 εἰς
1035 1627 1213 1710 κατάπληξιν
1227 1635 1285 1694 τῦν
1298 1623 1443 1709 ἄνοήτων

279 1735 331 1798 καλ
345 1730 381 1796 τύ
394 1738 447 1813 τῆς
459 1729 601 1812 ύληθείας
614 1729 655 1812 μὴ
670 1731 868 1812 ἐπισταμένων
882 1729 1047 1816 γράμματα.
1089 1727 1444 1816 Προςπαραλαμβᾶνυυσι

282 1837 314 1900 δέ
330 1837 371 1909 εἰς
387 1841 474 1899 τοῦτο
489 1831 607 1898 κᾶκεῖνο
623 1830 655 1898 τό
672 1831 894 1921 ῥᾳδιούργημα,
925 1830 967 1908 οἱς
981 1840 1034 1898 τοῦ
1050 1838 1156 1918 κυρίου
1175 1835 1230 1898 ’ἐν
1245 1834 1363 1918 παιδείᾳ
1378 1843 1444 1900 τοῦ

281 1935 462 2003 διδασκάλου
482 1933 562 2025 αύτῷ
578 1935 743 2018 φήσαντος,
765 1933 870 2010 καθεύς
888 1937 960 2011 έθος
980 1937 1074 2015 ἐστὶν,
1097 1937 1174 2001 Εἰπέ
1192 1933 1287 2016 ἄλφα,
1309 1930 1441 2021 ἄποκρί-

282 2049 392 2106 νασθαι
407 2037 440 2104 τό
458 2037 549 2119 ἄλφα,
571 2036 659 2104 πόλιν
674 2064 703 2103 τε
718 2037 751 2104 τό
767 2043 844 2120 βῆτα
856 2045 910 2104 τοῦ
925 2037 1102 2104 διδασκάλου
1119 2037 1327 2112 8κελεύσαντος
1339 2038 1444 2104 εἰπεῖν

283 2141 506 2226 α’ποκρίνασθαι
525 2140 578 2206 τόν
598 2139 719 2225 κύριον,
751 2139 798 2204 Σύ
819 2167 870 2223 μοι
889 2139 1033 2226 πρότερον
1051 2141 1130 2220 εἰπέ,
1165 2145 1200 2205 Τι’
1217 2143 1276 2206 ἐστι
1291 2138 1324 2204 τύ
1341 2137 1443 2221 ἄλφα,

282 2247 332 2312 καὶ
350 2243 415 2310 τότε
435 2265 482 2310 σοι
503 2246 561 2330 ἐρῶ
580 2249 608 2310 τέ
625 2247 685 2310 ἐστι
702 2241 736 2308 τδ
755 2247 839 2326 βῆτα.
885 2245 946 2307 Kal
961 2249 1049 2308 τοῦτο
1068 2245 1254 2328 ἐξηγοῦνται,
1283 2237 1323 2317 οἷς
1340 2239 1443 2308 αῦτοῦ

281 2347 375 2430 μόνου
389 2345 422 2412 τό
440 2345 592 2431 ἄγνωστον
607 2347 817 2428 ἐπισταμένου,
840 2345 858 2411 δ
872 2347 1056 2430 ἐφανέρωσεν
1072 2348 1103 2411 ἐν
1119 2352 1161 2434 τῷ
1176 2343 1260 2434 τύπῳ
1274 2351 1328 2409 τοῦ
1345 2342 1442 2424 ἄλφα.

271 2449 361 2516 Ἔνια
378 2451 410 2514 δὲ
428 2451 479 2514 καὶ
497 2457 556 2514 τῶν
578 2451 610 2514 ἐν
628 2453 668 2536 τῷ
686 2445 843 2537 εὐαγγελίῳ
859 2449 1001 2532 κειμένων
1018 2452 1060 2524 εἰς
1075 2455 1183 2514 τοῦτον
1199 2446 1251 2514 τόν
1268 2453 1444 2534 χαρακτῆρα

282 2550 524 2636 μεθαρμόζουσιν.
567 2548 619 2626 Ὡς
639 2549 694 2632 τὴν
715 2550 790 2636 πρός
811 2550 865 2633 τήν
885 2553 997 2636 μητέρα
1019 2549 1112 2616 αύτοῦ
1133 2554 1331 2626 δαδεκαετοῦς
1350 2547 1445 2628 ὄντας

160 2691 210 2736 pag.
224 2678 269 2722 τοι.
284 2653 456 2738 α’πόκρισιν,
489 2650 554 2717 Ούκ
569 2657 669 2718 οἰδατε
683 2651 729 2718 δ’τι
745 2655 776 2717 έν
791 2663 854 2729 τοῖς
868 2661 922 2720 τοῦ
937 2651 1050 2739 πατρός
1066 2679 1123 2736 μου
1143 2656 1237 2734 δεῖρε
1251 2649 1341 2732 εἰναις
1379 2651 1444 2720 Ὃν

281 2755 338 2822 ούκ
356 2754 491 2844 ᾔδεισαν,
514 2757 605 2835 φασδ,
627 2757 738 2839 πατέρα
754 2755 942 2842 κατήγγελλεν
958 2753 1073 2832 αύτοῖς·
1095 2757 1147 2820 καλ
1162 2754 1212 2820 διᾶ
1227 2762 1315 2820 τοῦτο
1331 2758 1444 2840 ἐκπέμ-

281 2877 339 2941 ψαι
357 2856 428 2932 τούς
446 2855 584 2940 μαθητύς
602 2861 643 2933 εἰς
659 2856 711 2933 τοίς
729 2857 845 2924 δώδεκα
862 2857 972 2940 φυλύς,
1001 2856 1203 2942 κηρύσσοντας
1223 2857 1275 2923 τόν
1290 2855 1444 2942 ἄγνωστον

282 2959 383 3036 αύτοῖς
403 2958 493 3040 θεόν,
523 2961 574 3025 καὶ
594 2967 634 3048 τῷ
658 2958 767 3026 εἰπόντι
787 2958 884 3049 αύτῷ,
913 2960 1079 3026 Διδάσκαλε
1101 2958 1212 3046 ἄγαθέ,
1242 2958 1295 3024 τόν
1317 2958 1443 3044 ἄληθῦς

283 3061 401 3148 ἄγαθύν
418 3061 492 3128 θεόν
509 3059 742 3148 ύρολογηκέναι,
773 3063 908 3143 εἰπόντα,
944 3068 980 3127 Τι’
995 3088 1030 3146 με
1046 3065 1135 3148 λέγεις
1152 3059 1285 3148 ἄγαθύνς
1319 3061 1362 3140 εἰς
1380 3069 1444 3132 ἐστι

283 3164 400 3252 ἄγαθύς
413 3162 431 3231 ό
444 3163 541 3250 πατὴρ
555 3167 587 3230 ἐν
600 3174 662 3241 τοῖς
676 3163 823 3250 οὐρανοῖς.
858 3163 1014 3250 Ούρανούς
1027 3167 1058 3230 δέ
1070 3169 1124 3230 νῦν
1137 3162 1209 3240 τούς
1223 3167 1346 3242 Αἰῦνας
1360 3171 1442 3250 εἰρῆ-

283 3279 356 3334 σθαι
371 3268 496 3353 λέγουσι.
540 3269 601 3331 Kal
620 3267 669 3332 διολ
688 3265 744 3333 4τό
763 3267 803 3351 μὴ
818 3265 1020 3354 ἄποκριθῆναι
1037 3277 1098 3344 τοῖς
1115 3270 1248 3334 εἰποῦσιν
1264 3265 1360 3357 αύτηῖ,
1389 3267 1443 3334 Ἐν

283 3376 357 3460 ποίᾳ
372 3369 497 3453 δυνᾶμει
510 3376 597 3436 τοῦτο
610 3379 721 3448 ποιεῖς,·
744 3369 814 3436 ύλλᾶ
831 3379 867 3459 τῇ
882 3369 1111 3456 ἄντεπερωτήσει
1127 3368 1274 3455 ἀπορῆσαι
1293 3368 1442 3450 ὅαύτούς,

284 3473 317 3539 τό
334 3472 463 3558 ἄρρητον
476 3481 530 3538 τοῦ
545 3471 666 3557 πατρός,
689 3475 774 3561 ἐντῷ
790 3472 857 3556 6μή
872 3475 964 3542 εἰπεῖν
979 3473 1140 3556 δεδειχέναέ
1149 3468 1242 3538 ούτδν
1255 3474 1442 3558 ἐξηγοῦνται.

284 3574 367 3640 Ἀλλύ
385 3578 434 3640 καὶ
455 3577 486 3640 ἐν
501 3581 540 3663 ²93
556 3577 715 3660 εἰρηκέναι,
748 3575 895 3652 Πολλάκις
913 3573 1086 3659 ἐπεθύμησα
1104 3573 1233 3640 οἰκοῦσαι
1248 3576 1300 3640 ἕνα
1318 3583 1377 3640 τοῖν
1391 3575 1443 3643 λό-

285 3704 346 3762 γοον
359 3676 488 3757 τούτοιν,
510 3679 559 3743 καλ
577 3675 633 3744 ούκ
647 3679 731 3760 ἐσχον
747 3676 800 3744 τόν
815 3682 954 3765 ἐροῦντα,
977 3677 1172 3760 ἐμφαλνοντύς
1188 3684 1303 3758 7φασιν
1317 3675 1392 3744 εἰναι
1404 3677 1442 3745 τό

283 3777 371 3855 Ἑνύς
383 3778 435 3844 τόν
451 3777 572 3862 ἄληθῦς
588 3783 639 3848 ἕνα
654 3778 738 3859 θεόν,
756 3779 791 3845 δν
806 3778 861 3848 ούκ
877 3780 1061 3867 ἐγνούκεισαν.
1097 3779 1162 3846 Ἔτι
1177 3782 1210 3846 ἐν
1222 3789 1263 3868 τῷ
1275 3779 1443 3866 προσχόντες

320 3919 343 3970 3.
363 3916 474 4004 λέηουοιν
492 3922 542 3970 cod.
560 3921 636 3970 Venet.
879 3919 922 3974 διὰ
938 3935 998 3984 ςυστ
1011 3924 1082 3984 vulgo
1095 3924 1121 3971 εκ
1136 3922 1365 3999 λλογλττερττίνοαα.
1393 3923 1444 3972 Vct

319 3985 344 4040 ἐ.
361 3983 409 4040 ύπο
423 3991 549 4038 secundum
565 3989 611 4038 Vct.
622 3991 768 4051 λπλπγτιλεοι
780 4004 846 4052 repo·
880 3992 993 4052 λαλεηιετι
1005 3992 1087 4067 λσδιλε
1102 4005 1170 4067 ρυριι
1181 3987 1295 4040 dommus
1310 4005 1366 4068 ιιιορ
1380 4005 1446 4068 puer

285 4059 387 4108 nendum
401 4060 450 4105 πολ
464 4071 507 4117 pro
524 4053 565 4108 ἐπὶ
579 4059 641 4118 qnod
656 4059 847 4119 λλλτλΕρλρλοαιλ
880 4067 945 4106 esset
969 4067 993 4105 τε
1011 4055 1117 4106 duceret
1133 4056 1232 4116 hterns,
1259 4073 1314 4105 cum
1339 4056 1445 4107 dumet

286 4129 404 4189 praebent.
879 4125 996 4192 magister
1016 4125 1067 4174 eius
1086 4131 1136 4176 οτλλ.
1169 4127 1214 4175 Nee
1233 4127 1360 4188 ηνλοηυσσο
1379 4127 1446 4176 στελ-

322 4193 395 4262 5.τῷ
411 4189 490 4260 ἑτέρῳ
504 4189 628 4257 ἐπερωτᾶν
642 4195 770 4256 caprino„
782 4207 846 4246 men-
880 4196 1011 4244 δοτοιισυτι
1027 4196 1132 4244 existimo
1149 4197 1174 4244 λιι
1192 4196 1287 4243 Graecis
1303 4194 1443 4257 Ερῑρλοταλ.

289 4263 350 4312 δοκι.
880 4265 940 4312 Nam
953 4265 1073 4312 verborum
1090 4279 1144 4310 cum
1160 4277 1221 4327 puer
1235 4269 1299 4309 esset
1316 4271 1343 4309 οι
1359 4261 1445 4310 disce-

321 4329 407 4381 ανον
424 4331 554 4380 nonhabet
571 4329 621 4379 cod.
639 4330 713 4378 Vener.
880 4338 919 4379 ret
936 4327 1018 4379 literas
1035 4333 1171 4381 παλιαλλσπι
1192 4331 1263 4379 νττδσ
1288 4326 1313 4381 ἐν
1339 4329 1445 4398 παιδείᾳ

324 4396 518 4446 cst.x1x.-
539 4400 560 4447 l.
578 4397 760 4463 παραφέρουσιν
779 4399 847 4449 τοῦδ.
879 4401 945 4460 plene
964 4401 1073 4460 referunt.

291 4467 386 4527 λλλαλλρ.
404 4467 481 4515 Paris.
913 4465 938 4516 3.
952 4463 1096 4526 κελεύοντος
1109 4469 1159 4516 eod.
1169 4467 1242 4516 λἰκτλ.
1256 4491 1288 4503 -
1303 4467 1336 4515 Da
1349 4479 1374 4516 τε
1384 4481 1446 4516 αυτ-

323 4535 348 4584 ¹2.
365 4535 404 4583 Sic
421 4533 515 4585 emendo
531 4536 602 4585 υττλο
619 4535 794 4595 corruptissima
814 4530 846 4586 τοὶ
878 4538 934 4584 rata
950 4549 973 4585 υ.
991 4537 1008 4585 λ.
1027 4537 1053 4585 G.
1070 4535 1172 4588 λ’λιλλσπλι
1196 4535 1252 4586 σοῦ.
1268 4538 1353 4597 Apum
1369 4535 1399 4586 N.
1417 4537 1445 4584 r.
