3072 4986
749 363 868 414 ³11le
887 363 1054 417 ΕΡΙΡΗΑΝΙΙ

251 749 256 759 ,
290 704 307 758 ’,
414 693 462 775 Τῷ
488 685 521 750 δέ
546 681 626 772 αύτῷ
648 681 750 772 τρόπῳ
777 682 830 760 τοὶς
850 685 991 768 τέσσαρας
1011 683 1118 764 ταύτας
1139 687 1265 772 αίρίσεις
1286 685 1473 770 ἀνατρεπτέον

325 789 377 858 διδ
397 786 452 873 τῆν
472 789 632 869 συντομίαν
652 793 706 868 τῆς
726 782 927 870 οίναγνιύσεως.
968 785 1125 853 Ἐντεῦθεν
1142 789 1191 854 καί
1211 786 1347 874 ιίνωτέρω
1363 787 1472 865 λοιπδν,

326 889 368 970 οίς
387 893 480 974 έφην,
509 889 644 970 ποιηταί,
674 885 908 972 ίστοριοχρύφοι,
941 889 1159 976 ιλοχοχροίφοι,
1188 888 1362 976 οίστρονόμοι
1381 893 1473 956 τεκαὶ

326 998 358 1060 οί
376 991 413 1060 τοί
433 989 504 1058 δ”λλα
525 997 579 1073 τῆς
599 985 717 1072 τιλοίνηςΙ
729 988 965 1074 είςηγησοίμενοι,
995 993 1027 1056 ολ
1041 991 1314 1076 παρασκευάσαντες
1333 989 1385 1058 τδν
1406 999 1474 1057 νοῦν

325 1097 373 1163 έπί
391 1098 498 1177 μυρίας
513 1089 606 1167 κακιίς
624 1093 720 1168 αἰτίας
740 1091 792 1156 καλ
809 1087 979 1176 οίναχωγδς,
1002 1092 1168 1160 έσκύτωσαν
1186 1097 1236 1160 καί
1252 1093 1405 1160 έθύλωσαν
1424 1089 1475 1175 τῆν

323 1207 377 1279 ’τῆς
397 1193 631 1280 οίνθρωπύτητος
649 1189 810 1275 ύπύληψιν.
855 1196 916 1257 Καί
937 1195 1054 1279 γέγονεν
1075 1195 1150 1278 αῦτη
1168 1194 1270 1278 προύτη
1292 1194 1399 1278 πλύνη,
1417 1198 1473 1261 έπί

322 1325 392 1365 νοια
416 1295 545 1363 είδύλων
569 1295 618 1360 καί
644 1298 856 1377 κακοδαιμονία
877 1297 1074 1374 διδασκαλίας.
1109 1289 1168 1362 Ἦν
1193 1299 1225 1363 δέ
1250 1295 1286 1362 τοί
1308 1296 1406 1362 ποίντα
1429 1322 1473 1380 με-

323 1401 497 1486 μερισμένα,
525 1393 712 1480 Ἑλληνισμός
729 1422 759 1461 τε
776 1397 827 1462 καλ
841 1393 1032 1481 Ἰουδαΐσμύς.
1073 1396 1257 1484 Ἰουδαϊομδς
1273 1396 1358 1464 ούπω
1375 1397 1473 1485 πρότε-

323 1530 378 1589 ρον
401 1499 598 1582 καλούμενος,
633 1495 701 1564 οίλλδ
723 1495 773 1564 διαί
794 1506 849 1564 τοῦ
869 1495 983 1584 Ἰσραῆλ
1006 1497 1039 1566 τδ
1064 1499 1221 1584 έπιύννμον
1244 1509 1295 1583 τῆς
1315 1506 1475 1584 θεοσεβοῦς

323 1609 485 1690 θρησκείας
500 1603 734 1685 έπεκεκλημένος,
751 1602 807 1678 ἕως
823 1600 871 1666 δτε
884 1603 1020 1686 διαδοχαὶ
1034 1605 1227 1689 χεχέννηνται.
1257 1600 1292 1668 ‘0
1304 1601 1359 1688 χείρ
1376 1610 1472 1667 Ναασ-

323 1705 384 1776 σαδν
400 1703 418 1773 δ
434 1709 466 1772 έν
480 1711 515 1795 τῆ
532 1701 631 1792 έρήμρο
647 1701 774 1789 γεγονιδς
787 1701 937 1788 φύλαρχος
950 1711 1003 1788 τῆς
1018 1711 1115 1787 φυλῆς
1125 1702 1224 1770 Ἰούδα
1236 1712 1323 1794 γεννᾷ
1337 1702 1389 1770 τδν
1402 1709 1472 1768 Σαλ-

323 1809 403 1894 μοδν,
433 1803 562 1890 Σαλμύν
578 1811 664 1893 γεννᾷ
681 1803 734 1870 τδν
753 1801 850 1885 Βοδς,
879 1803 957 1881 Βοῦς
973 1813 1061 1895 γεννᾷ
1076 1805 1128 1872 τδν
1142 1803 1236 1889 Ὠβῆδ
1244 1858 1253 1886 ,
1280 1804 1375 1890 Ώβῆδ
1390 1811 1473 1893 γεννᾷ

321 1909 374 1978 τδν
387 1907 507 1988 Ἰεσσαί,
536 1908 611 1973 ’ἐπί
628 1915 687 1974 τῶν
700 1909 852 1991 θεοσεβοῦν
866 1903 1048 1992 Ἰσραηλιτῶν
1061 1910 1257 1990 καλουμένων.
1297 1906 1401 1974 Ἰεσσαί
1416 1933 1472 1994 χεν-

279 2053 280 2058 1
322 2019 361 2102 νῆ
383 2009 435 2078 τδν
453 2012 552 2093 Δοβλδ
572 2007 625 2076 τδν
647 2011 782 2092 βασιλέα,
811 2008 846 2086 δς
865 2016 982 2094 πρῶτος
998 2011 1181 2093 ίβασίλευοεν
1201 2013 1235 2076 έιι
1256 2019 1351 2094 φυλῆς
1364 2009 1472 2076 Ἰούδα·

323 2118 353 2196 έξ
369 2107 406 2182 οῦ
421 2111 526 2181 λοιπδν
543 2114 576 2178 ολ
586 2109 661 2176 κατδ
674 2108 816 2194 διαδοχῆν
831 2115 958 2193 βασιλεῖς
979 2113 1013 2178 έκ
1028 2120 1082 2178 τοῦ
1097 2114 1262 2197 σπέρματος
1275 2110 1383 2190 αὐτοῦ,
1411 2109 1474 2186 υίδς

322 2215 529 2302 διαδεχόμενος
541 2216 675 2299 πατέρα,
706 2217 834 2296 καθεξῆς
854 2213 1070 2298 συνεστήκασιν.
1106 2207 1164 2280 Ἠν
1183 2215 1216 2280 δὲ
1237 2214 1294 2299 πρδ
1313 2212 1408 2280 αύτοῦ
1422 2217 1473 2278 τοῦ

323 2323 422 2403 Δαβίδ
441 2315 459 2384 δ
480 2316 567 2398 φύσει
588 2323 705 2402 πρῶτος
723 2313 897 2398 βασιλεύσας
918 2316 950 2380 έν
969 2312 1081 2400 Ἰσραῆλ
1099 2315 1214 2396 Σαούλ,
1242 2315 1309 2393 υλδς
1329 2319 1415 2396 Κείς,
1442 2317 1474 2379 έν

210 2453 262 2500 μς.
277 2441 308 2486 ιι
322 2430 419 2506 φυλῆς
441 2424 586 2504 Βενιαμίν.
631 2419 693 2482 Καί
714 2414 811 2484 ούκέτι
829 2415 920 2482 αύτδν
934 2419 1080 2495 διεδέξατο
1101 2417 1181 2500 υίδς,
1209 2416 1279 2484 ύλλδ
1300 2419 1420 2500 μετέστη
1441 2413 1473 2481 τδ

320 2529 468 2608 βασίλειον
482 2519 532 2586 διαί
550 2521 649 2603 Δαβίδ
663 2519 784 2607 πρύτον
799 2523 841 2597 εἰς
856 2517 910 2604 τῆν
922 2517 1019 2602 φυλῆν
1030 2517 1136 2586 Ἰούδα.
1181 2523 1307 2608 Πρῶτος
1322 2519 1378 2608 χοίρ
1396 2517 1473 2606 αύτρῦ

321 2633 362 2714 τῷ
376 2621 483 2708 Ἰακύβ
497 2630 568 2700 ταῖς
581 2626 690 2708 γίνεται
703 2619 843 2706 Ῥουβίμ,
872 2621 1007 2703 δεύτερος
1020 2621 1162 2706 Συμεοδν,
1191 2627 1288 2710 τρίτος
1301 2627 1410 2702 Λευῒς,
1433 2622 1473 2685 τέ·

321 2752 426 2810 ταρτος
438 2722 565 2801 Ἰούδας·
595 2726 624 2802 έξ
644 2717 682 2790 ού
698 2731 856 2790 καλοῦνται
868 2721 1022 2801 Ἰουδαῖοι,
1051 2723 1101 2790 διδ
1122 2722 1177 2811 τῆν
1195 2723 1293 2808 φυλὴν
1304 2723 1402 2791 Ἰούδα
1421 2729 1474 2788 τοῦ

322 2830 356 2895 έκ
385 2829 562 2913 τοῦγένους
583 2833 642 2892 τοῖν
663 2831 832 2909 θεοσεβιῦν,
864 2829 896 2890 οί
915 2828 956 2901 είς
978 2825 1010 2892 τδ
1033 2823 1127 2910 δνομα
1147 2834 1235 2893 τοῦτο
1257 2825 1473 2912 μεταπεσόντες.

320 2935 496 2996 Ἐκαλοῦντο
516 2935 590 3013 χοῦν
611 2925 716 3014 πρύην
735 2924 907 3014 Ἰσραηλίται
928 2931 958 2994 οί
976 2930 1028 2994 καί
1046 2926 1192 2996 Ἰουδαῖοι

185 3157 252 3228 1⁸2·
271 3155 303 3226 β’,
397 3132 485 3209 Ἕως
506 3131 613 3198 τούτου
632 3139 686 3198 τοῦ
700 3131 808 3218 χρόνον
823 3130 1020 3214 συνῆφθησαν
1037 3135 1070 3196 αί
1081 3135 1217 3215 τέσσαρες
1232 3133 1326 3220 γενεαί
1347 3139 1401 3216 τῆς
1422 3138 1475 3220 γῆς

320 3243 379 3302 τῶν
403 3233 551 3319 τεσσάρων
577 3234 751 3318 τμημάτων,
782 3233 896 3299 τούτων
918 3235 1126 3318 διαιρεθέντων
1151 3235 1226 3301 κατιί
1253 3233 1324 3312 τούς
1348 3235 1476 3318 χρόνους

321 3342 377 3416 έως
397 3345 451 3404 τοῦ
471 3344 577 3422 καιροῦ
599 3334 705 3404 τούτου
728 3343 781 3400 τοῦ
803 3332 935 3400 ένταῦθιί
959 3361 1009 3418 μοι
1029 3339 1231 3421 δεδηλωμένον
1253 3339 1305 3402 καί
1327 3339 1474 3413 ἐπέκεινα,

322 3443 468 3506 τουτέστιν
490 3437 549 3505 dud
566 3436 660 3522 Ἀδύμ
681 3439 737 3514 ἕως
757 3444 811 3504 τοῦ
834 3443 905 3502 Ναῦε
924 3438 1147 3524 Βαρβαρισμδς,
1173 3437 1233 3505 οἷπδ
1255 3443 1309 3504 τοῦ
1327 3445 1400 3504 Νῶε
1422 3441 1476 3513 έως

324 3547 376 3605 τοῦ
397 3543 513 3628 πύρχον
535 3543 585 3608 καί
605 3538 720 3626 Σερούχ
740 3537 812 3624 μετδ
839 3537 894 3606 δύο
920 3537 1042 3626 ιχενεύς
1067 3549 1125 3607 τοῦ
1145 3539 1262 3626 πύργον
1290 3538 1311 3624 ἦ
1332 3537 1476 3622 Σκυθικῆ

323 3645 550 3725 δεισιδαιμονία,
579 3645 631 3710 καί
654 3644 804 3723 μετέπειτα
826 3638 886 3706 dud
908 3649 961 3708 τοῦ
981 3641 1096 3729 πύργου
1117 3645 1167 3708 καί
1182 3641 1296 3730 Σερούχ
1316 3646 1368 3710 καλ
1382 3641 1477 3728 Ἀρδμ

324 3744 380 3816 έως
395 3751 449 3808 τοῦ
463 3741 633 3833 Ἀβραοίμο
647 3741 888 3830 Ἑλληνισμδς,’
869 3742 929 3810 απδ
945 3743 1054 3811 τούτου
1068 3747 1118 3810 καί
1134 3752 1193 3810 τῶν
1207 3747 1359 3828 μετέπειτα
1371 3745 1504 3811 θεοσέ·

324 3847 389 3942 βεια
406 3850 610 3930 συναπτομένη
628 3855 669 3937 τρῦ
684 3843 764 3935 αύτῷ
778 3841 937 3971 Ἀβρααμ,
960 3842 1020 3911 οίιιδ
1034 3852 1087 3910 τοῦ
1102 3872 1175 3910 κατα
1167 3844 1331 3970 διαδοχτχν
1345 3833 1503 3949 σπέρμα

322 3971 374 4021 τος
390 3941 497 4024 αύτοῦ,
528 3951 656 4015 τουτέστι
676 3955 731 4014 τοῦ
743 3913 861 4026 Ἰούδα,
883 3945 937 4026 α’φ’
954 3939 1045 4032 οὗπερ
1059 3943 1256 4031 Ἰουδαϊσμός·
1286 3976 1327 4025 ως
1342 3951 1387 4015 ἔτι
1404 3975 1477 4034 μαρ·
1500 3991 1501 4047 χ

322 4055 406 4132 τυρεῖ
425 4072 477 4128 μοι
496 4042 515 4110 δ
535 4049 780 4135 πνευματοφδρος
802 4049 894 4115 καλ”
875 4073 958 4134 αχιος
982 4054 1037 4113 τοῦ
1056 4055 1132 4114 θεοῦ
1155 4048 1317 4128 ἀπόστολος
1341 4057 1478 4130 Παῦλος,
1499 4071 1500 4145 χ

322 4141 382 4216 ύδέ
400 4173 465 4224 πως
481 4149 638 4232 λέχαν,”
620 4175 680 4230 οτι,
711 4148 767 4216 Ἐν
786 4157 903 4238 Χριστῷ
918 4148 1014 4275 Ἰησρῦ
1028 4176 1065 4215 ου
1056 4147 1247 4238 ’βύρβαρος,
1279 4177 1317 4218 συ
1309 4149 1499 4243 'Zabam

323 4248 377 4336 ούχ
387 4249 517 4332 ”,Ελλην
548 4247 605 4315 ούκ
623 4247 780 4332 Ἰουδαῖος,
808 4250 879 4317 ιίλλδ
901 4279 990 4334 καινη
1014 4257 1120 4330 κτίσις,
1151 4251 1252 4336 έπειδη
1275 4251 1348 4331 έξ“
1326 4262 1477 4341 υτιαρχῆς,
1497 4265 1498 4339 ί

322 4351 370 4420 δτι
386 4351 540 4420 ἔκτιστο
519 4379 539 4435 η
558 4357 665 4431 κτίσις,
698 4351 787 4436 κοινῆ
801 4346 877 4419 ούσα
891 4350 980 4420 ούδέν
994 4379 1022 4418 τι
1037 4355 1257 4439 διαφορώτερον
1272 4355 1386 4439 ἔσχεν”
1366 4381 1477 4439 ονομα.
1495 4349 1497 4437 ί

355 4507 413 4558 cn.
432 4509 450 4559 1.
472 4536 506 4549 -
534 4510 555 4560 Ι.
572 4503 727 4574 λογογράφοι
747 4509 803 4558 editi
818 4512 879 4559 λιθτί.
949 4507 1008 4560 θον.
1027 4511 1056 4560 11.
1075 4537 1104 4550 -
1127 4512 1148 4562 1.
1168 4511 1240 4575 ίιιλςο
1257 4511 1352 4577 γενεᾶς.
1493 4449 1496 4540 ί

353 4577 377 4628 2.
394 4579 445 4627 Non
458 4580 580 4640 defuerunt
594 4581 635 4640 ραι·
647 4579 821 4641 suspicarentur
836 4575 880 4629 ίτα
1493 4545 1495 4633 ί
