3106 4990
383 393 518 448 canaan
535 393 599 448 nro.
611 395 631 448 r.
648 395 728 448 rom.
741 398 785 448 111.
803 395 903 450 neus.
915 399 974 450 xc.
1193 389 1256 454 539

95 533 334 600 unamquamque
356 512 537 579 Potestatem
560 535 724 597 excusare,
755 518 855 602 sicque
881 519 916 582 ad
939 537 1103 605 supremam
1126 517 1253 585 Matrem
1332 561 1338 576 κ

96 626 188 701 atque
207 618 334 680 omnium
354 618 510 703 pervenire
528 615 703 698 Parentum,
736 641 751 683 a
771 643 827 705 quo
844 621 873 684 in
892 621 966 684 bunc
984 623 1118 685 mnndum
1138 623 1255 709 delapsa

96 719 152 784 sit.
197 717 333 783 Diximus
352 719 523 804 baptismum
542 721 651 785 abillis
670 723 763 785 reiici.
808 727 881 786 Num
899 746 1010 786 muscae
1025 730 1173 787 morientes
1184 743 1353 808 per-seem.

96 827 173 885 dunt
185 827 349 884 suom'tctem
365 827 519 903 unguenta,
544 824 620 908 qnod
637 825 672 888 de
687 825 750 889 istis
769 845 927 910 eurumque
945 827 1087 890 similibus
1104 827 1250 911 proverbii
1278 797 1311 852 ω’
1325 797 1343 840 ¹'

96 924 200 1010 specie
217 922 414 989 Ecclesiastes
431 926 610 1010 pronuntiat.
642 923 764 990 Muscae
779 929 883 1014 qnippe
897 941 965 992 snut
981 929 1160 1008 mortiferae,
1180 951 1255 1014 quae

96 1028 248 1092 conditum
268 1047 284 1089 a
303 1027 484 1114 seplasiariis
503 1040 681 1112 unguentum
699 1029 847 1110 inficiunt,
879 1032 974 1095 divina
992 1031 1128 1096 videlieet
1146 1041 1255 1118 myste-

95 1131 163 1210 ria,
197 1151 270 1215 quoe
294 1131 329 1194 ed
352 1141 537 1216 peccatorum
562 1133 804 1196 coridonaticnem
827 1133 910 1197 nubis
933 1135 961 1198 in
985 1133 1128 1221 baptismo
1149 1135 1254 1198 collata

95 1243 181 1298 suut.
230 1261 232 1266 ·

175 1333 337 1399 Enimvero
355 1335 453 1398 mirari
474 1336 615 1420 quispiam
635 1336 703 1400 illud
722 1337 846 1422 peterit,
880 1357 963 1422 qnam
983 1339 1071 1403 multa
1088 1339 1117 1402 in
1136 1350 1253 1402 natura·
1273 1345 1332 1414 cap.
1351 1345 1394 1396 tlt.

94 1439 169 1504 lium
187 1459 285 1502 rernm
305 1437 497 1522 scriptoribus
516 1438 647 1502 utilitatis
665 1440 748 1524 plena
768 1440 910 1524 reperiat,
943 1441 968 1502 si
985 1441 1046 1527 apis
1063 1441 1135 1505 velit
1148 1441 1255 1506 imitari

95 1541 300 1628 prudentiam,
336 1563 409 1625 qnae
429 1541 558 1605 llcscnlis
577 1540 709 1604 omnibns
728 1541 858 1605 insidens
876 1545 1076 1628 undecumque
1099 1543 1154 1608 sibi
1174 1544 1253 1608 utilia

97 1643 223 1727 colligit.
269 1641 386 1706 Etenim
407 1643 453 1706 vir
470 1644 597 1729 prudens
617 1665 651 1706 ae
671 1644 824 1729 perspicax
845 1645 921 1708 nulla
938 1665 978 1708 es
996 1667 1028 1709 re
1050 1647 1253 1710 detrimentum

97 1745 195 1830 capit,
221 1746 271 1808 scd
289 1765 328 1808 ex
350 1745 427 1809 omui
446 1747 601 1809 occasione
621 1747 764 1827 lucratur,
789 1746 956 1832 imprudens
975 1760 1076 1812 contra
1094 1750 1255 1814 incommo-

97 1849 168 1912 dum
184 1869 219 1910 ae
233 1849 369 1912 damnum
384 1849 519 1934 percipit,
541 1849 579 1910 nti
595 1859 713 1912 sauctus
729 1849 867 1935 propbeta
882 1861 1022 1914 testatur:
1048 1857 1117 1931 θυῖε
1128 1859 1249 1935 soprius,
1267 1875 1363 1930 omma,
1375 1875 1406 1918 n.

98 1963 131 2013 ct
146 1953 289 2031 intelliget
302 1955 388 2027 boec,·
421 1953 777 2026 alumnumalumnum
810 1963 839 2013 et
853 1965 1004 2032 cognoscet
1020 1959 1092 2029 ritu,
1125 1961 1255 2036 quomrum

98 2066 196 2116 rector
214 2057 409 2128 vicedomini,
434 2059 515 2134 impii
525 2063 617 2114 curem
636 2055 855 2134 infirmabuntur
870 2059 899 2117 r'n
913 2060 975 2116 eis?
1018 2057 1103 2141 Apud
1119 2055 1185 2120 illos
1201 2057 1256 2141 igi-

100 2169 166 2235 tur,
191 2177 264 2240 qnos
281 2156 359 2235 dixi,
385 2155 558 2219 naturalium
578 2175 675 2219 rerum
693 2158 853 2242 scriptores
868 2156 1051 2237 invenimus,
1076 2159 1122 2222 vel
1141 2159 1256 2244 ipsimet

98 2259 380 2346 potiusceruimus,
412 2259 635 2322 scarabaeorum
653 2279 765 2343 genus,
797 2262 906 2343 quoda
926 2259 1096 2343 quibusdam
1116 2257 1255 2344 Bylarnm

98 2371 243 2440 vocatur,
266 2361 295 2424 in
315 2362 426 2426 icetcre
446 2381 479 2424 ac
496 2372 628 2425 stercore
644 2361 769 2425 volutari
785 2363 898 2440 solere,
925 2361 1097 2446 unicumque
1112 2362 1169 2426 illis
1185 2363 1256 2444 ipsis

99 2475 133 2529 et
148 2465 314 2528 alimentum
331 2475 448 2550 etopus
464 2485 547 2542 esse,
572 2485 637 2527 cnm
652 2465 717 2527 aliis
733 2464 813 2528 dirus
830 2485 865 2528 ac
880 2465 1014 2528 sordidus
1033 2465 1081 2528 ille
1098 2464 1179 2528 cibus
1194 2487 1256 2528 mo·

98 2567 214 2632 lestiom
232 2586 266 2631 ac
284 2587 422 2631 transeam
441 2566 543 2651 pariat.
589 2563 731 2652 Numqui
752 2587 820 2652 apes
840 2568 922 2631 timus
942 2587 977 2630 ac
997 2569 1092 2631 laetor
1106 2567 1255 2646 interficit,

98 2668 269 2734 scarabaeis
289 2669 455 2733 alimentum
478 2691 512 2732 ac
531 2669 681 2733 materiam
702 2669 822 2755 praebet
840 2669 953 2755 operis,
988 2680 1020 2733 nt
1043 2669 1100 2734 illis
1116 2671 1205 2735 llores
1227 2681 1255 2732 et

100 2773 223 2836 odorum
245 2773 406 2854 fragrantia
426 2781 511 2856 atque
534 2781 747 2856 ungnentorum
765 2773 913 2851 suavitas,
945 2773 1048 2857 quibus
1067 2772 1201 2836 amnibus
1220 2773 1255 2834 ed

100 2873 326 2938 oblectationem
347 2885 376 2936 et
393 2873 566 2938 mellificinm
586 2895 619 2937 ac
636 2873 731 2938 cibum
750 2884 779 2937 et
796 2874 894 2960 operis
911 2874 1153 2939 exercitationem
1170 2885 1256 2938 ntun-

100 2987 161 3041 tur.
206 2973 383 3040 Scarabaeis
405 2997 479 3040 vero
502 2977 587 3060 longe
610 2976 683 3039 baec
705 2979 852 3040 contraria
875 2988 953 3042 sunt.
1000 2975 1058 3062 Qui
1081 2976 1159 3041 euim
1179 2979 1256 3064 peri-

99 3079 197 3143 eulum
221 3081 317 3142 lacere
340 3079 483 3160 voluerit,
517 3080 547 3143 ul
566 3079 729 3165 physiologi
753 3081 885 3160 tradunt,
917 3081 941 3144 si
963 3091 1156 3162 unguentum,
1189 3089 1255 3165 puta

100 3181 320 3267 opobalsamum
337 3191 385 3244 ant
404 3183 523 3245 erardum
541 3182 709 3246 scarabaeis
724 3181 894 3261 admoveat,
924 3183 1031 3245 letbnm
1047 3181 1103 3245 illis
1121 3181 1253 3244 afferret.

100 3283 210 3349 Statim
225 3285 301 3347 enim
318 3284 463 3350 suavitate
478 3285 576 3348 odoris
592 3295 765 3349 enecantur.
811 3281 862 3348 Sic
877 3283 1015 3348 baeretici
1032 3283 1073 3348 illi
1088 3294 1254 3367 stuprorum

99 3407 133 3450 ac
155 3385 306 3451 libidinum
329 3397 359 3450 et
379 3387 525 3471 nequitiae
548 3387 642 3450 omnis
664 3397 833 3472 appetentes
856 3386 991 3471 pessimis
1011 3385 1040 3449 iu
1064 3387 1150 3449 rebus
1174 3405 1253 3470 spem

99 3511 183 3555 suam
201 3489 363 3570 collocant,
395 3511 465 3552 mox
481 3501 577 3554 antem
595 3501 626 3553 ut
643 3491 676 3552 ad
695 3510 811 3552 sacrum
827 3488 1000 3575 baptismum
1020 3499 1048 3552 et
1067 3489 1254 3571 fragrantium

98 3592 179 3658 illam
197 3593 394 3672 accesserint,
419 3592 597 3671 moriuntur,
624 3591 857 3677 blasphemantes
876 3594 960 3656 deurn
978 3613 1013 3655 ac
1029 3591 1253 3655 dominationem

97 3695 164 3759 eius
187 3705 373 3780 spernentes.

186 3795 270 3880 Quos
293 3798 406 3882 quidem
430 3819 488 3862 nuc
510 3798 557 3861 vel
580 3798 672 3860 altero
693 3797 859 3862 testimonio
879 3795 1082 3880 iugulabimus.
1127 3793 1204 3860 Nam
1228 3797 1252 3860 si
1273 3812 1333 3880 cap.
1347 3813 1388 3861 tv.

98 3921 174 3986 qnos
189 3898 373 3986 Principatns
390 3922 424 3964 ac
437 3899 606 3964 Potestates
621 3921 772 3981 voramus,
792 3902 855 3964 sine
870 3902 925 3964 deo
941 3901 1057 3964 minime
1073 3901 1254 3964 constitnnu·
1269 3895 1333 3939 ΒΜ·
1344 3895 1377 3950 ¹³·
1389 3895 1408 3938 ¹·

98 4015 164 4081 tur,
194 4003 222 4064 id
245 4002 274 4065 in
298 4003 388 4066 coelis
406 4004 477 4088 ipsis
495 4003 591 4066 locum
609 4001 717 4066 bebere
737 4005 865 4066 maxime
882 4003 979 4066 debet.
1025 4005 1158 4088 Angelos
1177 4003 1253 4067 enim

98 4115 129 4170 et
153 4105 359 4189 Arcbarrgelcs
381 4105 523 4190 scripture
549 4115 774 4186 commemorat,
810 4127 867 4169 oon
891 4106 1032 4171 eiusmodi
1059 4119 1090 4170 ut
1114 4107 1254 4171 contrarii

98 4209 157 4272 dec
173 4207 249 4288 sint,
273 4209 324 4272 sed
339 4212 607 4270 Admr'urbtrntorr'ns
620 4214 738 4290 spiram
752 4213 790 4271 ud
802 4215 985 4272 mrirmterriem
1000 4216 1114 4286 messos,
1136 4222 1255 4294 propter·
1270 4230 1409 4284 nebetta.

97 4334 147 4374 ecs
169 4317 221 4392 qui
233 4315 414 4374 hereditatem
436 4316 551 4393 repebat
570 4315 681 4374 salutm.
728 4308 894 4396 Siquidem
917 4324 946 4376 ct
963 4315 992 4376 in
1012 4325 1089 4377 terra
1108 4314 1256 4398 quodlibet

97 4435 223 4500 regnum
246 4415 345 4500 plnres
369 4413 456 4478 babet
473 4412 650 4500 principatus
673 4413 721 4478 uni
737 4415 801 4498 regi
817 4416 978 4480 subiectos.
1026 4421 1102 4494 (tuoe
1117 4423 1189 4479 euim
1201 4439 1254 4500 pc·
1269 4433 1383 4540 npqqqn,

132 4635 159 4690 3.
178 4639 315 4706 „Suspecta
333 4637 394 4689 mihi
411 4655 460 4692 vox
477 4647 515 4690 est
531 4635 671 4710 patritus-‘⁶
692 4641 811 4694 roccum,
846 4641 938 4704 depono
956 4635 1077 4705 λαγνείας.
