<?xml version="1.0" encoding="UTF-8"?>
<!DOCTYPE html PUBLIC "-//W3C//DTD XHTML 1.0 Transitional//EN"
    "http://www.w3.org/TR/xhtml1/DTD/xhtml1-transitional.dtd">
<html xmlns="http://www.w3.org/1999/xhtml" xml:lang="en" lang="en">
 <head>
  <title>
</title>
<meta http-equiv="Content-Type" content="text/html;charset=utf-8" />
  <meta name='ocr-system' content='tesseract 3.04.00' />
  <meta name='ocr-capabilities' content='ocr_page ocr_carea ocr_par ocr_line ocrx_word'/>
</head>
<body>
  <div class='ocr_page' id='page_1' title='image "./corporishaerese01oehlgoog_0254.png"; bbox 0 0 3112 4984; ppageno 0'>
   <div class='ocr_carea' id='block_1_1' title="bbox 377 261 1244 324">
    <p class='ocr_par' dir='ltr' id='par_1_1' title="bbox 377 261 1244 324">
     <span class='ocr_line' id='line_1_1' title="bbox 377 261 1244 324; baseline 0.001 -2"><span class='ocrx_word' id='word_1_1' title='bbox 377 267 510 322; x_wconf 75' lang='lat' dir='ltr'>sennan</span> <span class='ocrx_word' id='word_1_2' title='bbox 526 267 587 318; x_wconf 82' lang='lat' dir='ltr'>ure.</span> <span class='ocrx_word' id='word_1_3' title='bbox 596 269 616 319; x_wconf 92' lang='grc' dir='ltr'>ι.</span> <span class='ocrx_word' id='word_1_4' title='bbox 631 267 712 321; x_wconf 85' lang='lat' dir='ltr'>rora.</span> <span class='ocrx_word' id='word_1_5' title='bbox 730 269 762 320; x_wconf 86' lang='grc' dir='ltr'>ιι.</span> <span class='ocrx_word' id='word_1_6' title='bbox 779 269 878 322; x_wconf 78' lang='lat' dir='ltr'>ussa.</span> <span class='ocrx_word' id='word_1_7' title='bbox 892 271 981 322; x_wconf 85' lang='lat' dir='ltr'><strong>xxx.</strong></span> <span class='ocrx_word' id='word_1_8' title='bbox 1187 261 1244 324; x_wconf 78' lang='grc' dir='ltr'>ιιι</span> 
     </span>
    </p>
   </div>
   <div class='ocr_carea' id='block_1_2' title="bbox 8 383 1394 3927">
    <p class='ocr_par' dir='ltr' id='par_1_2' title="bbox 77 383 1248 476">
     <span class='ocr_line' id='line_1_2' title="bbox 77 383 1248 476; baseline 0.005 -24"><span class='ocrx_word' id='word_1_9' title='bbox 77 413 85 422; x_wconf 89' lang='grc'><em>·</em></span> <span class='ocrx_word' id='word_1_10' title='bbox 109 401 173 452; x_wconf 80' lang='lat' dir='ltr'>sant</span> <span class='ocrx_word' id='word_1_11' title='bbox 187 395 216 452; x_wconf 84' lang='grc' dir='ltr'>ιἰι</span> <span class='ocrx_word' id='word_1_12' title='bbox 232 389 305 450; x_wconf 73' lang='lat' dir='ltr'>libau</span> <span class='ocrx_word' id='word_1_13' title='bbox 320 392 382 462; x_wconf 81' lang='lat' dir='ltr'>boc,</span> <span class='ocrx_word' id='word_1_14' title='bbox 407 399 440 450; x_wconf 85' lang='lat' dir='ltr'>ut</span> <span class='ocrx_word' id='word_1_15' title='bbox 450 392 544 469; x_wconf 72' lang='lat' dir='ltr'>jorim</span> <span class='ocrx_word' id='word_1_16' title='bbox 558 409 601 449; x_wconf 88' lang='lat' dir='ltr'>eo.</span> <span class='ocrx_word' id='word_1_17' title='bbox 648 383 694 451; x_wconf 80' lang='lat' dir='ltr'>llo</span> <span class='ocrx_word' id='word_1_18' title='bbox 710 389 808 472; x_wconf 88' lang='lat' dir='ltr'>itaque</span> <span class='ocrx_word' id='word_1_19' title='bbox 824 386 959 454; x_wconf 82' lang='lat' dir='ltr'>Christos</span> <span class='ocrx_word' id='word_1_20' title='bbox 974 390 1103 470; x_wconf 85' lang='lat' dir='ltr'>advenit,</span> <span class='ocrx_word' id='word_1_21' title='bbox 1126 403 1158 456; x_wconf 90' lang='lat' dir='ltr'>ut</span> <span class='ocrx_word' id='word_1_22' title='bbox 1173 415 1248 476; x_wconf 86' lang='lat' dir='ltr'>quae</span> 
     </span>
    </p>

    <p class='ocr_par' dir='ltr' id='par_1_3' title="bbox 109 489 1247 578">
     <span class='ocr_line' id='line_1_3' title="bbox 109 489 1247 578; baseline 0.007 -24"><span class='ocrx_word' id='word_1_23' title='bbox 109 494 186 556; x_wconf 90' lang='lat' dir='ltr'>dirae</span> <span class='ocrx_word' id='word_1_24' title='bbox 207 491 354 554; x_wconf 87' lang='lat' dir='ltr'>cuiusdam</span> <span class='ocrx_word' id='word_1_25' title='bbox 375 489 498 554; x_wconf 88' lang='lat' dir='ltr'>vinculis</span> <span class='ocrx_word' id='word_1_26' title='bbox 517 489 733 574; x_wconf 80' lang='lat' dir='ltr'>imprecationis</span> <span class='ocrx_word' id='word_1_27' title='bbox 752 502 838 553; x_wconf 87' lang='lat' dir='ltr'>erent</span> <span class='ocrx_word' id='word_1_28' title='bbox 855 491 995 556; x_wconf 86' lang='lat' dir='ltr'>obstricta</span> <span class='ocrx_word' id='word_1_29' title='bbox 1010 493 1150 560; x_wconf 88' lang='lat' dir='ltr'>solveret.</span> <span class='ocrx_word' id='word_1_30' title='bbox 1186 493 1247 578; x_wconf 80' lang='lat' dir='ltr'>Qui</span> 
     </span>
    </p>

    <p class='ocr_par' dir='ltr' id='par_1_4' title="bbox 109 590 1247 782">
     <span class='ocr_line' id='line_1_4' title="bbox 109 590 1247 680; baseline 0.005 -24"><span class='ocrx_word' id='word_1_31' title='bbox 109 594 220 677; x_wconf 85' lang='lat' dir='ltr'>quidem</span> <span class='ocrx_word' id='word_1_32' title='bbox 242 614 294 677; x_wconf 92' lang='lat' dir='ltr'>pro</span> <span class='ocrx_word' id='word_1_33' title='bbox 316 591 433 676; x_wconf 79' lang='lat' dir='ltr'>exiguis</span> <span class='ocrx_word' id='word_1_34' title='bbox 458 591 531 670; x_wconf 90' lang='lat' dir='ltr'>illis,</span> <span class='ocrx_word' id='word_1_35' title='bbox 555 611 629 674; x_wconf 88' lang='lat' dir='ltr'>quae</span> <span class='ocrx_word' id='word_1_36' title='bbox 649 590 748 676; x_wconf 85' lang='lat' dir='ltr'>perlici</span> <span class='ocrx_word' id='word_1_37' title='bbox 773 613 831 656; x_wconf 90' lang='lat' dir='ltr'>uon</span> <span class='ocrx_word' id='word_1_38' title='bbox 855 603 1004 677; x_wconf 90' lang='lat' dir='ltr'>poteraut,</span> <span class='ocrx_word' id='word_1_39' title='bbox 1035 594 1119 657; x_wconf 88' lang='lat' dir='ltr'>nobis</span> <span class='ocrx_word' id='word_1_40' title='bbox 1141 617 1247 680; x_wconf 76' lang='lat' dir='ltr'>magua</span> 
     </span>
     <span class='ocr_line' id='line_1_5' title="bbox 109 684 1247 782; baseline 0.005 -25"><span class='ocrx_word' id='word_1_41' title='bbox 109 695 266 771; x_wconf 80' lang='lat' dir='ltr'>concessit,</span> <span class='ocrx_word' id='word_1_42' title='bbox 290 695 320 756; x_wconf 90' lang='lat' dir='ltr'>io</span> <span class='ocrx_word' id='word_1_43' title='bbox 337 694 441 776; x_wconf 85' lang='lat' dir='ltr'>quibus</span> <span class='ocrx_word' id='word_1_44' title='bbox 456 684 636 776; x_wconf 81' lang='lat' dir='ltr'>exequendis</span> <span class='ocrx_word' id='word_1_45' title='bbox 653 693 741 771; x_wconf 88' lang='lat' dir='ltr'>uibil,</span> <span class='ocrx_word' id='word_1_46' title='bbox 765 694 841 756; x_wconf 89' lang='lat' dir='ltr'>utin</span> <span class='ocrx_word' id='word_1_47' title='bbox 859 693 1002 779; x_wconf 79' lang='lat' dir='ltr'>prioribus</span> <span class='ocrx_word' id='word_1_48' title='bbox 1017 695 1085 773; x_wconf 90' lang='lat' dir='ltr'>illis,</span> <span class='ocrx_word' id='word_1_49' title='bbox 1111 701 1247 782; x_wconf 90' lang='lat' dir='ltr'>estquod</span> 
     </span>
    </p>

    <p class='ocr_par' dir='ltr' id='par_1_5' title="bbox 109 794 1246 880">
     <span class='ocr_line' id='line_1_6' title="bbox 109 794 1246 880; baseline 0.004 -21"><span class='ocrx_word' id='word_1_50' title='bbox 109 819 170 859; x_wconf 89' lang='lat' dir='ltr'>eom</span> <span class='ocrx_word' id='word_1_51' title='bbox 186 797 279 860; x_wconf 89' lang='lat' dir='ltr'>altero</span> <span class='ocrx_word' id='word_1_52' title='bbox 294 805 448 880; x_wconf 80' lang='lat' dir='ltr'>repugnet.</span> <span class='ocrx_word' id='word_1_53' title='bbox 482 794 580 878; x_wconf 82' lang='lat' dir='ltr'>Atque</span> <span class='ocrx_word' id='word_1_54' title='bbox 596 795 650 858; x_wconf 93' lang='lat' dir='ltr'>hoc</span> <span class='ocrx_word' id='word_1_55' title='bbox 667 796 729 858; x_wconf 87' lang='lat' dir='ltr'>lere</span> <span class='ocrx_word' id='word_1_56' title='bbox 746 795 831 858; x_wconf 87' lang='lat' dir='ltr'>modo</span> <span class='ocrx_word' id='word_1_57' title='bbox 847 795 876 858; x_wconf 92' lang='lat' dir='ltr'>io</span> <span class='ocrx_word' id='word_1_58' title='bbox 893 797 971 860; x_wconf 92' lang='lat' dir='ltr'>omni</span> <span class='ocrx_word' id='word_1_59' title='bbox 986 798 1159 861; x_wconf 87' lang='lat' dir='ltr'>eorrlutanda</span> <span class='ocrx_word' id='word_1_60' title='bbox 1178 799 1246 863; x_wconf 88' lang='lat' dir='ltr'>bue·</span> 
     </span>
    </p>

    <p class='ocr_par' dir='ltr' id='par_1_6' title="bbox 108 895 1248 1186">
     <span class='ocr_line' id='line_1_7' title="bbox 109 895 1247 982; baseline 0.002 -21"><span class='ocrx_word' id='word_1_61' title='bbox 109 898 184 974; x_wconf 87' lang='lat' dir='ltr'>resi,</span> <span class='ocrx_word' id='word_1_62' title='bbox 209 917 284 982; x_wconf 87' lang='lat' dir='ltr'>quae</span> <span class='ocrx_word' id='word_1_63' title='bbox 300 896 431 976; x_wconf 87' lang='lat' dir='ltr'>sabbati,</span> <span class='ocrx_word' id='word_1_64' title='bbox 455 896 502 960; x_wconf 88' lang='lat' dir='ltr'>val</span> <span class='ocrx_word' id='word_1_65' title='bbox 518 895 764 974; x_wconf 73' lang='lat' dir='ltr'>circumcisionis,</span> <span class='ocrx_word' id='word_1_66' title='bbox 788 897 835 961; x_wconf 87' lang='lat' dir='ltr'>rel</span> <span class='ocrx_word' id='word_1_67' title='bbox 852 897 970 962; x_wconf 90' lang='lat' dir='ltr'>alterius</span> <span class='ocrx_word' id='word_1_68' title='bbox 990 898 1151 962; x_wconf 83' lang='lat' dir='ltr'>huiusmodi</span> <span class='ocrx_word' id='word_1_69' title='bbox 1172 901 1247 964; x_wconf 91' lang='lat' dir='ltr'>ritus</span> 
     </span>
     <span class='ocr_line' id='line_1_8' title="bbox 109 997 1244 1083; baseline 0.004 -21"><span class='ocrx_word' id='word_1_70' title='bbox 109 1000 342 1063; x_wconf 84' lang='lat' dir='ltr'>observationem</span> <span class='ocrx_word' id='word_1_71' title='bbox 370 997 598 1083; x_wconf 74' lang='lat' dir='ltr'>praescriberet,</span> <span class='ocrx_word' id='word_1_72' title='bbox 629 998 707 1062; x_wconf 91' lang='lat' dir='ltr'>istud</span> <span class='ocrx_word' id='word_1_73' title='bbox 732 999 826 1082; x_wconf 89' lang='lat' dir='ltr'>ipsum</span> <span class='ocrx_word' id='word_1_74' title='bbox 850 1000 1050 1063; x_wconf 86' lang='lat' dir='ltr'>demonstrare</span> <span class='ocrx_word' id='word_1_75' title='bbox 1071 1001 1244 1080; x_wconf 89' lang='lat' dir='ltr'>studuimus,</span> 
     </span>
     <span class='ocr_line' id='line_1_9' title="bbox 108 1099 1248 1186; baseline 0.002 -22"><span class='ocrx_word' id='word_1_76' title='bbox 108 1102 252 1164; x_wconf 85' lang='lat' dir='ltr'>dominum</span> <span class='ocrx_word' id='word_1_77' title='bbox 274 1099 357 1164; x_wconf 90' lang='lat' dir='ltr'>uobis</span> <span class='ocrx_word' id='word_1_78' title='bbox 372 1119 446 1184; x_wconf 85' lang='lat' dir='ltr'>qnae</span> <span class='ocrx_word' id='word_1_79' title='bbox 462 1110 563 1163; x_wconf 89' lang='lat' dir='ltr'>essent</span> <span class='ocrx_word' id='word_1_80' title='bbox 577 1099 751 1183; x_wconf 74' lang='lat' dir='ltr'>perfectiora</span> <span class='ocrx_word' id='word_1_81' title='bbox 766 1099 914 1164; x_wconf 79' lang='lat' dir='ltr'>tribuisse.</span> <span class='ocrx_word' id='word_1_82' title='bbox 961 1099 1141 1186; x_wconf 83' lang='lat' dir='ltr'>Ecquidnum</span> <span class='ocrx_word' id='word_1_83' title='bbox 1159 1103 1248 1186; x_wconf 78' lang='lat' dir='ltr'>igitur</span> 
     </span>
    </p>

    <p class='ocr_par' dir='ltr' id='par_1_7' title="bbox 106 1200 1391 1488">
     <span class='ocr_line' id='line_1_10' title="bbox 106 1200 1248 1289; baseline 0.002 -23"><span class='ocrx_word' id='word_1_84' title='bbox 106 1205 141 1266; x_wconf 82' lang='lat' dir='ltr'>ad</span> <span class='ocrx_word' id='word_1_85' title='bbox 162 1202 207 1264; x_wconf 90' lang='lat' dir='ltr'>sni</span> <span class='ocrx_word' id='word_1_86' title='bbox 229 1201 451 1266; x_wconf 85' lang='lat' dir='ltr'>exeusationem</span> <span class='ocrx_word' id='word_1_87' title='bbox 467 1202 573 1264; x_wconf 89' lang='lat' dir='ltr'>ollerre</span> <span class='ocrx_word' id='word_1_88' title='bbox 589 1201 630 1266; x_wconf 88' lang='lat' dir='ltr'>illi</span> <span class='ocrx_word' id='word_1_89' title='bbox 653 1210 805 1287; x_wconf 88' lang='lat' dir='ltr'>poterunt,</span> <span class='ocrx_word' id='word_1_90' title='bbox 828 1201 875 1286; x_wconf 85' lang='lat' dir='ltr'>qoi</span> <span class='ocrx_word' id='word_1_91' title='bbox 894 1200 1006 1287; x_wconf 88' lang='lat' dir='ltr'>spiritui</span> <span class='ocrx_word' id='word_1_92' title='bbox 1022 1215 1124 1268; x_wconf 87' lang='lat' dir='ltr'>sancto</span> <span class='ocrx_word' id='word_1_93' title='bbox 1143 1225 1248 1289; x_wconf 84' lang='lat' dir='ltr'>parere</span> 
     </span>
     <span class='ocr_line' id='line_1_11' title="bbox 106 1302 1391 1389; baseline 0.001 -22"><span class='ocrx_word' id='word_1_94' title='bbox 106 1307 286 1381; x_wconf 89' lang='lat' dir='ltr'>detrectant,</span> <span class='ocrx_word' id='word_1_95' title='bbox 311 1304 339 1366; x_wconf 89' lang='lat' dir='ltr'>ei</span> <span class='ocrx_word' id='word_1_96' title='bbox 355 1303 470 1386; x_wconf 88' lang='lat' dir='ltr'>inquam</span> <span class='ocrx_word' id='word_1_97' title='bbox 488 1303 601 1387; x_wconf 88' lang='lat' dir='ltr'>spiritui</span> <span class='ocrx_word' id='word_1_98' title='bbox 620 1302 668 1387; x_wconf 87' lang='lat' dir='ltr'>qui</span> <span class='ocrx_word' id='word_1_99' title='bbox 688 1323 740 1387; x_wconf 87' lang='lat' dir='ltr'>per</span> <span class='ocrx_word' id='word_1_100' title='bbox 756 1304 904 1389; x_wconf 85' lang='lat' dir='ltr'>apostolos</span> <span class='ocrx_word' id='word_1_101' title='bbox 922 1305 1061 1382; x_wconf 84' lang='lat' dir='ltr'>edixerit,</span> <span class='ocrx_word' id='word_1_102' title='bbox 1083 1329 1118 1368; x_wconf 86' lang='lat' dir='ltr'>ne</span> <span class='ocrx_word' id='word_1_103' title='bbox 1131 1311 1246 1386; x_wconf 71' lang='lat' dir='ltr'>gentula·-</span> <span class='ocrx_word' id='word_1_104' title='bbox 1259 1317 1308 1362; x_wconf 65' lang='lat' dir='ltr'>aar.</span> <span class='ocrx_word' id='word_1_105' title='bbox 1321 1321 1353 1375; x_wconf 86' lang='lat' dir='ltr'>rc,</span> <span class='ocrx_word' id='word_1_106' title='bbox 1365 1325 1391 1368; x_wconf 88' lang='lat' dir='ltr'>ao</span> 
     </span>
     <span class='ocr_line' id='line_1_12' title="bbox 108 1408 1247 1488; baseline 0.003 -20"><span class='ocrx_word' id='word_1_107' title='bbox 108 1409 158 1468; x_wconf 80' lang='lat' dir='ltr'>bor</span> <span class='ocrx_word' id='word_1_108' title='bbox 173 1410 212 1466; x_wconf 84' lang='lat' dir='ltr'>od</span> <span class='ocrx_word' id='word_1_109' title='bbox 227 1409 414 1467; x_wconf 75' lang='lat' dir='ltr'>Cbrabtr&#39;unom</span> <span class='ocrx_word' id='word_1_110' title='bbox 429 1408 592 1484; x_wconf 74' lang='lat' dir='ltr'>religionem</span> <span class='ocrx_word' id='word_1_111' title='bbox 610 1408 746 1466; x_wconf 73' lang='lat' dir='ltr'>moduen&#39;e</span> <span class='ocrx_word' id='word_1_112' title='bbox 760 1427 831 1466; x_wconf 80' lang='lat' dir='ltr'>onus</span> <span class='ocrx_word' id='word_1_113' title='bbox 846 1409 1034 1485; x_wconf 72' lang='lat' dir='ltr'>rnrponeretm·</span> <span class='ocrx_word' id='word_1_114' title='bbox 1048 1411 1141 1483; x_wconf 83' lang='lat' dir='ltr'>olr&#39;od,</span> <span class='ocrx_word' id='word_1_115' title='bbox 1165 1431 1247 1488; x_wconf 84' lang='lat' dir='ltr'>poem</span> 
     </span>
    </p>

    <p class='ocr_par' dir='ltr' id='par_1_8' title="bbox 106 1509 1248 1696">
     <span class='ocr_line' id='line_1_13' title="bbox 108 1509 1248 1591; baseline 0.003 -21"><span class='ocrx_word' id='word_1_116' title='bbox 108 1513 178 1570; x_wconf 74' lang='lat' dir='ltr'>aueo</span> <span class='ocrx_word' id='word_1_117' title='bbox 195 1513 370 1581; x_wconf 79' lang='lat' dir='ltr'>neoeeaorrir,</span> <span class='ocrx_word' id='word_1_118' title='bbox 395 1519 458 1568; x_wconf 85' lang='lat' dir='ltr'>uto</span> <span class='ocrx_word' id='word_1_119' title='bbox 475 1511 628 1586; x_wconf 75' lang='lat' dir='ltr'>ecrrgrnire,</span> <span class='ocrx_word' id='word_1_120' title='bbox 651 1519 680 1568; x_wconf 84' lang='lat' dir='ltr'>et</span> <span class='ocrx_word' id='word_1_121' title='bbox 692 1509 848 1590; x_wconf 78' lang='lat' dir='ltr'>snffbroto,</span> <span class='ocrx_word' id='word_1_122' title='bbox 873 1520 901 1568; x_wconf 88' lang='lat' dir='ltr'>et</span> <span class='ocrx_word' id='word_1_123' title='bbox 908 1511 1101 1591; x_wconf 78' lang='lat' dir='ltr'>fornicatione</span> <span class='ocrx_word' id='word_1_124' title='bbox 1118 1522 1148 1571; x_wconf 85' lang='grc' dir='ltr'>ιι</span> <span class='ocrx_word' id='word_1_125' title='bbox 1165 1514 1248 1574; x_wconf 63' lang='lat' dir='ltr'>Melea</span> 
     </span>
     <span class='ocr_line' id='line_1_14' title="bbox 106 1609 1248 1696; baseline 0.004 -25"><span class='ocrx_word' id='word_1_126' title='bbox 106 1613 247 1672; x_wconf 68' lang='lat' dir='ltr'>sternutare</span> <span class='ocrx_word' id='word_1_127' title='bbox 267 1631 328 1670; x_wconf 81' lang='lat' dir='ltr'>sese</span> <span class='ocrx_word' id='word_1_128' title='bbox 344 1614 539 1670; x_wconf 69' lang='lat' dir='ltr'>connumeret</span> <span class='ocrx_word' id='word_1_129' title='bbox 582 1609 629 1670; x_wconf 76' lang='lat' dir='ltr'>Aa</span> <span class='ocrx_word' id='word_1_130' title='bbox 652 1629 708 1670; x_wconf 89' lang='lat' dir='ltr'>nou</span> <span class='ocrx_word' id='word_1_131' title='bbox 732 1609 828 1670; x_wconf 83' lang='lat' dir='ltr'>divina</span> <span class='ocrx_word' id='word_1_132' title='bbox 848 1629 899 1672; x_wconf 87' lang='lat' dir='ltr'>eos</span> <span class='ocrx_word' id='word_1_133' title='bbox 923 1611 1061 1674; x_wconf 83' lang='lat' dir='ltr'>excidere</span> <span class='ocrx_word' id='word_1_134' title='bbox 1080 1612 1175 1696; x_wconf 80' lang='lat' dir='ltr'>gratia</span> <span class='ocrx_word' id='word_1_135' title='bbox 1196 1633 1248 1676; x_wconf 88' lang='lat' dir='ltr'>ne·</span> 
     </span>
    </p>

    <p class='ocr_par' dir='ltr' id='par_1_9' title="bbox 105 1705 1394 1895">
     <span class='ocr_line' id='line_1_15' title="bbox 105 1705 1394 1796; baseline 0.002 -22"><span class='ocrx_word' id='word_1_136' title='bbox 105 1732 191 1774; x_wconf 87' lang='lat' dir='ltr'>eesse</span> <span class='ocrx_word' id='word_1_137' title='bbox 211 1719 274 1790; x_wconf 86' lang='lat' dir='ltr'>est,</span> <span class='ocrx_word' id='word_1_138' title='bbox 298 1731 362 1772; x_wconf 91' lang='lat' dir='ltr'>cum</span> <span class='ocrx_word' id='word_1_139' title='bbox 382 1709 422 1773; x_wconf 88' lang='lat' dir='ltr'>ita</span> <span class='ocrx_word' id='word_1_140' title='bbox 438 1719 557 1774; x_wconf 86' lang='lat' dir='ltr'>sauctus</span> <span class='ocrx_word' id='word_1_141' title='bbox 571 1705 681 1774; x_wconf 89' lang='lat' dir='ltr'>Paulus</span> <span class='ocrx_word' id='word_1_142' title='bbox 704 1709 851 1793; x_wconf 89' lang='lat' dir='ltr'>apostolos</span> <span class='ocrx_word' id='word_1_143' title='bbox 872 1709 1038 1796; x_wconf 70' lang='lat' dir='ltr'>scripserim</span> <span class='ocrx_word' id='word_1_144' title='bbox 1068 1717 1106 1774; x_wconf 87' lang='lat' dir='ltr'>Sr&#39;</span> <span class='ocrx_word' id='word_1_145' title='bbox 1122 1719 1328 1776; x_wconf 70' lang='lat' dir='ltr'>omrem-cato.</span> <span class='ocrx_word' id='word_1_146' title='bbox 1340 1733 1362 1786; x_wconf 86' lang='lat' dir='ltr'>s,</span> <span class='ocrx_word' id='word_1_147' title='bbox 1374 1733 1394 1776; x_wconf 85' lang='lat' dir='ltr'>a.</span> 
     </span>
     <span class='ocr_line' id='line_1_16' title="bbox 106 1813 1252 1895; baseline 0.004 -20"><span class='ocrx_word' id='word_1_148' title='bbox 106 1817 256 1884; x_wconf 65' lang='lat' dir='ltr'>adanon,</span> <span class='ocrx_word' id='word_1_149' title='bbox 283 1815 412 1873; x_wconf 78' lang='lat' dir='ltr'>Chre&#39;stas</span> <span class='ocrx_word' id='word_1_150' title='bbox 427 1815 502 1873; x_wconf 71' lang='lat' dir='ltr'>emet</span> <span class='ocrx_word' id='word_1_151' title='bbox 517 1813 592 1872; x_wconf 70' lang='lat' dir='ltr'>eolre</span> <span class='ocrx_word' id='word_1_152' title='bbox 610 1815 755 1892; x_wconf 77' lang='lat' dir='ltr'>proderat:</span> <span class='ocrx_word' id='word_1_153' title='bbox 778 1817 942 1893; x_wconf 69' lang='lat' dir='ltr'>paternoque</span> <span class='ocrx_word' id='word_1_154' title='bbox 958 1819 987 1876; x_wconf 84' lang='lat' dir='ltr'>r&#39;n</span> <span class='ocrx_word' id='word_1_155' title='bbox 1004 1818 1066 1894; x_wconf 77' lang='lat' dir='ltr'>lage</span> <span class='ocrx_word' id='word_1_156' title='bbox 1083 1819 1252 1895; x_wconf 73' lang='lat' dir='ltr'>glonbmrin&#39;</span> 
     </span>
    </p>

    <p class='ocr_par' dir='ltr' id='par_1_10' title="bbox 103 1917 429 1996">
     <span class='ocr_line' id='line_1_17' title="bbox 103 1917 429 1996; baseline -0.012 -18"><span class='ocrx_word' id='word_1_157' title='bbox 103 1937 123 1978; x_wconf 84' lang='lat' dir='ltr'>a</span> <span class='ocrx_word' id='word_1_158' title='bbox 141 1918 242 1996; x_wconf 70' lang='lat' dir='ltr'>mnu</span> <span class='ocrx_word' id='word_1_159' title='bbox 263 1917 429 1975; x_wconf 69' lang='lat' dir='ltr'>eme&#39;drtnb?</span> 
     </span>
    </p>

    <p class='ocr_par' dir='ltr' id='par_1_11' title="bbox 8 2013 1381 3927">
     <span class='ocr_line' id='line_1_18' title="bbox 190 2013 1381 2099; baseline 0.003 -19"><span class='ocrx_word' id='word_1_160' title='bbox 190 2014 390 2099; x_wconf 80' lang='lat' dir='ltr'>Quamobrem</span> <span class='ocrx_word' id='word_1_161' title='bbox 413 2025 517 2080; x_wconf 87' lang='lat' dir='ltr'>contra</span> <span class='ocrx_word' id='word_1_162' title='bbox 531 2013 605 2080; x_wconf 88' lang='lat' dir='ltr'>bane</span> <span class='ocrx_word' id='word_1_163' title='bbox 620 2014 707 2078; x_wconf 89' lang='lat' dir='ltr'>etiam</span> <span class='ocrx_word' id='word_1_164' title='bbox 723 2013 858 2078; x_wconf 81' lang='lat' dir='ltr'>baeresim</span> <span class='ocrx_word' id='word_1_165' title='bbox 875 2015 973 2082; x_wconf 83' lang='lat' dir='ltr'>brevis</span> <span class='ocrx_word' id='word_1_166' title='bbox 993 2016 1051 2081; x_wconf 87' lang='lat' dir='ltr'>ista</span> <span class='ocrx_word' id='word_1_167' title='bbox 1070 2028 1171 2083; x_wconf 81' lang='lat' dir='ltr'>uostm</span> <span class='ocrx_word' id='word_1_168' title='bbox 1188 2021 1246 2085; x_wconf 88' lang='lat' dir='ltr'>dis-</span> <span class='ocrx_word' id='word_1_169' title='bbox 1265 2027 1323 2098; x_wconf 77' lang='lat' dir='ltr'>cup.</span> <span class='ocrx_word' id='word_1_170' title='bbox 1336 2029 1381 2083; x_wconf 68' lang='lat' dir='ltr'>tx</span> 
     </span>
     <span class='ocr_line' id='line_1_19' title="bbox 104 2114 1247 2205; baseline 0.003 -23"><span class='ocrx_word' id='word_1_171' title='bbox 104 2119 215 2205; x_wconf 88' lang='lat' dir='ltr'>potatio</span> <span class='ocrx_word' id='word_1_172' title='bbox 240 2118 373 2182; x_wconf 85' lang='lat' dir='ltr'>sufficiet.</span> <span class='ocrx_word' id='word_1_173' title='bbox 417 2114 519 2181; x_wconf 84' lang='lat' dir='ltr'>Facile</span> <span class='ocrx_word' id='word_1_174' title='bbox 540 2115 616 2180; x_wconf 91' lang='lat' dir='ltr'>enim</span> <span class='ocrx_word' id='word_1_175' title='bbox 641 2115 690 2180; x_wconf 90' lang='lat' dir='ltr'>isti</span> <span class='ocrx_word' id='word_1_176' title='bbox 714 2116 808 2180; x_wconf 89' lang='lat' dir='ltr'>relelli</span> <span class='ocrx_word' id='word_1_177' title='bbox 830 2118 1019 2202; x_wconf 80' lang='lat' dir='ltr'>convincique</span> <span class='ocrx_word' id='word_1_178' title='bbox 1045 2132 1182 2204; x_wconf 89' lang='lat' dir='ltr'>pessunt,</span> <span class='ocrx_word' id='word_1_179' title='bbox 1212 2144 1247 2186; x_wconf 90' lang='lat' dir='ltr'>ac</span> 
     </span>
     <span class='ocr_line' id='line_1_20' title="bbox 103 2217 1246 2304; baseline 0 -17"><span class='ocrx_word' id='word_1_180' title='bbox 103 2218 207 2287; x_wconf 88' lang='lat' dir='ltr'>ludaei</span> <span class='ocrx_word' id='word_1_181' title='bbox 230 2218 432 2304; x_wconf 85' lang='lat' dir='ltr'>potiusquam</span> <span class='ocrx_word' id='word_1_182' title='bbox 458 2217 587 2282; x_wconf 86' lang='lat' dir='ltr'>cuiusvis</span> <span class='ocrx_word' id='word_1_183' title='bbox 611 2218 731 2281; x_wconf 87' lang='lat' dir='ltr'>alterius</span> <span class='ocrx_word' id='word_1_184' title='bbox 753 2219 872 2303; x_wconf 82' lang='lat' dir='ltr'>generis</span> <span class='ocrx_word' id='word_1_185' title='bbox 890 2231 974 2298; x_wconf 89' lang='lat' dir='ltr'>suut,</span> <span class='ocrx_word' id='word_1_186' title='bbox 998 2221 1111 2285; x_wconf 84' lang='lat' dir='ltr'>tametsi</span> <span class='ocrx_word' id='word_1_187' title='bbox 1132 2220 1246 2288; x_wconf 88' lang='lat' dir='ltr'>ludaeis</span> 
     </span>
     <span class='ocr_line' id='line_1_21' title="bbox 104 2317 1245 2408; baseline 0.003 -22"><span class='ocrx_word' id='word_1_188' title='bbox 104 2321 164 2386; x_wconf 87' lang='lat' dir='ltr'>aiot</span> <span class='ocrx_word' id='word_1_189' title='bbox 180 2319 385 2386; x_wconf 83' lang='lat' dir='ltr'>inimicissimi.</span> <span class='ocrx_word' id='word_1_190' title='bbox 429 2317 535 2402; x_wconf 87' lang='lat' dir='ltr'>Neque</span> <span class='ocrx_word' id='word_1_191' title='bbox 555 2319 630 2382; x_wconf 87' lang='lat' dir='ltr'>enim</span> <span class='ocrx_word' id='word_1_192' title='bbox 647 2317 820 2384; x_wconf 89' lang='lat' dir='ltr'>ludaeorum</span> <span class='ocrx_word' id='word_1_193' title='bbox 836 2321 944 2406; x_wconf 86' lang='lat' dir='ltr'>posteri</span> <span class='ocrx_word' id='word_1_194' title='bbox 963 2322 1056 2388; x_wconf 87' lang='lat' dir='ltr'>selom</span> <span class='ocrx_word' id='word_1_195' title='bbox 1074 2322 1188 2408; x_wconf 88' lang='lat' dir='ltr'>capitali</span> <span class='ocrx_word' id='word_1_196' title='bbox 1210 2324 1245 2389; x_wconf 85' lang='lat' dir='ltr'>it-</span> 
     </span>
     <span class='ocr_line' id='line_1_22' title="bbox 102 2421 1244 2510; baseline 0.002 -22"><span class='ocrx_word' id='word_1_197' title='bbox 102 2425 149 2488; x_wconf 91' lang='lat' dir='ltr'>los</span> <span class='ocrx_word' id='word_1_198' title='bbox 171 2423 239 2486; x_wconf 92' lang='lat' dir='ltr'>odic</span> <span class='ocrx_word' id='word_1_199' title='bbox 262 2431 492 2507; x_wconf 86' lang='lat' dir='ltr'>persequuntur,</span> <span class='ocrx_word' id='word_1_200' title='bbox 516 2421 567 2485; x_wconf 89' lang='lat' dir='ltr'>sed</span> <span class='ocrx_word' id='word_1_201' title='bbox 587 2433 618 2485; x_wconf 90' lang='lat' dir='ltr'>et</span> <span class='ocrx_word' id='word_1_202' title='bbox 639 2441 740 2500; x_wconf 88' lang='lat' dir='ltr'>mane,</span> <span class='ocrx_word' id='word_1_203' title='bbox 764 2442 798 2484; x_wconf 87' lang='lat' dir='ltr'>ao</span> <span class='ocrx_word' id='word_1_204' title='bbox 814 2422 950 2501; x_wconf 90' lang='lat' dir='ltr'>meridie,</span> <span class='ocrx_word' id='word_1_205' title='bbox 974 2433 1004 2485; x_wconf 90' lang='lat' dir='ltr'>et</span> <span class='ocrx_word' id='word_1_206' title='bbox 1027 2424 1062 2487; x_wconf 93' lang='lat' dir='ltr'>ad</span> <span class='ocrx_word' id='word_1_207' title='bbox 1079 2445 1244 2510; x_wconf 86' lang='lat' dir='ltr'>vesperam,</span> 
     </span>
     <span class='ocr_line' id='line_1_23' title="bbox 103 2521 1246 2608; baseline 0.005 -21"><span class='ocrx_word' id='word_1_208' title='bbox 103 2537 150 2588; x_wconf 92' lang='lat' dir='ltr'>ter</span> <span class='ocrx_word' id='word_1_209' title='bbox 166 2527 203 2586; x_wconf 89' lang='lat' dir='ltr'>de</span> <span class='ocrx_word' id='word_1_210' title='bbox 221 2523 285 2602; x_wconf 91' lang='lat' dir='ltr'>die,</span> <span class='ocrx_word' id='word_1_211' title='bbox 308 2545 372 2586; x_wconf 92' lang='lat' dir='ltr'>cum</span> <span class='ocrx_word' id='word_1_212' title='bbox 389 2523 417 2585; x_wconf 92' lang='lat' dir='ltr'>in</span> <span class='ocrx_word' id='word_1_213' title='bbox 434 2521 591 2608; x_wconf 77' lang='lat' dir='ltr'>synagogis</span> <span class='ocrx_word' id='word_1_214' title='bbox 610 2523 670 2586; x_wconf 90' lang='lat' dir='ltr'>suis</span> <span class='ocrx_word' id='word_1_215' title='bbox 688 2522 723 2585; x_wconf 88' lang='lat' dir='ltr'>ed</span> <span class='ocrx_word' id='word_1_216' title='bbox 743 2523 882 2586; x_wconf 87' lang='lat' dir='ltr'>orandum</span> <span class='ocrx_word' id='word_1_217' title='bbox 900 2523 1077 2588; x_wconf 87' lang='lat' dir='ltr'>conveniunt</span> <span class='ocrx_word' id='word_1_218' title='bbox 1094 2526 1164 2590; x_wconf 90' lang='lat' dir='ltr'>diris</span> <span class='ocrx_word' id='word_1_219' title='bbox 1179 2528 1246 2594; x_wconf 88' lang='lat' dir='ltr'>illos</span> 
     </span>
     <span class='ocr_line' id='line_1_24' title="bbox 103 2623 1245 2709; baseline 0.005 -21"><span class='ocrx_word' id='word_1_220' title='bbox 103 2629 266 2704; x_wconf 79' lang='lat' dir='ltr'>devorent,</span> <span class='ocrx_word' id='word_1_221' title='bbox 289 2647 323 2688; x_wconf 89' lang='lat' dir='ltr'>ac</span> <span class='ocrx_word' id='word_1_222' title='bbox 341 2625 454 2688; x_wconf 82' lang='lat' dir='ltr'>solenni</span> <span class='ocrx_word' id='word_1_223' title='bbox 470 2624 676 2708; x_wconf 87' lang='lat' dir='ltr'>imprecatione</span> <span class='ocrx_word' id='word_1_224' title='bbox 694 2623 887 2709; x_wconf 89' lang='lat' dir='ltr'>proscribunt.</span> <span class='ocrx_word' id='word_1_225' title='bbox 931 2625 978 2689; x_wconf 80' lang='lat' dir='ltr'>Ac</span> <span class='ocrx_word' id='word_1_226' title='bbox 992 2623 1178 2708; x_wconf 78' lang='lat' dir='ltr'>Nazaraeos,</span> <span class='ocrx_word' id='word_1_227' title='bbox 1200 2631 1245 2694; x_wconf 87' lang='lat' dir='ltr'>in-</span> 
     </span>
     <span class='ocr_line' id='line_1_25' title="bbox 103 2723 1246 2813; baseline 0.004 -22"><span class='ocrx_word' id='word_1_228' title='bbox 103 2729 224 2813; x_wconf 85' lang='lat' dir='ltr'>quiunt,</span> <span class='ocrx_word' id='word_1_229' title='bbox 250 2728 322 2790; x_wconf 86' lang='lat' dir='ltr'>deus</span> <span class='ocrx_word' id='word_1_230' title='bbox 337 2737 505 2790; x_wconf 82' lang='lat' dir='ltr'>execretur.</span> <span class='ocrx_word' id='word_1_231' title='bbox 552 2723 585 2789; x_wconf 91' lang='lat' dir='ltr'>ln</span> <span class='ocrx_word' id='word_1_232' title='bbox 601 2726 654 2790; x_wconf 91' lang='lat' dir='ltr'>bos</span> <span class='ocrx_word' id='word_1_233' title='bbox 671 2725 747 2788; x_wconf 90' lang='lat' dir='ltr'>enim</span> <span class='ocrx_word' id='word_1_234' title='bbox 764 2725 921 2790; x_wconf 77' lang='lat' dir='ltr'>offensiore</span> <span class='ocrx_word' id='word_1_235' title='bbox 937 2737 967 2790; x_wconf 89' lang='lat' dir='ltr'>et</span> <span class='ocrx_word' id='word_1_236' title='bbox 981 2727 1133 2795; x_wconf 84' lang='lat' dir='ltr'>acerbiore</span> <span class='ocrx_word' id='word_1_237' title='bbox 1149 2730 1246 2796; x_wconf 89' lang='lat' dir='ltr'>auimo</span> 
     </span>
     <span class='ocr_line' id='line_1_26' title="bbox 104 2825 1246 2912; baseline 0.003 -17"><span class='ocrx_word' id='word_1_238' title='bbox 104 2843 192 2906; x_wconf 90' lang='lat' dir='ltr'>suot,</span> <span class='ocrx_word' id='word_1_239' title='bbox 216 2829 292 2912; x_wconf 93' lang='lat' dir='ltr'>quod</span> <span class='ocrx_word' id='word_1_240' title='bbox 313 2850 378 2891; x_wconf 86' lang='lat' dir='ltr'>cunr</span> <span class='ocrx_word' id='word_1_241' title='bbox 398 2825 601 2891; x_wconf 91' lang='lat' dir='ltr'>eludaeorum</span> <span class='ocrx_word' id='word_1_242' title='bbox 621 2847 742 2891; x_wconf 87' lang='lat' dir='ltr'>numere</span> <span class='ocrx_word' id='word_1_243' title='bbox 759 2827 834 2905; x_wconf 90' lang='lat' dir='ltr'>siut,</span> <span class='ocrx_word' id='word_1_244' title='bbox 858 2827 1043 2893; x_wconf 89' lang='lat' dir='ltr'>nibilominus</span> <span class='ocrx_word' id='word_1_245' title='bbox 1059 2827 1156 2896; x_wconf 89' lang='lat' dir='ltr'>lesum</span> <span class='ocrx_word' id='word_1_246' title='bbox 1179 2849 1246 2898; x_wconf 85' lang='lat' dir='ltr'>esse</span> 
     </span>
     <span class='ocr_line' id='line_1_27' title="bbox 104 2926 1246 3013; baseline 0.003 -18"><span class='ocrx_word' id='word_1_247' title='bbox 104 2927 258 2995; x_wconf 87' lang='lat' dir='ltr'>Cbristmu</span> <span class='ocrx_word' id='word_1_248' title='bbox 277 2929 459 3012; x_wconf 86' lang='lat' dir='ltr'>praedicent,</span> <span class='ocrx_word' id='word_1_249' title='bbox 483 2930 558 3013; x_wconf 85' lang='lat' dir='ltr'>quod</span> <span class='ocrx_word' id='word_1_250' title='bbox 579 2929 615 2993; x_wconf 89' lang='lat' dir='ltr'>iis</span> <span class='ocrx_word' id='word_1_251' title='bbox 632 2929 680 3012; x_wconf 85' lang='lat' dir='ltr'>qui</span> <span class='ocrx_word' id='word_1_252' title='bbox 697 2926 869 2992; x_wconf 86' lang='lat' dir='ltr'>ludaeorum</span> <span class='ocrx_word' id='word_1_253' title='bbox 886 2929 978 2994; x_wconf 87' lang='lat' dir='ltr'>adbuc</span> <span class='ocrx_word' id='word_1_254' title='bbox 994 2934 1175 2996; x_wconf 87' lang='lat' dir='ltr'>ceremonias</span> <span class='ocrx_word' id='word_1_255' title='bbox 1197 2955 1246 2998; x_wconf 90' lang='lat' dir='ltr'>co-</span> 
     </span>
     <span class='ocr_line' id='line_1_28' title="bbox 103 3027 1242 3118; baseline 0.004 -22"><span class='ocrx_word' id='word_1_256' title='bbox 103 3033 185 3109; x_wconf 84' lang='lat' dir='ltr'>lunt,</span> <span class='ocrx_word' id='word_1_257' title='bbox 218 3029 358 3115; x_wconf 86' lang='lat' dir='ltr'>imprimis</span> <span class='ocrx_word' id='word_1_258' title='bbox 384 3041 430 3093; x_wconf 90' lang='lat' dir='ltr'>est</span> <span class='ocrx_word' id='word_1_259' title='bbox 454 3029 647 3108; x_wconf 89' lang='lat' dir='ltr'>eontrarium,</span> <span class='ocrx_word' id='word_1_260' title='bbox 677 3030 727 3114; x_wconf 92' lang='lat' dir='ltr'>qui</span> <span class='ocrx_word' id='word_1_261' title='bbox 748 3027 897 3094; x_wconf 84' lang='lat' dir='ltr'>Cbristuur</span> <span class='ocrx_word' id='word_1_262' title='bbox 921 3031 1057 3096; x_wconf 88' lang='lat' dir='ltr'>videlicet</span> <span class='ocrx_word' id='word_1_263' title='bbox 1079 3034 1242 3118; x_wconf 82' lang='lat' dir='ltr'>repudiant.</span> 
     </span>
     <span class='ocr_line' id='line_1_29' title="bbox 104 3129 1244 3217; baseline 0.002 -21"><span class='ocrx_word' id='word_1_264' title='bbox 104 3131 162 3196; x_wconf 85' lang='lat' dir='ltr'>Est</span> <span class='ocrx_word' id='word_1_265' title='bbox 182 3153 256 3196; x_wconf 87' lang='lat' dir='ltr'>vero</span> <span class='ocrx_word' id='word_1_266' title='bbox 282 3151 371 3217; x_wconf 89' lang='lat' dir='ltr'>penes</span> <span class='ocrx_word' id='word_1_267' title='bbox 398 3131 464 3195; x_wconf 90' lang='lat' dir='ltr'>illos</span> <span class='ocrx_word' id='word_1_268' title='bbox 487 3131 669 3214; x_wconf 79' lang='lat' dir='ltr'>evangelium</span> <span class='ocrx_word' id='word_1_269' title='bbox 697 3131 855 3196; x_wconf 89' lang='lat' dir='ltr'>secuudum</span> <span class='ocrx_word' id='word_1_270' title='bbox 876 3129 1075 3210; x_wconf 87' lang='lat' dir='ltr'>Mattbaeom,</span> <span class='ocrx_word' id='word_1_271' title='bbox 1099 3133 1244 3199; x_wconf 87' lang='lat' dir='ltr'>llebraice</span> 
     </span>
     <span class='ocr_line' id='line_1_30' title="bbox 8 3230 1247 3320; baseline 0.002 -22"><span class='ocrx_word' id='word_1_272' title='bbox 8 3269 11 3288; x_wconf 51' lang='grc' dir='ltr'><em>ν</em></span> <span class='ocrx_word' id='word_1_273' title='bbox 104 3234 266 3320; x_wconf 86' lang='lat' dir='ltr'>seriptum,</span> <span class='ocrx_word' id='word_1_274' title='bbox 296 3233 458 3316; x_wconf 89' lang='lat' dir='ltr'>etquidem</span> <span class='ocrx_word' id='word_1_275' title='bbox 480 3231 736 3296; x_wconf 88' lang='lat' dir='ltr'>absolutissimum.</span> <span class='ocrx_word' id='word_1_276' title='bbox 781 3230 846 3296; x_wconf 88' lang='lat' dir='ltr'>lloc</span> <span class='ocrx_word' id='word_1_277' title='bbox 864 3233 941 3296; x_wconf 90' lang='lat' dir='ltr'>enim</span> <span class='ocrx_word' id='word_1_278' title='bbox 958 3234 1137 3312; x_wconf 84' lang='lat' dir='ltr'>certissime,</span> <span class='ocrx_word' id='word_1_279' title='bbox 1161 3247 1247 3320; x_wconf 89' lang='lat' dir='ltr'>prout</span> 
     </span>
     <span class='ocr_line' id='line_1_31' title="bbox 104 3331 1246 3420; baseline 0 -21"><span class='ocrx_word' id='word_1_280' title='bbox 104 3333 264 3399; x_wconf 85' lang='lat' dir='ltr'>Hebraicis</span> <span class='ocrx_word' id='word_1_281' title='bbox 276 3333 369 3398; x_wconf 88' lang='lat' dir='ltr'>literis</span> <span class='ocrx_word' id='word_1_282' title='bbox 382 3334 466 3398; x_wconf 89' lang='lat' dir='ltr'>initio</span> <span class='ocrx_word' id='word_1_283' title='bbox 482 3335 619 3420; x_wconf 86' lang='lat' dir='ltr'>scripturo</span> <span class='ocrx_word' id='word_1_284' title='bbox 635 3344 691 3414; x_wconf 85' lang='lat' dir='ltr'>est,</span> <span class='ocrx_word' id='word_1_285' title='bbox 715 3333 749 3396; x_wconf 90' lang='lat' dir='ltr'>in</span> <span class='ocrx_word' id='word_1_286' title='bbox 762 3331 931 3396; x_wconf 89' lang='lat' dir='ltr'>bodiernem</span> <span class='ocrx_word' id='word_1_287' title='bbox 946 3343 1058 3419; x_wconf 86' lang='lat' dir='ltr'>tempos</span> <span class='ocrx_word' id='word_1_288' title='bbox 1072 3356 1163 3418; x_wconf 82' lang='lat' dir='ltr'>usqua</span> <span class='ocrx_word' id='word_1_289' title='bbox 1175 3357 1246 3399; x_wconf 90' lang='lat' dir='ltr'>cou-</span> 
     </span>
     <span class='ocr_line' id='line_1_32' title="bbox 102 3432 1246 3521; baseline 0 -19"><span class='ocrx_word' id='word_1_290' title='bbox 102 3447 241 3502; x_wconf 82' lang='lat' dir='ltr'>servaut.</span> <span class='ocrx_word' id='word_1_291' title='bbox 274 3432 385 3500; x_wconf 88' lang='lat' dir='ltr'>Verum</span> <span class='ocrx_word' id='word_1_292' title='bbox 397 3436 466 3499; x_wconf 92' lang='lat' dir='ltr'>illud</span> <span class='ocrx_word' id='word_1_293' title='bbox 482 3435 594 3514; x_wconf 89' lang='lat' dir='ltr'>nescio,</span> <span class='ocrx_word' id='word_1_294' title='bbox 618 3456 686 3498; x_wconf 89' lang='lat' dir='ltr'>nom</span> <span class='ocrx_word' id='word_1_295' title='bbox 703 3433 891 3518; x_wconf 79' lang='lat' dir='ltr'>genealogias</span> <span class='ocrx_word' id='word_1_296' title='bbox 905 3433 970 3498; x_wconf 90' lang='lat' dir='ltr'>illas</span> <span class='ocrx_word' id='word_1_297' title='bbox 985 3437 1158 3519; x_wconf 88' lang='lat' dir='ltr'>amputarint</span> <span class='ocrx_word' id='word_1_298' title='bbox 1172 3457 1246 3521; x_wconf 87' lang='lat' dir='ltr'>quae</span> 
     </span>
     <span class='ocr_line' id='line_1_33' title="bbox 104 3532 1287 3622; baseline 0 -20"><span class='ocrx_word' id='word_1_299' title='bbox 104 3539 142 3602; x_wconf 86' lang='lat' dir='ltr'>ab</span> <span class='ocrx_word' id='word_1_300' title='bbox 158 3538 311 3603; x_wconf 81' lang='lat' dir='ltr'>Abraamo</span> <span class='ocrx_word' id='word_1_301' title='bbox 326 3537 361 3602; x_wconf 89' lang='lat' dir='ltr'>ad</span> <span class='ocrx_word' id='word_1_302' title='bbox 379 3533 526 3602; x_wconf 88' lang='lat' dir='ltr'>Christum</span> <span class='ocrx_word' id='word_1_303' title='bbox 548 3557 638 3620; x_wconf 88' lang='lat' dir='ltr'>usquo</span> <span class='ocrx_word' id='word_1_304' title='bbox 657 3537 813 3622; x_wconf 86' lang='lat' dir='ltr'>perductae</span> <span class='ocrx_word' id='word_1_305' title='bbox 834 3544 912 3600; x_wconf 88' lang='lat' dir='ltr'>suut.</span> <span class='ocrx_word' id='word_1_306' title='bbox 956 3532 1110 3600; x_wconf 87' lang='lat' dir='ltr'>Postremo</span> <span class='ocrx_word' id='word_1_307' title='bbox 1129 3559 1193 3602; x_wconf 89' lang='lat' dir='ltr'>cum</span> <span class='ocrx_word' id='word_1_308' title='bbox 1211 3539 1246 3602; x_wconf 94' lang='lat' dir='ltr'>il·</span> <span class='ocrx_word' id='word_1_309' title='bbox 1281 3543 1287 3555; x_wconf 91' lang='lat'><em>&#39;</em></span> 
     </span>
     <span class='ocr_line' id='line_1_34' title="bbox 102 3637 1246 3722; baseline 0 -18"><span class='ocrx_word' id='word_1_310' title='bbox 102 3640 165 3704; x_wconf 87' lang='lat' dir='ltr'>lam</span> <span class='ocrx_word' id='word_1_311' title='bbox 182 3641 319 3703; x_wconf 85' lang='lat' dir='ltr'>baeresio</span> <span class='ocrx_word' id='word_1_312' title='bbox 339 3640 383 3704; x_wconf 89' lang='lat' dir='ltr'>sie</span> <span class='ocrx_word' id='word_1_313' title='bbox 400 3649 535 3722; x_wconf 69' lang='lat' dir='ltr'>nuquam</span> <span class='ocrx_word' id='word_1_314' title='bbox 551 3637 723 3702; x_wconf 82' lang='lat' dir='ltr'>imbecillem</span> <span class='ocrx_word' id='word_1_315' title='bbox 739 3637 881 3720; x_wconf 86' lang='lat' dir='ltr'>quendam</span> <span class='ocrx_word' id='word_1_316' title='bbox 897 3645 927 3700; x_wconf 94' lang='lat' dir='ltr'>et</span> <span class='ocrx_word' id='word_1_317' title='bbox 941 3647 1114 3702; x_wconf 88' lang='lat' dir='ltr'>venenatum</span> <span class='ocrx_word' id='word_1_318' title='bbox 1127 3639 1246 3704; x_wconf 89' lang='lat' dir='ltr'>crabro·</span> 
     </span>
     <span class='ocr_line' id='line_1_35' title="bbox 103 3737 1246 3826; baseline 0 -20"><span class='ocrx_word' id='word_1_319' title='bbox 103 3763 174 3806; x_wconf 82' lang='lat' dir='ltr'>nem</span> <span class='ocrx_word' id='word_1_320' title='bbox 188 3741 465 3826; x_wconf 87' lang='lat' dir='ltr'>deprehenderimus</span> <span class='ocrx_word' id='word_1_321' title='bbox 479 3761 514 3806; x_wconf 90' lang='lat' dir='ltr'>ae</span> <span class='ocrx_word' id='word_1_322' title='bbox 526 3739 659 3806; x_wconf 77' lang='lat' dir='ltr'>vemtatis</span> <span class='ocrx_word' id='word_1_323' title='bbox 672 3738 805 3802; x_wconf 87' lang='lat' dir='ltr'>oratione</span> <span class='ocrx_word' id='word_1_324' title='bbox 818 3737 1035 3817; x_wconf 87' lang='lat' dir='ltr'>obtriverimos,</span> <span class='ocrx_word' id='word_1_325' title='bbox 1059 3760 1112 3804; x_wconf 89' lang='lat' dir='ltr'>nos</span> <span class='ocrx_word' id='word_1_326' title='bbox 1124 3741 1161 3804; x_wconf 97' lang='lat' dir='ltr'>ad</span> <span class='ocrx_word' id='word_1_327' title='bbox 1175 3742 1246 3809; x_wconf 87' lang='lat' dir='ltr'>alias</span> 
     </span>
     <span class='ocr_line' id='line_1_36' title="bbox 104 3839 1084 3927; baseline 0 -21"><span class='ocrx_word' id='word_1_328' title='bbox 104 3843 265 3927; x_wconf 65' lang='lat' dir='ltr'>deiocms,</span> <span class='ocrx_word' id='word_1_329' title='bbox 290 3863 308 3904; x_wconf 90' lang='lat' dir='ltr'>o</span> <span class='ocrx_word' id='word_1_330' title='bbox 330 3843 491 3923; x_wconf 87' lang='lat' dir='ltr'>earisaimi,</span> <span class='ocrx_word' id='word_1_331' title='bbox 513 3842 611 3907; x_wconf 83' lang='lat' dir='ltr'>divino</span> <span class='ocrx_word' id='word_1_332' title='bbox 633 3841 699 3906; x_wconf 81' lang='lat' dir='ltr'>freti</span> <span class='ocrx_word' id='word_1_333' title='bbox 721 3839 867 3926; x_wconf 88' lang='lat' dir='ltr'>praesidio</span> <span class='ocrx_word' id='word_1_334' title='bbox 888 3840 1084 3906; x_wconf 82' lang='lat' dir='ltr'>conteramus.</span> 
     </span>
    </p>
   </div>
   <div class='ocr_carea' id='block_1_3' title="bbox 294 4077 1065 4296">
    <p class='ocr_par' dir='ltr' id='par_1_12' title="bbox 294 4077 1065 4296">
     <span class='ocr_line' id='line_1_37' title="bbox 294 4077 1065 4174; baseline -0.004 -17"><span class='ocrx_word' id='word_1_335' title='bbox 294 4079 642 4158; x_wconf 79' lang='lat' dir='ltr'><strong>ADVERSUS</strong></span> <span class='ocrx_word' id='word_1_336' title='bbox 680 4077 1065 4174; x_wconf 76' lang='lat' dir='ltr'>EBIONAEOS,</span> 
     </span>
     <span class='ocr_line' id='line_1_38' title="bbox 369 4197 999 4296; baseline -0.002 -21"><span class='ocrx_word' id='word_1_337' title='bbox 369 4225 450 4296; x_wconf 87' lang='lat' dir='ltr'>quae</span> <span class='ocrx_word' id='word_1_338' title='bbox 477 4208 529 4276; x_wconf 89' lang='lat' dir='ltr'>est</span> <span class='ocrx_word' id='word_1_339' title='bbox 551 4201 699 4276; x_wconf 86' lang='lat' dir='ltr'>baeresis</span> <span class='ocrx_word' id='word_1_340' title='bbox 723 4197 785 4292; x_wconf 86' lang='lat' dir='ltr'>X,</span> <span class='ocrx_word' id='word_1_341' title='bbox 810 4201 865 4276; x_wconf 84' lang='lat' dir='ltr'>vel</span> <span class='ocrx_word' id='word_1_342' title='bbox 888 4199 999 4274; x_wconf 90' lang='lat' dir='ltr'>XXX.</span> 
     </span>
    </p>
   </div>
   <div class='ocr_carea' id='block_1_4' title="bbox 190 4347 1360 4436">
    <p class='ocr_par' dir='ltr' id='par_1_13' title="bbox 190 4347 1360 4436">
     <span class='ocr_line' id='line_1_39' title="bbox 190 4347 1360 4436; baseline -0.003 -22"><span class='ocrx_word' id='word_1_343' title='bbox 190 4347 367 4416; x_wconf 78' lang='lat' dir='ltr'>Nazaraeos</span> <span class='ocrx_word' id='word_1_344' title='bbox 385 4349 493 4430; x_wconf 84' lang='lat' dir='ltr'>Ebion,</span> <span class='ocrx_word' id='word_1_345' title='bbox 518 4374 534 4415; x_wconf 90' lang='lat' dir='ltr'>a</span> <span class='ocrx_word' id='word_1_346' title='bbox 552 4372 610 4436; x_wconf 87' lang='lat' dir='ltr'>quo</span> <span class='ocrx_word' id='word_1_347' title='bbox 627 4349 782 4414; x_wconf 87' lang='lat' dir='ltr'>Ebionitae</span> <span class='ocrx_word' id='word_1_348' title='bbox 798 4349 877 4426; x_wconf 89' lang='lat' dir='ltr'>dieti,</span> <span class='ocrx_word' id='word_1_349' title='bbox 902 4351 1036 4436; x_wconf 86' lang='lat' dir='ltr'>proxime</span> <span class='ocrx_word' id='word_1_350' title='bbox 1051 4351 1249 4435; x_wconf 87' lang='lat' dir='ltr'>consequitur,</span> <span class='ocrx_word' id='word_1_351' title='bbox 1268 4359 1325 4428; x_wconf 80' lang='lat' dir='ltr'>cap.</span> <span class='ocrx_word' id='word_1_352' title='bbox 1341 4359 1360 4410; x_wconf 88' lang='lat' dir='ltr'>t.</span> 
     </span>
    </p>
   </div>
   <div class='ocr_carea' id='block_1_5' title="bbox 98 4449 1252 4622">
    <p class='ocr_par' dir='ltr' id='par_1_14' title="bbox 98 4449 1252 4622">
     <span class='ocr_line' id='line_1_40' title="bbox 98 4449 1252 4540; baseline 0 -22"><span class='ocrx_word' id='word_1_353' title='bbox 98 4454 349 4536; x_wconf 81' lang='lat' dir='ltr'>eademqueeum</span> <span class='ocrx_word' id='word_1_354' title='bbox 368 4453 426 4518; x_wconf 89' lang='lat' dir='ltr'>illis</span> <span class='ocrx_word' id='word_1_355' title='bbox 441 4455 577 4540; x_wconf 71' lang='lat' dir='ltr'>dogmma</span> <span class='ocrx_word' id='word_1_356' title='bbox 591 4453 753 4539; x_wconf 79' lang='lat' dir='ltr'>profitetur.</span> <span class='ocrx_word' id='word_1_357' title='bbox 800 4449 885 4535; x_wconf 79' lang='lat' dir='ltr'>Quod</span> <span class='ocrx_word' id='word_1_358' title='bbox 901 4453 1076 4516; x_wconf 85' lang='lat' dir='ltr'>horrendum</span> <span class='ocrx_word' id='word_1_359' title='bbox 1091 4464 1252 4518; x_wconf 85' lang='lat' dir='ltr'>monstrum</span> 
     </span>
     <span class='ocr_line' id='line_1_41' title="bbox 155 4551 1052 4622; baseline 0.001 -26"><span class='ocrx_word' id='word_1_360' title='bbox 155 4551 248 4608; x_wconf 78' lang='lat' dir='ltr'>corpas</span> <span class='ocrx_word' id='word_1_361' title='bbox 259 4551 396 4597; x_wconf 75' lang='grc' dir='ltr'>ιιιιιιιιιι.</span> <span class='ocrx_word' id='word_1_362' title='bbox 410 4551 439 4597; x_wconf 80' lang='lat' dir='ltr'>tt</span> <span class='ocrx_word' id='word_1_363' title='bbox 1014 4560 1052 4622; x_wconf 70' lang='lat'>15</span> 
     </span>
    </p>
   </div>
   <div class='ocr_carea' id='block_1_6' title="bbox 0 0 1560 4984">
    <p class='ocr_par' dir='ltr' id='par_1_15' title="bbox 0 0 1560 4984">
     <span class='ocr_line' id='line_1_42' title="bbox 0 0 1560 4984; baseline 0 2"><span class='ocrx_word' id='word_1_364' title='bbox 0 0 1560 4984; x_wconf 95' lang='lat' dir='ltr'> </span> 
     </span>
    </p>
   </div>
  </div>
 </body>
</html>
