3100 4984
336 327 470 378 canaan
487 327 549 400 qna.
562 329 581 381 r.
598 325 679 380 ron.
694 327 726 378 n.
745 327 841 379 noan.
856 328 955 380 xxxi.
1158 319 1218 383 ιιι

78 457 187 532 partem
203 447 361 527 icllenam,
383 469 469 532 quam
484 448 514 512 in
531 447 674 534 baptismo
687 447 851 535 acceperit,
873 449 945 534 apud
961 469 993 514 sa
1008 451 1145 530 retineat,
1169 451 1218 518 de·

79 561 207 636 prompta
228 551 322 615 sacris
340 571 357 615 e
373 551 466 615 literis
487 551 625 615 vocabula
645 573 680 614 aa
695 551 837 614 dictiones
854 561 884 615 et
895 551 1050 638 parabolas
1065 569 1216 638 agnoscat,

77 652 318 718 contumeliosum
333 653 388 718 hac
404 675 476 718 reso
489 653 518 717 in
535 655 618 718 deum
635 663 834 738 argumentum
850 653 993 739 repudiet,
1016 665 1102 740 atque
1114 657 1145 720 in
1159 669 1218 722 tes·

78 755 189 820 serulae
205 755 432 834 animadvertet,
457 777 602 841 nunqnam
618 767 649 820 ot
664 754 842 840 vulpeculam
858 777 909 842 pro
926 756 1108 842 imperatoris
1125 760 1217 844 effigio

77 857 189 922 obtrudi
204 858 258 922 silai
272 858 413 943 patiatur,
439 880 539 923 veroum
557 859 780 943 unumquodque
794 879 894 922 eornm
910 879 984 943 qnae
998 860 1155 925 dictasunt
1170 882 1218 925 or·

76 960 131 1024 dini
154 981 208 1024 suo
227 961 368 1042 reddens,
401 982 436 1026 ac
455 961 589 1026 veritatis
607 961 686 1024 relnt
702 961 817 1045 corpori
835 961 1071 1042 accommodans,
1101 962 1215 1028 illarum

75 1083 164 1148 nugas
186 1064 304 1148 detegat
325 1075 411 1148 atque
433 1067 536 1128 inanes
557 1063 837 1128 essedemonstret.

155 1163 308 1230 Postremo
327 1167 394 1251 quia
409 1167 467 1230 iam
484 1166 610 1230 velutin
627 1185 715 1230 scena
734 1175 851 1250 peracto
868 1165 981 1230 fabulae
996 1166 1102 1231 exodio
1119 1167 1213 1234 dimit·
1255 1175 1313 1242 cap.

74 1269 147 1332 tendi
168 1279 281 1354 tempus
298 1282 358 1347 est,
391 1267 554 1334 consultum
574 1270 637 1332 iore
653 1267 804 1346 duximus,
836 1268 862 1330 si
879 1268 914 1332 nd
931 1269 1044 1333 illorum
1061 1271 1214 1336 conlutan·
1230 1243 1341 1300 mn·

73 1369 135 1434 dum
158 1390 289 1435 errorem
311 1370 416 1455 aliquid
437 1369 658 1434 sublineremns.
705 1367 764 1435 Sed
787 1371 866 1456 prius
887 1382 982 1436 tomen
1006 1373 1213 1438 ostendendum

72 1473 136 1536 illud
156 1483 219 1551 est,
243 1472 345 1556 quibus
366 1472 396 1536 in
414 1473 503 1536 rebus
521 1473 634 1537 fabulae
654 1472 731 1538 illius
749 1483 883 1538 auctores
902 1495 918 1536 a
937 1494 970 1538 se
987 1473 1112 1538 invicem
1129 1474 1215 1540 dissi-

73 1575 173 1654 deant,
203 1595 276 1659 qnos
294 1573 402 1640 diversi
420 1576 501 1640 relnt
516 1575 650 1640 lalsitatis
664 1576 783 1661 spiritns
800 1574 962 1640 contrarias
977 1575 1006 1640 in
1022 1588 1121 1661 partes
1137 1577 1214 1642 abri-

72 1677 162 1762 piunt.
208 1676 273 1742 lloo
295 1678 372 1742 onim
395 1697 434 1741 ex
452 1678 545 1763 capite
568 1678 614 1742 vcl
637 1677 711 1742 citra
730 1677 927 1762 probationem
948 1677 1033 1743 ullam
1052 1679 1214 1746 certissime

71 1778 225 1858 constabit,
249 1799 314 1842 cum
329 1780 451 1846 solidam
466 1801 502 1844 ao
515 1780 646 1845 stabilem
662 1800 728 1844 csse
744 1781 896 1845 veritatem
912 1781 1001 1859 illam,
1022 1801 1107 1864 qnam
1120 1782 1214 1848 aocla-

71 1883 110 1947 sia
125 1883 293 1969 praedicat,
317 1894 377 1946 tum
393 1882 583 1948 adulterinam
599 1903 635 1946 ac
649 1882 815 1947 mendacem
831 1882 944 1947 illorum
959 1901 1026 1946 esse
1041 1883 1213 1951 doctrinam.

71 1981 219 2070 Siquidem
235 1985 361 2050 ecelesia
377 1996 439 2050 toto
456 1985 523 2050 lieet
539 1984 610 2048 orbe
625 1984 659 2048 ad
674 1995 824 2050 exuemus
841 2006 932 2071 usque
949 1996 1090 2049 terrarum
1107 1986 1213 2052 limites
1300 2061 1309 2080 Ι

71 2088 217 2174 dispersa,
250 2109 315 2152 nam
338 2088 374 2153 ab
396 2087 536 2173 apostolia
561 2107 719 2172 eorumque
742 2087 889 2171 discipulis
912 2089 996 2152 lldem
1017 2089 1162 2174 acceperit
1181 2090 1212 2154 in

71 2211 154 2256 annm
179 2193 263 2254 deum
287 2202 397 2276 patrem
415 2191 658 2276 omnipotentem,
690 2189 737 2275 qoi
756 2191 868 2254 coelum
888 2201 1050 2274 terramque
1073 2211 1107 2253 ae
1122 2192 1212 2256 marin

70 2315 128 2357 enm
149 2293 298 2359 universis
321 2313 394 2377 qnae
416 2293 445 2357 io
467 2293 525 2357 illis
542 2291 749 2378 comprehensa
767 2304 836 2356 sunt
851 2294 994 2372 condidit,
1026 2304 1056 2356 et
1076 2293 1106 2355 in
1125 2313 1211 2358 uirum

70 2391 163 2460 lesum
182 2396 353 2474 filiumdei,
377 2395 425 2480 qui
444 2415 497 2481 pro
516 2405 617 2460 nostra
631 2394 725 2460 saluta
742 2415 858 2458 caricem
870 2394 978 2474 induit,
1002 2407 1087 2480 atque
1105 2395 1135 2459 in
1153 2395 1212 2480 spi·

69 2498 151 2563 ritum
175 2508 326 2576 sanctum,
361 2497 409 2582 qui
432 2517 546 2562 ornnem
568 2497 646 2561 illam
669 2497 753 2561 unica
773 2497 869 2560 dilecti
888 2494 997 2562 Christi
1014 2495 1082 2562 lesu
1103 2498 1209 2562 domini

69 2602 158 2666 nocui
179 2600 459 2666 administrationem
483 2611 513 2664 et
531 2599 685 2664 adventum
705 2609 856 2683 ortumque
879 2601 913 2663 de
936 2599 1050 2683 virgine
1072 2620 1124 2685 per
1145 2620 1212 2684 pro·

70 2703 169 2784 phetas
187 2700 417 2788 praenuntiavit,
452 2723 507 2768 neo
529 2723 586 2766 non
609 2711 639 2765 et
658 2701 873 2787 perpessionem
897 2723 932 2766 ao
952 2701 1208 2780 commotionem,

69 2816 96 2866 et
119 2808 148 2868 in
170 2806 285 2870 coelum
307 2805 508 2869 ascensionem
533 2825 598 2869 oum
619 2823 758 2889 corpore,
791 2807 974 2890 latorumque
996 2805 1062 2869 olim
1085 2804 1210 2870 indidem

70 2918 187 2990 paterna
205 2927 269 2971 oum
285 2907 437 2972 maiestate
452 2909 636 2984 descensum,
655 2917 687 2970 ut
699 2905 728 2970 io
744 2927 882 2972 summam
897 2909 977 2972 velot
990 2908 1128 2972 universo
1142 2928 1211 2972 con·

70 3010 179 3090 tradat,
211 3022 242 3074 et
265 3009 391 3074 omnium
414 3010 559 3075 hominum
584 3029 706 3094 corporo
731 3020 850 3074 revocet
872 3011 906 3074 ad
930 3010 1037 3088 vitam,
1068 3020 1154 3094 atquo
1178 3021 1211 3074 ut
1224 3023 1281 3080 epu.
1294 3025 1315 3081 1,
1329 3025 1360 3072 n.

70 3107 187 3178 Christo
207 3109 275 3176 lesu
291 3111 408 3176 domino
427 3122 528 3176 nostro
547 3133 581 3176 ao
598 3113 654 3176 deo
672 3122 702 3175 at
719 3111 856 3176 salvatori
872 3112 992 3197 roqiqne
1014 3113 1050 3175 dc
1066 3112 1143 3176 illius
1162 3112 1210 3197 qui

70 3215 159 3278 videri
178 3235 238 3278 non
259 3223 370 3298 potest,
403 3211 552 3278 voluntate
568 3213 675 3298 patris,
706 3219 790 3277 Omne
802 3218 1024 3297 genuflectatur
1036 3218 1205 3289 coelestium,
1220 3226 1280 3273 ratu.
1292 3227 1313 3284 a,
1327 3229 1358 3274 ιι.

70 3322 243 3380 emnium
264 3328 293 3377 et
310 3319 499 3400 infernorum,
530 3328 558 3380 ιι
573 3323 661 3380 omnm
679 3324 766 3399 ipsum
784 3321 883 3396 loiegoo
900 3319 1080 3397 confitentum,
1112 3316 1209 3400 utique

69 3429 176 3484 rectum
192 3419 226 3482 in
242 3439 344 3484 omnes
359 3419 495 3483 indicium
511 3430 671 3498 exerceat,
695 3440 729 3484 ac
745 3418 884 3503 spiritalia
902 3417 1064 3502 nequitiae,
1095 3417 1150 3482 hoc
1164 3428 1209 3482 est

69 3521 235 3588 desertores
251 3521 372 3607 angelos
391 3543 427 3586 oc
445 3521 586 3602 rebelles,
616 3533 646 3585 et
662 3521 765 3607 impios
781 3539 882 3585 omnes
899 3541 933 3582 ac
948 3519 1107 3583 sceleratos
1122 3530 1152 3584 et
1166 3521 1209 3584 la·

70 3623 239 3704 eioorosos,
273 3645 308 3688 aa
327 3625 553 3690 contumeliosos
574 3624 604 3688 in
627 3625 710 3688 deum
731 3622 861 3687 nomines
883 3621 1066 3706 sempiternis
1087 3621 1208 3688 dammis

70 3726 195 3806 addicat,
219 3725 304 3792 iustis
322 3728 594 3812 aerumnisque,
618 3727 666 3810 qni
681 3727 814 3790 mandata
832 3745 884 3790 sua
901 3722 1055 3808 diligenter
1071 3725 1208 3791 observe-

71 3828 163 3892 reeiut
179 3840 211 3892 et
227 3829 255 3892 in
271 3829 334 3893 eins
352 3829 472 3894 caritate
489 3831 552 3896 siva
568 3830 625 3894 iam
640 3829 707 3894 inda
722 3829 759 3892 ab
775 3828 873 3906 initio,
896 3827 959 3891 sive
976 3837 1043 3912 post
1058 3828 1208 3914 poeniten·

71 3927 134 3994 tiam
149 3931 418 4016 perseveraverint,
435 3932 523 3998 uitam
535 3931 835 4015 immortalitatemque
848 3929 999 4015 largiatur,
1014 3941 1100 4016 atqua
1114 3943 1208 3998 neten

72 4051 131 4096 nan
153 4034 212 4098 illis
233 4031 356 4118 gloriam
377 4032 535 4120 impertiat.

72 4187 168 4252 Υιιςιιι
183 4191 302 4252 antomon
319 4193 351 4239 ιιι
367 4185 515 4256 ἑπιιιγκιῖι.
659 4192 704 4242 Vct.
720 4193 849 4252 ιιιιιιριιιι.
885 4189 957 4252 Vntpo
974 4184 1020 4244 acle
1036 4183 1154 4247 diedone.

100 4257 123 4305 5.
139 4259 178 4308 lte
194 4259 246 4308 eod.
261 4258 316 4307 ιιι.
352 4259 425 4321 Votpc
440 4255 528 4322 θυμοῦ.
690 4255 761 4310 &dn
777 4255 962 4322 ademplisset
979 4257 1116 4306 cot.t'ouo.

99 4317 313 4392 Ειᾶιιμβιστατι
336 4325 402 4376 codd.
428 4327 481 4376 Vero
504 4331 526 4376 ιι
551 4328 623 4378 Vetto.
690 4323 714 4378 9.
732 4323 774 4378 not
790 4323 819 4379 δὲ
835 4320 864 4378 τὸ
882 4325 932 4376 ond
947 4327 1000 4374 ιἰιι.

73 4385 205 4457 tumim
242 4393 277 4451 ‘o
692 4394 730 4447 ιο.
749 4389 1035 4447 nonannoeane.

100 4455 125 4511 7.
139 4457 189 4527 τήν
233 4475 300 4513 anuas
316 4461 405 4510 noum
421 4474 450 4510 ιι
466 4463 516 4512 oud.
533 4463 585 4514 Van.
603 4467 624 4512 ιι
