3112 4984
297 253 360 318 238
725 267 848 320 ειαοτι
865 267 1036 322 mmm

299 379 388 450 οάδίν
406 384 515 470 ἕτερον.
561 387 703 467 Χριδνται
725 383 758 448 δέ
782 375 867 462 οὗτοι
889 382 927 450 οά
948 383 1044 468 μόνον
1064 386 1116 480 νίρι
1136 386 1286 478 διαθήκη,
1309 385 1379 456 άλλά
1400 394 1461 458 καί

298 491 421 572 παλαιᾷ,
442 481 587 578 καθάπερ,
598 485 650 549 καί
668 487 700 552 ολ
713 483 867 552 Ἰουδαῖοι.
913 485 959 553 Οά
975 486 1031 574 γάρ
1048 486 1249 575 άπηγάρευται
1265 489 1335 576 παρ’
1350 490 1460 570 αῦνοῖς

297 591 462 670 νομοθεσία
479 588 530 652 καί
548 593 702 671 προφῆται
723 589 776 653 καί
798 597 927 674 γραφεῖα
949 588 985 655 τά
1006 589 1088 674 παρά
1103 589 1265 668 Ἰουδαίοις
1284 593 1458 678 καλούμενα

298 694 408 773 βιβλία,
430 689 527 772 δίςπερ
544 685 626 774 παρά
641 697 704 765 τοῖς
719 692 954 775 προειρημένοις,
976 690 1047 758 οῦδί
1063 719 1091 758 τι
1105 695 1204 779 ἕτερον
1221 687 1305 761 οὗτοι
1320 705 1456 780 φρονοῦ-

296 815 359 872 σιν,
381 789 451 856 άίλά
467 789 543 856 κατά
557 789 591 857 τά
608 789 746 876 κηρυγμα
760 799 816 857 τοῦ
828 791 940 874 νόμου,
961 797 1011 860 καί
1028 793 1070 872 τίς
1084 799 1117 861 ολ
1128 793 1272 862 Ἰουδαῖοι
1287 796 1383 862 πάντα
1396 825 1456 864 κα·

295 901 354 970 λεῦς
375 891 569 979 ὁμολογοῦσι,
590 895 681 978 χωρίς
699 901 755 959 τοῦ
776 897 819 970 είς
837 893 968 980 Χριστδν
983 901 1078 980 δῆθεν
1096 900 1327 965 πεπιστευκέναι.
1372 899 1457 988 Παρ’

297 995 399 1072 υῦτοῖς
413 992 470 1081 γάρ
486 996 539 1060 καὶ
559 1002 674 1079 νεκράν
691 992 849 1073 άνάστασις
869 994 1066 1084 ὁμολογεῖται,
1087 1002 1140 1065 καί
1156 1003 1189 1065 ίκ
1205 1007 1283 1066 θεοῦ
1298 999 1335 1066 τά
1352 1001 1455 1068 πάντα

295 1105 481 1184 γεγενῆσθαι.
513 1096 592 1162 Ἕνα
609 1098 641 1161 δέ
661 1095 737 1163 θεάν
755 1101 995 1185 καταγγέλλουσι,
1016 1102 1067 1167 καί
1086 1100 1140 1168 τάν
1155 1100 1264 1168 τούτου
1280 1108 1375 1169 παῖδα
1389 1102 1453 1189 Ἰη-

296 1207 370 1266 σοῦν
385 1197 531 1286 Χριστόν·
550 1196 713 1285 Ἐβραιιιην
727 1201 760 1264 δέ
772 1199 924 1268 διάλεκτον
938 1199 1070 1287 άκριβῦς
1083 1207 1157 1270 τίσιν
1169 1202 1339 1287 ἠσκημένοι,
1371 1205 1454 1290 Παρ’

295 1299 398 1378 αὐτοῖς
411 1299 469 1388 γάρ
484 1307 544 1378 πᾶς
558 1298 576 1366 ά
590 1299 686 1383 νόμος
691 1353 700 1384 ,
722 1305 771 1368 καί
788 1306 821 1369 οί
839 1310 1005 1389 προφῆται,
1027 1307 1079 1371 καί
1094 1304 1131 1372 τά
1146 1313 1280 1391 Γραφεῖα
1295 1307 1452 1394 λεγόμενα,

173 1427 224 1471 νοτ·
239 1413 283 1458 ¹23·
298 1406 378 1486 φημί
401 1405 434 1469 δέ
454 1401 491 1469 τά
512 1401 646 1488 στιχήρη,
668 1406 719 1469 καί
740 1408 775 1469 αί
788 1412 951 1485 Βασιλείαν,
972 1410 1024 1472 καί
1043 1407 1303 1494 Παραλειπάμενα,
1324 1413 1377 1475 καί
1394 1415 1452 1476 Αί-

295 1504 391 1590 σθήρ,
414 1508 465 1571 καί
485 1504 573 1571 τάλλα
592 1506 691 1571 πάντα
706 1503 873 1592 Ἑβραϊκοῖς
894 1506 1137 1595 άναγινάσκεται,
1160 1509 1258 1594 δι’ςπερ
1278 1508 1378 1593 άμίλει
1397 1515 1452 1578 καί

295 1606 378 1694 παρά
391 1606 561 1684 Ἰουδαίοις.
587 1605 638 1672 Ἐν
651 1606 747 1697 τούτῳ
762 1610 795 1675 δέ
812 1608 905 1692 μόνον
919 1607 995 1696 πρδς
1008 1608 1176 1687 Ἰουδαίους
1189 1614 1382 1698 διαφέρονται
1396 1617 1450 1679 καλ

299 1708 509 1796 Χριστιανοῦς,
530 1707 691 1784 Ἰουδαίοις
712 1711 765 1811 μέγ
789 1709 829 1795 μή
853 1719 1097 1796 συμφωνοῦντες,
1125 1711 1175 1778 διά
1198 1710 1231 1778 τά
1254 1717 1297 1790 είς
1315 1713 1451 1799 Χριστδν

294 1814 529 1892 πεπιστευκέναι,
549 1819 739 1897 Χριστιανοῖς
754 1813 786 1880 δέ
799 1813 840 1897 μή
862 1811 1170 1899 ιιε’μογνωμονοῦυτες,
1192 1814 1242 1881 διά
1256 1816 1288 1881 τά
1305 1819 1347 1882 ίτι
1361 1815 1449 1908 νάμμ

294 1919 491 1997 πεπεδῆσθαι,
513 1922 657 2004 περιτομῇ
672 1939 702 1980 τε
716 1917 767 1981 καί
782 1914 921 2006 σαββάτῳ
935 1919 986 1982 καί
1001 1927 1063 1994 τοῖς
1075 1916 1180 1994 ἄλλοις.
1219 1920 1297 2005 Περί
1312 1925 1449 2004 Χριστοῦ

295 2017 328 2082 δέ
345 2015 402 2082 οῦκ
417 2014 487 2084 οίδα
500 2020 607 2098 εἰπεῖν,
629 2020 658 2082 εί
667 2019 717 2082 καί
734 2015 820 2082 αῦτοί
836 2025 873 2108 τῇ
889 2026 949 2084 τιδν
964 2022 1186 2106 προειρημένων
1201 2023 1271 2106 περί
1288 2021 1449 2106 Κήρινθον

292 2121 346 2186 καί
359 2119 527 2204 Μήρινθον
541 2123 690 2206 μοχθηρίᾳ
706 2117 844 2202 άχθίντες
859 2118 950 2202 ψιλδν
962 2119 1128 2208 άνθρωπον
1142 2127 1319 2204 νομίζοντα,
1340 2121 1372 2205 ἢ,
1394 2149 1448 2188 κα-

295 2220 397 2305 θοίςη
414 2220 538 2306 άλήθεια
551 2224 618 2304 ἔχει,
640 2219 690 2286 διά
704 2218 871 2303 πνεύματος
884 2219 971 2308 άγίου
985 2230 1177 2309 γεγεννῆσθαι
1194 2228 1227 2290 έκ
1241 2228 1366 2310 Μαρίας
1381 2227 1447 2290 δια·

294 2329 492 2412 βεβαιοῦνται.
525 2323 610 2388 ’Ἐστι
631 2323 664 2389 δέ
683 2321 758 2406 αῦτη
775 2319 797 2406 ἦ
815 2328 926 2410 αλρεσις
940 2322 961 2408 ἡ
977 2331 1160 2411 Ναζωραίων
1179 2329 1211 2393 ίν
1226 2333 1262 2416 τῇ
1280 2329 1447 2410 Βεροιαλαν

293 2429 361 2512 περί
381 2425 436 2510 τὴν
455 2431 565 2509 Κοίλην
581 2429 712 2512 Συρίαν,
739 2428 790 2492 καί
811 2429 845 2493 έν
866 2433 903 2516 τῇ
921 2427 1085 2494 Δεκαπόλει
1106 2429 1175 2514 περί
1197 2426 1234 2493 τά
1257 2435 1312 2510 τῆς
1330 2429 1446 2510 Πέλλης

293 2530 378 2613 μέρη,
397 2531 449 2594 καὶ
460 2531 493 2594 ίν
507 2537 543 2618 τῇ
555 2532 726 2594 Βασανλτιδι
739 2534 777 2618 τῇ
789 2531 930 2618 λεγομένῃ
942 2528 1086 2619 Κωκάβη,
1104 2529 1236 2620 Χωγάβη
1252 2527 1447 2616 δίἙβραῖστί

291 2632 439 2720 λεγομένη.
468 2627 602 2695 Ἐκεῖθεν
614 2630 670 2716 γάρ
686 2628 795 2716 ηάρχῆ
806 2633 907 2716 γέγονε
923 2629 995 2713 μετά
1010 2630 1064 2714 τήν
1080 2628 1140 2698 άπδ
1152 2636 1212 2697 τῶν
1226 2629 1445 2718 ’Ἰεροσολύμων

293 2729 483 2812 μετάστασιν,
505 2731 624 2798 πάντων
634 2741 694 2798 τῶν
713 2741 858 2816 μαθητῶν
872 2740 933 2798 τῦν
949 2735 981 2799 ίν
998 2736 1096 2822 Πέλλη
1112 2731 1287 2822 ρι’κηκάταν,
1311 2739 1448 2814 Χριστοῦ

294 2831 445 2914 φήσαντος
456 2841 634 2914 καταλεῖψαι
647 2833 684 2899 τά
699 2832 907 2920 Ἰεροσόλυμα,
929 2837 981 2901 καί
997 2833 1199 2921 άναχωρῆσαι,
1222 2835 1326 2919 λπειδὴ
1342 2833 1446 2918 ἤμελλε

293 2934 415 3018 πάσχειν
430 2939 610 3020 πολιορκίαν.
654 2939 714 3004 Καί
731 2939 764 3002 ίιι
778 2943 832 3020 τῆς
846 2936 983 3020 τοιαύτης
996 2934 1171 3014 ὑποθέσεως
1182 2935 1237 3020 τὴν
1253 2939 1388 3022 Περαίαν
1401 2939 1445 3002 οί·

293 3035 438 3121 κησαντες
457 3039 563 3117 έκεῑσε,
586 3034 627 3115 οἷς
642 3041 734 3121 ίφην,
757 3040 913 3125 διέτριβον.
955 3037 1111 3104 Ἐντεῦθεν
1126 3036 1148 3123 ἦ
1163 3037 1239 3105 κατά
1256 3037 1325 3114 τοῦς
1339 3043 1444 3115 Natu-

293 3143 399 3227 ραίους
420 3143 531 3226 αίρεσις
551 3143 615 3224 ίσχε
634 3139 689 3224 την
708 3137 808 3226 άρχην.
1128 3203 1131 3216 ,

156 3251 225 3320 Κεφ.
242 3247 278 3318 η’.
384 3240 592 3325 Πεπλάνηνται
618 3243 652 3308 δὲ
675 3244 726 3308 καί
754 3235 854 3323 οῦτοι,
883 3241 1043 3330 περιτομὴν
1068 3240 1243 3327 αάχοῦντες,
1270 3243 1321 3309 καλ
1342 3242 1388 3306 ἔτι
1413 3244 1449 3306 οί

292 3351 425 3410 τοιοῦτοι
439 3343 499 3411 άπδ
517 3343 651 3431 ιιατάραν
668 3346 740 3426 είσί,
763 3344 805 3429 μή
820 3344 977 3428 δυνάμενοι
995 3343 1048 3412 τάν
1059 3344 1154 3429 νόμον
1169 3353 1329 3432 πληροῦσα.
1369 3349 1447 3420 Παίς

292 3446 349 3534 γάρ
367 3447 544 3531 δυνήσονται
562 3454 696 3534 πληροῦν
710 3445 747 3513 τά
764 3450 796 3513 έν
812 3455 854 3537 τῷ
870 3447 952 3538 νάμρι
970 3449 1123 3534 εἰρημένα,
1145 3447 1193 3514 δτι
1210 3449 1273 3532 τρίς
1288 3453 1343 3514 τοῦ
1359 3447 1448 3524 ίτους

294 3547 419 3640 σ’φθήση
435 3549 563 3617 ένοίπιον
577 3554 683 3637 κυρίου
695 3547 751 3616 Ιτοῦ
766 3557 842 3616 θεοῦ
858 3571 929 3632 σου,
950 3549 1027 3617 κατά
1039 3573 1070 3617 τε
1085 3548 1121 3616 τά
1130 3547 1246 3633 ’Ἆζυμα
1260 3549 1309 3614 καί
1327 3554 1446 3630 Στηνο-

294 3657 405 3736 ιοηγίαν
426 3650 551 3736 κοίτην
571 3651 796 3736 Πεντηκοστην,
819 3655 852 3718 έν
873 3660 914 3742 τῷ
938 3651 1019 3742 τάπρι
1036 3649 1263 3738 Ἰεροσολάμιινς
1293 3647 1468 3716 ’Λποιιλειὲ

293 3754 420 3829 σθένεος
440 3753 496 3840 γάρ
514 3763 569 3820 τοῦ
583 3755 694 3840 νόμου,
714 3757 767 3820 καί
781 3763 841 3820 τιῦν
856 3757 889 3820 ίν
903 3761 943 3844 τῷ
956 3753 1042 3844 νάμιγ
1061 3752 1102 3838 μη
1119 3755 1292 3837 δυναμένων
1312 3757 1445 3838 πληροῦ·

292 3863 384 3932 σθαι,
406 3858 496 3920 παντί
511 3863 552 3945 τῷ
570 3865 643 3924 νοῦν
659 3861 754 3941 ίχοντι
771 3855 864 3937 σαφές
880 3854 917 3922 δν
932 3860 980 3940 είη
993 3855 1038 3922 δτι
1054 3853 1183 3941 Χριστδς
1196 3847 1273 3937 ἦλθε
1286 3851 1447 3937 πληρωτὴς

293 3963 349 4022 τοῦ
364 3954 474 4039 νόμου,
497 3956 533 4023 οῦ
547 3959 599 4025 τδν
613 3958 707 4043 νόμον
721 3958 906 4039 καταλύσων,
929 3955 1000 4023 άλλά
1013 3957 1066 4024 τδν
1079 3957 1173 4040 νόμον
1189 3956 1369 4041 πληροῦσαν,
1391 3959 1446 4021 πελ

292 4057 415 4140 άφελεῖν
429 4057 484 4142 τὴν
500 4059 631 4144 κατάραν
645 4060 699 4144 τήν
715 4059 791 4126 κατά
805 4068 859 4143 τῆς
873 4060 1069 4146 παραβάσεως
1082 4067 1136 4125 τοῦ
1151 4057 1246 4142 νόμου
1260 4055 1446 4142 δρισθεῖσαν.

293 4158 383 4227 Meu?
404 4159 460 4248 γάρ
480 4159 514 4227 τά
532 4163 714 4229 ίντείλασθαι
735 4161 787 4228 τδυ
803 4164 939 4228 Μωῦσέα
953 4169 1052 4228 πᾶσαν
1067 4161 1200 4245 έντολην,
1222 4153 1315 4244 ἦλθεν
1336 4160 1389 4225 έπί
1409 4157 1444 4225 τά

291 4265 383 4348 τέρμα
405 4269 460 4348 τῆς
481 4265 603 4346 βίβλου,
624 4265 676 4329 καί
693 4266 855 4330 συνέκλεισε
871 4262 904 4330 vo*
927 4272 988 4330 πᾶν
1008 4267 1050 4341 είς
1067 4261 1214 4350 κατάραν,
1236 4264 1342 4348 λέγων,
1363 4258 1448 4326 Ἐπι-

326 4435 386 4490 θιε.
400 4438 453 4489 VH.
471 4465 504 4477 -
539 4435 561 4489 1.
578 4430 811 4502 δμογνωμανοῦντες
829 4439 883 4490 edit
907 4441 1001 4557 me}
1013 4433 1224 4557 βιμγιωμοῆιτες
1239 4437 1291 4488 εοιλ
1309 4435 1409 4498 Ma.
1425 4440 1448 4486 τε

1001 4520 1062 4557 ια.
