3072 4986
271 261 312 324 48
692 269 813 322 merl
832 267 997 322 τετειιιτειι

271 395 331 454 τάν
356 389 432 454 *καί
447 385 608 454 κνωδάλων
625 388 789 471 δυςγενῦν,
817 392 854 475 τῇ
871 383 973 452 πλάσει
992 383 1085 468 αάτῆς
1102 383 1275 464 συνάπτεις,
1303 393 1340 476 τῇ
1360 383 1423 454 άπδ

270 496 348 556 θεοῦ
366 487 442 555 κατά
460 489 492 554 σί
506 486 561 572 τάν
577 484 680 554 οάσίαν
695 487 867 576 κεκτημένη,
889 490 940 552 καί
954 492 983 552 τί
1000 486 1038 553 άν
1053 488 1167 572 γίνοιτο
1183 486 1291 554 τοῦτον
1309 499 1419 572 μογθη.

312 618 340 657 τε
360 617 411 657 ον·

141 701 210 770 Κεφ.
227 695 259 768 γ’.
274 619 309 678 ρο
342 619 576 776 ρῑδῖίμαρμίτην
596 691 628 756 δὲ
649 688 846 774 παρειςάγεις,
874 685 915 766 τάς
936 692 967 767 ἐξ
988 687 1079 772 αὐτῆς
1097 693 1231 775 γίνεσθαι
1250 689 1288 758 τά
1308 698 1349 780 τῷ
1370 689 1421 758 άν-

271 795 386 885 θράπρι
406 798 603 878 συμβαίνοντα
620 794 671 858 καλ
691 790 795 868 άίλοις.
833 787 881 868 Ἐξ
902 790 971 868 ἕνδς
991 793 1024 856 δὲ
1042 794 1135 876 ῥητοῦ
1151 790 1187 858 δι’
1207 795 1348 876 ἐπιτομῆς
1367 801 1422 860 τοῦ

272 897 361 984 λόγου
382 893 615 978 άνατραπήσεται
641 890 662 975 η
682 890 725 986 1σά
748 898 925 976 μυθοποιία.
974 897 1018 958 Εί
1035 892 1091 979 γάρ
1113 895 1288 978 εἱμαρμένης
1311 893 1343 960 τδ
1371 917 1421 961 σο-

273 1005 424 1082 φίζεσθαι,
444 995 479 1063 τά
500 1000 715 1075 συνετίζεσθαι,
736 993 769 1060 τδ
787 993 905 1079 λογικδν
921 1002 1083 1080 γεννᾶσθαι
1101 997 1152 1060 καὶ
1170 994 1292 1082 άλογον,
1313 998 1365 1061 καί
1384 995 1423 1062 τά

272 1099 344 1166 ἄλλα
361 1099 471 1179 πάντα,
502 1097 725 1163 παυσάσθωσαν
740 1094 834 1178 νόμοι.
876 1093 1052 1182 Ἐπικρατεῖ
1069 1095 1124 1183 γάρ
1146 1093 1340 1184 ἦείμαρμίνη
1358 1125 1420 1181 μοι.

272 1211 332 1288 γοῦν
352 1227 383 1267 τε
401 1204 453 1266 καί
470 1198 573 1265 ἄλλων.
616 1203 711 1281 Δίκην
728 1199 884 1281 δὲμᾶλλον
900 1201 1030 1264 τίσουσιν
1049 1201 1081 1263 οἰ
1095 1196 1227 1285 άνάγτην
1243 1202 1423 1277 §maome

273 1303 391 1391 άστὲρις
405 1302 480 1387 ἤπερ
494 1299 512 1366 ά
526 1299 760 1387 ἀναγκαζόμενος
774 1298 881 1384 δράσαι
894 1296 927 1364 τά
944 1302 1122 1385 ἐπιχείρημα.
1165 1297 1248 1366 Ἀλλά
1262 1304 1314 1367 καί
1328 1299 1423 1379 άλλως

272 1411 315 1474 δτι
331 1407 398 1490 περλ
412 1403 526 1470 τούτων
540 1405 607 1488 ίρά.
648 1398 844 1488 Ἀργείτωσαν
859 1405 892 1467 αί
904 1404 1069 1488 διατριβαί,
1098 1401 1322 1468 παυσάσθωσαν
1334 1424 1422 1485 σοφι-

271 1513 338 1576 σταί
355 1533 386 1573 τε
406 1508 457 1572 καί
478 1503 599 1589 ῥήτορες
619 1505 670 1568 καί
688 1497 901 1590 γραμματικοί,
927 1507 1022 1588 ίατροί
1039 1529 1069 1568 τε
1087 1507 1139 1570 καί
1154 1503 1236 1571 άίλαι
1254 1507 1422 1588 ἐπιστῆμαι,

272 1608 429 1695 βαναύσων
442 1633 473 1672 τε
489 1613 596 1690 τεγνῦν
611 1603 774 1689 άμυθήτων
789 1613 920 1689 πλῆθος,
950 1607 1001 1670 καί
1015 1607 1116 1688 μαηκίτι
1131 1609 1235 1690 μηδεὶς
1245 1607 1421 1686 παιδευίτω,

274 1716 354 1796 είκερ
377 1713 406 1788 ίξ
427 1710 602 1795 είμαρμένης
620 1706 754 1792 τυγχάνει
772 1714 832 1772 τοῖν
848 1709 1029 1790 ἐπιστημῶν,
1058 1709 1109 1772 καί
1125 1709 1166 1791 μή
1183 1711 1217 1776 ίιι
1233 1706 1421 1794 γραμμάτων,

273 1811 433 1897 μαθήσεως
453 1807 471 1877 δ
489 1807 634 1897 πορισμδς
656 1815 691 1898 τῇ
715 1807 888 1897 άνθρωπείγ
909 1807 1006 1889 φύσει
1049 1813 1092 1874 Εί
1111 1808 1167 1895 γάρ
1189 1813 1347 1894 είμαρμίιη
1367 1809 1423 1876 τάν

273 1914 508 1996 πεπαιδευμίνον
525 1913 575 1977 καί
591 1909 768 1996 λογιώτατον
786 1908 998 1997 παρεσκεάασε,
1028 1908 1069 1993 μὴ
1089 1914 1261 1993 μανθανέτω
1278 1939 1321 1988 τις
1337 1911 1421 1996 παρά

272 2023 326 2083 τοῦ
347 2014 554 2092 διδάσκοντος,
584 2011 655 2078 άλλά
676 2019 711 2102 τῇ
739 2010 828 2093 φάσει
843 2013 1067 2094 λαμβαυίτωσαν
1087 2011 1141 2096 τὴν
1158 2017 1269 2099 εἴδησιν
1297 2018 1331 2080 αἱ
1349 2011 1423 2089 τοῦς

272 2121 374 2202 μίσους
388 2113 561 2182 κλάθουσαι
574 2121 706 2202 Μοῖραι,
727 2112 803 2180 κατά
818 2113 852 2180 τδ
867 2116 990 2200 φθίγμα
1002 2121 1055 2197 τῆς
1068 2115 1247 2198 κομπάδους
1263 2137 1319 2182 σου
1345 2112 1422 2180 ’διά

272 2219 365 2306 &rw
385 2217 506 2301 πλάνοι·

588 2566 1100 2652 ΠΛΑΤΩΝΙΚΟΙ,

303 2681 445 2783 τετάρτη
471 2686 592 2782 αίρεσις
616 2681 682 2756 άπὸ
702 2679 939 2778 Ἑλληνισμοῦ,
966 2687 1047 2775 ἕκτη
1071 2685 1108 2754 δὲ
1131 2685 1176 2778 τη
1204 2679 1385 2782 άκολοοθίρ,

200 2881 204 2889 .
234 2835 252 2891 ’.
352 2828 442 2896 Ἀλλά
469 2837 561 2894 ταῦτα
583 2827 658 2914 πρδς
685 2827 823 2912 Ζήνωνα,
854 2830 903 2894 ιιαδ
929 2828 1000 2905 τοδς
1027 2827 1180 2904 Στωϊκούς
1206 2855 1257 2910 μοι
1282 2831 1420 2912 λελέχθω.

274 2933 401 3000 Πλάτων
427 2932 460 2998 δί
481 2931 541 3014 άμα
562 2933 613 2996 καί
635 2928 725 3007 αάτδς
744 2929 819 2996 κατά
838 2938 898 2996 τῶν
919 2929 1017 2998 αάτοῦυ
1040 2930 1201 3016 φερόμενος
1220 2937 1256 3020 τῇ
1278 2952 1420 3013 μετενσω·

211 3091 214 3098 .
272 3033 398 3121 μοτάσει
418 3035 468 3099 καί
490 3041 670 3122 μεταγγισμρῦ
694 3039 754 3097 τῶν
776 3040 881 3116 ψυχάν
902 3035 953 3098 καί
970 3038 1145 3108 πολυθείαις
1164 3033 1214 3097 καλ
1234 3041 1298 3109 ταῖς
1318 3031 1421 3109 άλλως

271 3139 516 3221 είδωλολατρείαις
531 3135 583 3198 καί
600 3137 838 3217 δεισιδαιμονίαις
859 3131 896 3200 ου’
917 3139 952 3222 τῇ
973 3132 1029 3223 ὕλη
1049 3133 1142 3215 πάντη
1165 3137 1236 3210 ἴσως
1257 3133 1331 3200 κατά
1349 3134 1420 3218 'er-

271 3267 352 3308 υωνα
376 3239 428 3304 καὶ
451 3233 522 3311 τοῦς
542 3235 696 3312 Στωϊκοδς
720 3234 889 3320 ίφράνησεν.
935 3231 1005 3301 Οίδε
1026 3234 1082 3320 γάρ
1101 3233 1191 3312 αάτδς
1211 3235 1300 3316 θεάν,
1327 3235 1364 3302 τά
1385 3239 1423 3302 δὲ

272 3341 410 3430 γενόμενα
431 3337 528 3405 πάντα
556 3340 589 3402 ίιι
614 3344 668 3401 τοῦ
694 3335 779 3412 άντος
800 3344 876 3402 θεοῦ
904 3343 1114 3421 ιγεγενῆσθαι,
1145 3333 1220 3402 εἶναι
1246 3339 1278 3404 δί
1299 3346 1422 3424 πρῶτον

272 3449 381 3524 αἴτιον,
402 3445 454 3508 καί
470 3437 622 3525 δεάτερον,
642 3441 694 3504 καί
708 3442 820 3524 τρίτον·
842 3439 894 3503 καί
909 3436 942 3503 τά
960 3439 1013 3520 μὲν
1028 3445 1147 3524 πρῶτον
1163 3442 1257 3505 αίτιον
1271 3439 1360 3520 θεάν,
1382 3439 1421 3507 τδ

273 3545 306 3609 δδ
326 3545 464 3628 δεύτερον
485 3546 580 3608 αἴτιον
600 3543 632 3606 ἐκ
654 3547 730 3608 θεοῦ
748 3545 922 3627 γεγενῆσθαί
938 3567 1019 3616 τινας
1037 3541 1191 3624 δυνάμεις,
1221 3539 1258 3608 δι’
1275 3540 1365 3608 αὐτοῦ
1385 3545 1423 3609 δὲ

272 3646 322 3710 καί
344 3653 401 3711 τοῖν
419 3644 571 3728 δυνάμεων
586 3651 762 3729 γεγενῆσθαι
780 3642 834 3725 τήν
850 3642 932 3726 ίίλην.
978 3643 1089 3708 Φάσκει
1106 3642 1162 3729 γάρ
1180 3643 1288 3721 οὕτως·
1320 3641 1421 3728 Οάρα-

273 3743 325 3820 νδς
341 3743 401 3826 άμα
415 3747 510 3834 χρόνῳ
525 3747 691 3832 γεγίνηται,
720 3742 796 3827 άμοῦ
813 3742 869 3831 γάρ
885 3747 936 3812 καί
952 3744 1124 3829 λυθήσεται·
1154 3742 1190 3810 τά
1206 3745 1334 3832 πρότερα
1350 3748 1421 3812 ἑαυ-

272 3853 326 3912 τοῦ
349 3843 385 3910 τά
406 3848 473 3929 περί
495 3847 567 3930 ὕλης
584 3845 793 3923 άναστεάασας.
836 3843 914 3911 Είπε
934 3846 990 3932 γάρ
1007 3871 1077 3912 ποτε
1095 3849 1147 3912 καί
1163 3846 1326 3934 σάγχρονον
1342 3845 1425 3916 είναι

273 3955 314 4037 τῷ
335 3953 398 4036 θεῷ
419 3944 474 4028 τήν
493 3945 573 4028 ὕλην.

305 4171 330 4223 2
347 4175 452 4224 ronam
468 4163 531 4222 άλλδ
548 4168 599 4223 καλ.
895 4169 952 4221 (λιν.
966 4171 984 4222 1.
1004 4199 1036 4209 -
1053 4170 1074 4223 1.
1089 4173 1154 4223 Libri
1167 4175 1251 4224 λοδιιιι
1264 4172 1425 4239 γεγενῆσθαί

307 4239 365 4290 Cn.
381 4239 423 4288 ΙΙΙ.
442 4266 472 4275 -
494 4237 515 4289 1.
531 4235 694 4306 Είμαρμίιηι
711 4245 764 4293 λίθω·
776 4243 825 4294 edi·
860 4237 1049 4306 (γεγεννῆσθαί)
1060 4256 1128 4299 τινας
1142 4237 1262 4306 δυνάμεις
1274 4237 1343 4294 εἶναι.
1370 4243 1425 4292 Sed

271 4311 297 4360 ιλ
333 4309 427 4370 Ubique.
664 4305 670 4319 ⁶
858 4309 902 4358 θίο
915 4310 986 4356 verbu
997 4324 1065 4367 τινας
1078 4305 1195 4376 δυνάμεις
1205 4323 1248 4372 μιν
1261 4321 1371 4372 errorem,
1384 4313 1427 4359 ωτι

305 4373 330 4427 2
346 4369 470 4440 διαλόγων
485 4373 536 4424 ινδ
551 4373 646 4436 Ma.
860 4379 974 4438 αμροτιί,
995 4381 1048 4426 ενοι
1065 4381 1161 4438 repetita
1178 4379 1206 4428 σε
1223 4379 1284 4430 linea
1302 4378 1426 4440 ιἰιίατοτι.
