3078 5012
325 243 385 306 616
744 249 864 304 smum
880 249 1048 307 mm

326 369 487 435 ἀπολέσθαι
502 369 555 445 ἐξα
568 365 766 453 Ἰερουσαλήμ·
788 370 839 434 καί
855 365 908 456 τό,Ι
919 365 1115 454 Ἰερουσαλήμ,
1135 361 1335 452 Ἰερουσαλήμ,
1358 365 1378 451 ή
1395 364 1465 433 ἀπο

325 476 477 538 κτείνουσα
492 469 561 547 τοδς
576 473 746 555 προφήτας,
775 472 826 536 καλ
842 475 1039 553 λιθοβολοῦσα
1056 467 1126 546 τοάς
1142 466 1390 552 ἀπεσταλμένους·
1419 472 1465 534 καὶ

324 573 375 652 τό,
406 573 550 650 Πολλάκις
571 571 702 658 ήθέλησα
726 572 897 650 ἐπισυνάξαι
917 570 958 650 σός
980 570 1062 658 όρνις
1081 567 1121 636 τό
1141 573 1229 636 τέκνα
1245 592 1314 638 σου·
1346 575 1397 637 καὶ
1423 571 1464 649 τό,

322 674 452 757 Ἀφίεται
475 674 546 758 όμῖν
571 675 588 743 ό
609 674 691 753 οέκος
712 671 809 758 όμοδν·
837 677 887 740 καί
913 673 962 754 τό,
993 672 1038 739 Ου’
1060 671 1100 757 μή
1120 675 1201 756 λ’δητέ
1222 697 1271 757 με,
1304 677 1407 752 ιιδιας
1432 667 1466 740 τό

325 782 439 861 εἴπητε,
462 777 676 865 Εὐλογημένος.

398 879 514 965 Ἕλεγγ.
530 879 586 965 μα’.
608 880 688 966 Ὅρα
700 879 753 963 τήν
766 878 910 962 τοσαύτην
922 877 1041 963 τόλμαν,
1063 877 1159 962 πόσην
1172 887 1298 945 ποιεῖται
1310 877 1466 965 ἀφαίρεσιν

236 967 241 980 ’
323 991 376 1049 τοῦ
390 981 570 1069 εὐαγγελίου·
603 981 644 1059 τίς
664 986 693 1048 εί
710 1009 754 1059 τις
774 981 849 1072 λίβη
868 989 943 1061 ζῶον
956 983 1005 1047 καλ
1024 983 1128 1072 ἐκτέμη
1147 980 1219 1047 αότό
1241 981 1362 1048 ηκατὰ
1376 979 1465 1064 ήμιστ

322 1093 375 1152 τοῦ
398 1084 548 1168 σοι’ματος,
578 1089 628 1152 καί
651 1087 682 1151 ἐν
703 1092 744 1173 τῷ
764 1082 859 1168 ήμίσει
880 1082 950 1160 τοός
967 1082 1144 1170 ἀγνοοῦντας
1161 1083 1328 1169 πειράσεται
1351 1089 1465 1152 παίδοιν

324 1195 439 1254 τοιοῦτο
462 1185 534 1254 εἶναι
556 1187 589 1254 τό
610 1195 686 1266 ζῶον
705 1189 810 1274 λέγων,
832 1190 883 1252 καλ
904 1187 995 1270 μηδὲν
1016 1185 1065 1252 ἀπ’
1087 1185 1179 1252 αὐτοῦ
1201 1185 1408 1272 ἀφαιρεῖσθαι

207 1311 310 1370 pam
407 1289 493 1374 Σγόλ.
508 1289 564 1373 μή.
597 1289 692 1356 Πάλιν
705 1291 858 1372 παρέκυψε
872 1297 971 1355 πᾶσαν
982 1287 1038 1371 τήν
1051 1287 1220 1376 παραβολήν
1234 1295 1294 1354 τῶν
1306 1288 1364 1356 δόο
1381 1293 1464 1368 υίόν,

324 1399 377 1460 τοῦ
393 1391 548 1476 εἰληφότος
561 1390 593 1458 τό
612 1393 700 1478 μέρος
712 1398 771 1457 τοῖν
785 1389 975 1478 ὑπαρχόντων
993 1394 1086 1458 ιβκαλ
1099 1390 1219 1468 ἀσιότας
1229 1391 1464 1474 δαπανήσαντος,

323 1498 373 1562 καί
395 1504 448 1562 τοῦ
469 1493 563 1560 ἀλλου.

397 1593 514 1683 Ἔλεγχ.
533 1596 589 1681 μή.
625 1595 720 1663 Οόδδν
744 1600 844 1664 διοίσει
865 1596 898 1662 τό
926 1594 1093 1662 ἀκόλουθον
1116 1603 1169 1680 τῆς
1189 1599 1382 1685 ῥᾳδιουργίας
1407 1594 1464 1662 &d

324 1708 382 1766 τῶν
395 1698 539 1786 πρότερον
553 1701 646 1789 ἑαυτῷ
659 1701 881 1782 τετολμημένων.
924 1696 1042 1788 Ἑαυτῷ
1057 1699 1089 1764 δὲ
1103 1697 1134 1766 τό
1150 1697 1301 1784 ἐπιζήμιον
1315 1699 1464 1788 ἐπείγεται,

324 1801 467 1888 μενούσης
487 1810 539 1886 τῆς
559 1801 633 1868 κατά
654 1800 728 1868 θεόν
749 1799 896 1885 ἀληθείας.

405 2011 490 2090 Σγόλ.
507 2005 563 2092 μγ’.
592 2004 625 2071 ‘0
646 2005 736 2090 νόμος
752 2009 803 2073 καὶ
820 2010 853 2073 οί
863 2014 1012 2094 προφῆται
1031 2009 1087 2084 ἐας
1099 2004 1252 2088 Ἰαιίυνον,
1278 2008 1328 2073 καί
1343 2013 1410 2085 πᾶς
1426 2011 1464 2086 είς

323 2107 416 2194 αὐτήν
435 2109 570 2192 βιάζεται.

396 2210 512 2299 Ἔλεγχ.
529 2210 583 2296 μγ’.
615 2213 658 2276 Εἰ
671 2210 763 2294 νόμον
775 2211 888 2292 τόσσει,
916 2214 967 2277 καλ
982 2210 1136 2298 προφήτας
1153 2209 1306 2290 ἀποκαλεῖ,
1334 2215 1388 2278 καὶ
1408 2213 1462 2280 οόιι

323 2313 446 2399 ἀνομίαν
458 2320 542 2398 δηλοῖ
553 2313 603 2380 τόν
616 2313 716 2398 νόμον,
742 2312 810 2381 οόδέ
823 2314 1076 2400 ψευδοπροφήτας
1090 2313 1196 2396 φόσκει
1210 2313 1280 2392 τοδς
1295 2315 1461 2402 προφήτας,

323 2427 426 2499 σαφῶς
446 2415 626 2504 ὁμολογεῖται
647 2419 893 2503 μεμαρτυρηκέναι
914 2416 966 2483 τόν
986 2425 1105 2504 σωτῆρα
1122 2427 1183 2496 τοῖς
1202 2416 1381 2506 προφήταις,
1414 2423 1462 2485 καί

322 2523 465 2587 δέδεικται
485 2517 526 2596 οίς
546 2521 613 2605 περί
635 2517 725 2586 αὐτοῦ
746 2523 975 2607 προεφήτευσαν.

405 2721 489 2807 Σηόλ.
508 2723 564 2806 μδ.
598 2725 672 2809 Περί
693 2731 747 2790 τοῦ
769 2729 911 2791 πλουσίου
935 2725 986 2792 καλ
1007 2722 1149 2810 Λαζάρου
1171 2731 1225 2790 τοῦ
1249 2733 1382 2810 πτωχοῦ,
1415 2726 1460 2792 δτι

323 2824 475 2909 ἀπηνέχθη
495 2822 555 2891 όπό
577 2833 636 2892 τοῖν
657 2824 784 2913 ἀγγέλων
804 2829 846 2904 εές
864 2827 916 2894 τόν
936 2826 1047 2894 κόλπον
1066 2825 1206 2912 Ἅβραόμ.

396 2927 513 3012 Ἕλεγχ.
529 2926 576 3010 μδ
579 2976 585 2991 .
614 2926 710 3008 Ἰδσό,
733 2930 784 2996 καί
798 2932 829 2995 ἐν
843 2937 911 3008 ζῶσι
924 2932 974 2994 καλ
987 2931 1228 3014 μακαριζομένοις
1243 2932 1293 2995 καλ
1311 2933 1343 2996 ἐν
1358 2938 1456 3016 τληρο·

322 3036 410 3120 υομίμ
426 3027 616 3106 ἀναπαύσεως
630 3028 648 3096 ό
662 3028 795 3116 Ἅβραάμ
808 3029 867 3098 όπό
883 3039 936 3098 τοῦ
952 3035 1057 3119 κυρίου
1074 3033 1274 3118 ἐγκατιλέγθη,
1297 3035 1350 3098 καλ
1363 3034 1456 3112 Δείξα-

322 3160 374 3220 ρος
396 3136 430 3199 ἐν
452 3131 572 3208 κόλποις
596 3131 687 3200 αὐτοῦ
710 3138 890 3216 κατηξίωται.
934 3137 1051 3216 Μηκέτι
1072 3138 1187 3214 τοίνυν,
1217 3141 1381 3219 Μαρκίων,
1408 3133 1456 3200 τόν

320 3235 451 3324 Ἅβραάμ
467 3234 646 3318 βλασφήμου,
669 3233 720 3301 τόν
736 3237 890 3321 ἐπιγνόντα
904 3234 955 3302 τόν
970 3239 1077 3302 ἑαυτοῦ
1094 3239 1254 3319 δεσπότην,
1276 3239 1326 3301 καλ
1342 3237 1457 3304 εἰπόντα

322 3337 415 3428 αὐτῷ,
447 3338 554 3425 Κύριε,
583 3336 726 3423 όκρίναν
740 3345 838 3405 πᾶσαν
854 3336 907 3421 τήν
922 3343 985 3424 γῆν.
1026 3337 1109 3404 Ἰδοδ
1126 3337 1199 3426 γάρ,
1227 3336 1279 3405 ὕπ’
1297 3337 1389 3407 αότοῦ
1404 3346 1456 3405 τοῦ

324 3443 430 3526 κυρίου
443 3440 633 3526 ἐμαρτυρήθη
648 3437 722 3506 εἶναι
737 3444 860 3520 δίκαιος,
882 3442 932 3506 καὶ
945 3438 999 3506 οόκ
1015 3438 1163 3526 ἀλλότριος
1176 3449 1230 3524 τῆς
1242 3441 1325 3529 παριί
1336 3451 1391 3510 τοῦ
1402 3463 1455 3508 σα·

321 3550 409 3628 τῆρος
431 3545 643 3626 ἐπαινουμένης
661 3549 744 3625 ζωῆς.

405 3643 490 3726 Σχόλ.
508 3643 557 3726 με’.
593 3652 660 3712 Νῦν
682 3645 713 3710 δὲ
735 3637 792 3711 εδδε
813 3652 1021 3732 παρακαλεῖται
1042 3641 1059 3710 ό
1081 3643 1176 3722 αότός-
1191 3645 1334 3732 Λόζαρος.

395 3743 518 3831 Ἕλεγχ.
534 3747 584 3830 με’.
616 3751 659 3812 El
672 3757 876 3834 παρακαλεῖται
892 3746 1030 3834 Λάζαρος
1050 3749 1082 3814 ἐν
1094 3746 1215 3826 κόλποις
1234 3745 1380 3836 Ἁβραάμ,
1400 3743 1453 3812 οότ

320 3845 403 3924 ἐκτός
424 3854 476 3929 τῆς
496 3853 704 3936 παρακλήσεως
724 3858 777 3933 τῆς
797 3857 873 3933 ζωῆς
893 3848 1016 3935 ἀπείργει
1038 3849 1057 3916 ό
1076 3847 1216 3937 Ἁβραάμ.

403 3948 488 4033 Σγόλ.
507 3950 560 4033 μς’.
588 3950 682 4019 Εἶπεν
694 3951 839 4040 Ἁβραάμ,
853 3951 984 4038 ’Ἒηουσι
996 3955 1131 4019 Μωϋσέα
1146 3955 1196 4019 καλ
1211 3953 1281 4032 τούς
1293 3949 1452 4039 προφήτας,

321 4051 532 4119 ἀκουσάτωσαν
548 4051 658 4134 αότιῑν,
680 4058 743 4121 ἐπεὶ
759 4053 829 4122 οόδέ
843 4063 897 4122 τοῦ
915 4057 1100 4143 ἐγειρομένου
1117 4053 1175 4122 ἀπό
1193 4064 1304 4142 νεκρόν
1325 4051 1453 4118 “dnod-

320 4179 428 4222 σουσιν.

394 4252 510 4345 Ἐλεγγ.
529 4255 583 4340 μς’.
620 4255 680 4342 Οόγ
704 4256 744 4336 ἀς
766 4261 808 4326 ἐτι
831 4261 924 4349 ἐντῷ
949 4258 1050 4349 κόσμῳ
1075 4259 1118 4327 ἀν
1139 4261 1190 4326 καλ
1211 4257 1253 4338 τίς
1273 4258 1452 4348 ήτιαιημένσς

356 4415 393 4464 11.
411 4417 490 4478 snpra
507 4413 556 4474 ἕως
573 4415 666 4482 εἴπητε.

356 4480 393 4538 12.
410 4479 475 4538 κατιλ
490 4487 597 4552 rescripsi
611 4499 655 4554 ρτο
672 4483 715 4538 καλ
732 4481 774 4549 εδ,
791 4487 854 4551 quod
869 4489 938 4550 υυλρο
953 4490 979 4538 ἐκ
995 4489 1060 4539 lum
1075 4492 1145 4540 ταλαί
