3112 4984
337 327 473 378 ruuunu
490 327 553 378 uun.
565 329 586 378 1.
602 327 682 378 rou.
698 327 730 378 u.
745 327 846 378 auen.
858 329 960 379 xxix.
1165 317 1225 380 ttt

91 468 135 508 unu
150 447 184 508 sit
204 447 233 508 iu
250 447 412 520 salvatore,
436 447 512 528 quod
528 446 563 508 ud
584 466 701 510 caruem
718 445 856 528 pertinet,
881 447 1035 529 uliquuudo
1052 449 1224 532 perlectum.

92 547 142 610 lluc
156 549 230 611 eninr
246 558 314 610 suut
330 549 378 630 qui
394 558 502 632 uegeut
518 547 667 632 impletum
684 547 794 626 luisse,
819 569 873 610 uos
892 559 987 612 tamen
1005 551 1089 636 pluue
1102 550 1141 612 itu
1157 573 1227 614 curur-

91 651 175 730 tigisse
200 649 438 714 monstrabimus.
484 647 576 712 Nulla
600 650 678 714 enirn
704 651 752 712 rel
777 649 895 714 nuiuiuua
923 650 1038 714 divinae
1064 651 1228 735 scripturae

91 751 163 814 dictio
185 765 279 837 potest
300 753 453 840 excidere.

158 853 304 938 Quocirca
323 855 445 918 tiuronus
468 853 516 917 iiie
535 847 657 916 ilarirlis
676 875 712 916 uc
732 853 832 936 regale
853 853 959 916 solium
984 853 1054 916 uiluii
1079 855 1154 917 uliud
1178 867 1224 918 est
1245 872 1303 937 esp.
1318 874 1360 922 ur.

90 977 159 1038 quam
176 957 321 1020 eccleciae
338 966 460 1022 scructac
476 956 690 1034 sacerdotium,
715 957 790 1039 quod
809 956 891 1039 regia
914 955 1000 1019 sirnui
1026 977 1061 1018 ec
1081 958 1227 1038 pontilicis

90 1055 214 1140 dignitate
236 1057 264 1122 iu
284 1081 372 1122 utrum
390 1067 539 1122 contracta
558 1057 584 1120 oi
602 1057 736 1120 domiuus
757 1056 904 1134 attribuit,
935 1079 969 1120 ac
988 1055 1108 1120 Davidis
1131 1069 1226 1120 ceter·

90 1179 145 1222 nunu
162 1161 230 1225 iilud
250 1182 343 1244 neque
363 1161 523 1245 periturum
544 1181 668 1243 uuquam
687 1159 792 1224 solium
809 1159 838 1221 iu
858 1161 980 1221 eaodem
996 1160 1129 1224 contulit.
1163 1157 1227 1223 illic

89 1263 152 1324 mim
167 1261 310 1328 Dauidica
333 1263 420 1326 sedes
443 1273 583 1346 perpetua
606 1262 796 1324 successione
822 1261 857 1324 ad
875 1255 1026 1324 Christum
1046 1283 1137 1346 usque
1160 1283 1225 1344 pcr-

88 1365 196 1444 mansit,
221 1386 285 1427 cmn
305 1365 384 1428 nullo
402 1384 528 1448 numam
545 1373 676 1446 tempore
696 1363 732 1426 de
754 1361 842 1428 iudae
860 1362 938 1426 tribu
956 1361 1103 1448 principes
1120 1365 1224 1426 desiis-

88 1477 152 1542 sent,
174 1468 269 1530 donec
285 1466 333 1528 ilie
352 1464 434 1528 venit
451 1470 501 1530 rui
512 1470 635 1546 umecta
649 1477 741 1528 munt.
787 1469 829 1527 Et
843 1469 912 1546 epse,
936 1464 1042 1549 iuquit,
1066 1469 1330 1546 espectcuuoenun,
1344 1487 1374 1530 uc.

85 1573 207 1642 genn'um.
256 1565 372 1630 Etenim
397 1567 451 1631 snb
472 1567 628 1630 adveutum
648 1563 759 1630 Christi
776 1565 885 1630 domiui
908 1567 995 1630 desiit
1018 1568 1054 1630 dn
1079 1568 1155 1630 tribu
1177 1565 1223 1630 lu·

87 1669 130 1728 lau
146 1669 305 1753 principum
323 1669 371 1732 illa
389 1671 557 1746 successio,
590 1668 639 1754 qui
662 1670 697 1732 ud
720 1669 748 1732 id
770 1689 861 1754 usque
880 1679 994 1754 tempus
1013 1668 1110 1752 populi
1133 1670 1223 1732 duces

86 1770 198 1835 fueraut.
245 1769 323 1834 Nam
340 1783 398 1834 tum
416 1769 465 1836 illa
478 1771 574 1835 series
590 1770 738 1834 intercidit
758 1792 794 1834 ac
809 1791 966 1855 suppressa
984 1771 1098 1855 penitus
1121 1781 1183 1847 est,
1208 1791 1225 1833 a

86 1891 132 1952 quo
150 1871 287 1938 Chmstus
302 1871 482 1951 Bethleem,
506 1872 582 1956 quod
601 1885 648 1936 est
665 1871 791 1936 iudaeae
809 1873 963 1957 oppidum,
986 1872 1016 1934 iu
1038 1873 1113 1936 irene
1131 1873 1224 1936 lucem

85 1971 167 2038 editus
181 1987 241 2052 est,
265 1975 351 2060 idque
366 1971 440 2038 adeo
458 1975 512 2038 sub
530 1975 702 2038 Alexandro
718 1973 852 2057 contigit,
877 1973 925 2058 qui
940 1995 958 2037 e
975 1975 1160 2037 sacerdotum
1175 1995 1225 2059 pa·

85 2071 147 2137 riter
161 2097 197 2140 ne
213 2097 316 2160 regum
333 2076 424 2162 stirpe
442 2088 507 2140 erat
521 2077 675 2140 emundas.
708 2075 756 2138 An
774 2075 858 2140 huius
879 2075 967 2158 igitur
986 2074 1152 2138 Alexandri
1171 2097 1225 2138 uec

86 2197 134 2240 uun
153 2190 183 2241 et
199 2177 357 2259 Sentinas,
387 2199 461 2261 qruan
480 2190 510 2241 et
525 2179 696 2242 Alexandra
716 2188 821 2240 crocata
841 2187 904 2256 est,
934 2188 1065 2260 tempure
1089 2199 1156 2242 sors
1178 2189 1226 2240 est

86 2275 123 2338 iila
136 2282 217 2366 regni
236 2281 423 2364 conditioque
440 2281 565 2356 sublata,
590 2301 655 2344 cum
672 2277 808 2343 Herodes
823 2277 959 2356 iudaeae,
982 2279 1137 2364 Augustum
1151 2299 1224 2341 vero

84 2377 275 2446 Romanorum
293 2382 446 2465 imperium
463 2382 621 2446 obtineret.
667 2379 705 2444 Et
720 2381 834 2466 quidem
850 2383 1023 2444 Alexaudcr
1038 2380 1087 2443 ille
1109 2401 1184 2444 uuus
1207 2400 1224 2442 e

85 2475 280 2562 Christoruuu,
303 2487 358 2547 hoc
377 2496 424 2546 cst
440 2496 610 2563 unctorum,
635 2484 795 2566 ducumque
815 2504 936 2546 numero
955 2483 1087 2546 diadema
1109 2482 1225 2545 sibimet

83 2581 221 2668 imposuit.
270 2584 345 2651 Cum
366 2587 443 2650 euim
460 2587 536 2649 duae
554 2585 680 2648 inuicem
697 2585 788 2647 tribus
805 2584 980 2648 coniunctae
999 2583 1134 2661 luissent,
1154 2603 1224 2666 quu-

83 2703 136 2750 ruur
152 2687 249 2752 altera
267 2689 363 2772 regui,
385 2687 543 2752 sacerdotii
557 2687 649 2750 altera
668 2683 715 2750 ius
732 2686 867 2766 hebetet,
889 2698 1011 2770 eratque
1027 2683 1115 2750 ludae
1130 2686 1223 2770 prior,

84 2789 219 2866 posterior
238 2791 368 2854 daronis
395 2811 429 2852 ac
452 2787 608 2853 Leviticae
630 2789 729 2873 gentis
751 2789 924 2864 universae,
958 2787 1025 2850 iude
1052 2789 1226 2850 factumest

84 2885 158 2954 iidem
174 2904 208 2956 ct
223 2912 313 2975 reges
334 2913 368 2954 ac
384 2894 555 2954 sacerdotes
572 2900 683 2954 essent.
727 2887 834 2974 Neque
855 2890 932 2954 euim
953 2891 1040 2953 ullum
1061 2911 1101 2952 cx
1120 2889 1225 2952 obscu-

83 2989 115 3050 τίς
129 3013 283 3058 sacrarum
301 2992 451 3056 literarum
471 2993 598 3056 oraculis
612 2992 738 3056 veritste
753 3013 807 3056 suu
823 2991 928 3056 caruit.
967 2989 1046 3054 Tunc
1060 2991 1148 3075 igitur
1163 2988 1225 3052 ile·

82 3093 157 3158 rcdes
180 3117 240 3158 rex
267 3096 434 3180 ¹alienigena
457 3095 610 3160 summotis
637 3093 760 3158 Davidis
784 3094 909 3179 posteris
934 3095 1064 3158 diadema
1088 3091 1222 3175 sumpsit.

83 3191 167 3278 Atque
186 3197 305 3282 imperii
327 3198 442 3260 demum
465 3197 540 3260 solio
555 3197 739 3281 peregrinum
758 3196 789 3259 in
808 3197 951 3260 homiuem
969 3194 1142 3257 translatos
1161 3211 1225 3254 car-

81 3295 142 3360 uulis
160 3295 256 3362 iudae
275 3297 382 3361 familis
399 3319 435 3360 ac
453 3297 668 3383 Hierosolymis
687 3319 739 3382 per
755 3295 905 3362 Christum
922 3296 1004 3379 regia
1020 3305 1067 3360 est
1082 3295 1113 3356 iu
1130 3291 1225 3355 eccie-

81 3395 140 3460 siam
160 3401 315 3464 transfusa
331 3399 467 3483 dignitas.
506 3397 599 3464 Cuius
618 3401 706 3463 sedes
720 3400 756 3462 ad
770 3399 897 3462 omnium
916 3395 1135 3482 perpetuitatem
1152 3404 1224 3457 tem·

81 3517 169 3578 norom
188 3501 221 3564 iu
243 3502 346 3564 ecdem
363 3500 426 3586 ipsa
447 3501 622 3579 constituta,
646 3521 686 3564 ex
702 3499 850 3564 amborum
867 3499 1054 3582 dignitatum,
1079 3496 1161 3580 regni
1180 3496 1224 3557 ri·

82 3601 174 3666 delicet
198 3627 239 3667 ac
261 3602 419 3666 sacerdotii
443 3602 629 3688 amplitudine
654 3602 806 3666 coalescit.
850 3598 928 3664 Nam
953 3601 1028 3682 quod
1053 3599 1089 3660 ud
1113 3598 1224 3681 regiam

81 3705 258 3769 maiestatem
282 3706 403 3781 attinet,
428 3725 491 3766 eam
509 3726 526 3768 a
547 3701 667 3768 Christo
688 3703 756 3766 lesu
774 3702 892 3766 domiuo
914 3711 1015 3762 uostrn
1032 3699 1137 3784 duplici
1159 3700 1224 3762 iure

81 3809 315 3870 eunucicunm
330 3807 460 3892 accepit,
483 3807 559 3890 quod
574 3818 606 3869 et
624 3807 672 3870 ille
690 3815 834 3890 quatenus
850 3823 938 3866 carue
955 3812 1086 3879 constat,
1111 3802 1147 3864 de
1166 3798 1225 3866 tt·-

81 3907 141 3971 ridis
158 3913 259 3994 stirpe
277 3919 450 3992 propagatus
468 3908 567 3986 luent,
590 3919 620 3970 et
634 3928 690 3970 rex
705 3906 866 3970 diuinitatis
880 3925 964 3988 quum
981 3902 1055 3965 idem
1075 3903 1163 3966 babet
1177 3924 1224 3965 ra-

82 4005 147 4074 tione
165 4013 262 4094 longe
276 4011 317 4072 sit
330 4009 454 4093 amplior
468 4019 499 4072 et
516 4020 666 4073 aeternus.
701 4005 866 4072 Sacerdotii
883 4027 956 4069 vcro
972 4005 1141 4089 dignitatem
1159 4005 1225 4068 iden

81 4113 190 4177 sortitus
207 4111 350 4194 estquod
370 4121 400 4172 ct
415 4110 548 4195 pontiiex
564 4110 614 4189 sit,
637 4121 667 4172 et
680 4109 845 4194 pontilicum
862 4108 990 4171 omnium
1008 4109 1175 4170 moderator
1189 4125 1224 4166 ac

80 4211 216 4301 puuccps.
268 4213 370 4296 Quare
390 4211 513 4276 lacobus
534 4212 600 4290 ille,
624 4211 672 4294 qui
687 4210 796 4274 domini
818 4211 909 4274 irater
930 4209 1089 4294 appellatus
1105 4217 1169 4282 est,
1195 4213 1225 4265 et

81 4312 198 4379 ciusdem
226 4315 399 4400 apostulus,
432 4314 541 4398 primus
565 4313 691 4375 omnium
711 4324 757 4376 est
779 4312 932 4397 episcopus
954 4309 1146 4383 coustitutum
1177 4307 1224 4388 qai

80 4433 132 4478 run
154 4415 282 4502 iosephi
305 4416 445 4479 naturalis
469 4427 550 4480 esset
566 4415 659 4495 iilius,
683 4413 792 4477 domiui
810 4417 900 4477 irater
922 4413 959 4475 ob
977 4413 1004 4475 id
1022 4419 1144 4472 vocatus
1166 4419 1224 4486 est,

80 4521 143 4596 quod
165 4521 197 4584 iu
222 4520 293 4582 eius
315 4520 451 4582 convictu
472 4539 507 4582 ec
529 4517 740 4581 cousuetudine
763 4525 943 4580 versaretur.
