3072 4986
309 325 446 378 romanu
464 324 541 378 nov.
558 323 839 382 auennensem.
856 329 972 382 noni.
1175 317 1216 383 ot
1315 315 1321 340 ¹

61 467 108 511 rae
129 455 259 510 exteras
282 445 320 510 ad
337 446 472 510 nationes
489 442 540 510 illo
556 455 687 531 tempore
707 448 929 532 pervenissent,
954 449 1097 536 Assyrios
1114 447 1217 515 videli-

62 562 117 628 eet,
142 569 187 612 ex
205 547 311 632 quibos
329 547 463 632 inquilini
479 547 519 614 illi
539 543 703 614 Samaritae
720 551 849 629 luerunt,
873 571 931 613 una
947 550 1034 614 etiam
1053 551 1215 618 animorum

62 651 209 714 dissensio
234 649 374 734 contigit,
401 648 627 734 opinionumque
643 651 789 716 oonoitala
809 651 937 732 falsitas,
966 663 997 715 et
1011 654 1047 716 ab
1072 675 1129 718 ono
1147 656 1216 718 reli-

62 753 154 838 gionis
184 752 267 816 eolto
293 752 548 816 innumerabilium
574 773 707 816 errorum
731 753 883 838 perillam
909 752 1082 818 dissordiam
1104 757 1216 821 semina

63 856 260 940 pullularant,
285 863 372 939 prout
398 853 533 918 nimirum
558 853 785 939 uniuscuiusque
803 875 908 920 seusus
925 855 1007 934 tulit,
1030 867 1081 920 aot
1094 855 1124 921 in
1141 859 1215 923 sori·

62 958 149 1042 pluria
168 955 370 1040 intelligendis
393 955 516 1041 peritiae
537 955 593 1018 sibi
613 955 720 1040 aliquid
736 958 905 1041 arrogavit,
928 957 1102 1043 easdemque
1119 960 1215 1040 priva·

63 1070 115 1122 tam
138 1059 177 1122 ad
201 1057 379 1122 sententiam
402 1057 626 1121 aooommodare
648 1058 768 1122 studuit.

434 1297 458 1371 S
476 1295 508 1372 Α
523 1295 559 1370 lli
575 1297 607 1370 A
625 1295 695 1372 RI
715 1297 745 1372 'l'
763 1297 852 1374 Au.

61 1435 146 1529 Quae
161 1442 219 1508 eat
235 1433 386 1509 baeresis
403 1431 442 1508 ab
453 1433 569 1531 gentili
584 1434 919 1530 superstitionem,
930 1435 1046 1510 ordina
1063 1437 1214 1514 reroIX.

138 1585 250 1670 ltaque
268 1579 435 1649 Samaritae
452 1603 552 1648 earum
576 1583 739 1648 haereseon
755 1585 911 1672 principes,
936 1607 1011 1671 quae
1027 1585 1133 1652 divinis
1149 1588 1214 1652 lite·
1240 1601 1299 1671 cop.
1317 1605 1336 1655 ι.

61 1690 279 1766 obnituntur,
312 1697 378 1771 post
406 1697 648 1750 commemoratas
675 1707 692 1752 a
719 1687 803 1750 nobis
825 1685 1006 1751 Graecorum
1036 1699 1152 1770 sectas,
1185 1701 1215 1755 el

60 1791 157 1854 stolide
193 1790 264 1853 illae
299 1788 413 1872 quidem
440 1788 476 1852 ab
506 1787 652 1851 bominum
686 1787 811 1874 ingeniis
845 1774 1047 1874 excogitatas,
1080 1792 1214 1877 proximo

59 1905 233 1978 sequuntur.
292 1889 405 1955 llorum
433 1909 525 1974 genus
557 1887 810 1954 Samaritanorum
839 1903 988 1955 voratum.
1042 1890 1128 1976 Quae
1151 1915 1213 1958 vox

61 1991 207 2059 Custodes
224 1993 392 2076 signifieat,
417 1993 492 2078 quod
509 1991 530 2055 ii
548 1993 692 2076 quondam
711 1993 805 2056 inilia
826 2001 905 2056 tarra
923 2003 1058 2076 tanquam
1075 1995 1212 2060 custodes

60 2096 191 2161 oolloeati
210 2105 301 2174 sunt3
332 2095 396 2158 sire
413 2095 489 2180 quod
506 2115 580 2178 quae
601 2091 721 2158 albinse
742 2092 900 2158 constituta
920 2104 1005 2158 eraut
1028 2095 1058 2158 in
1075 2096 1140 2181 lege
1162 2119 1213 2161 ou-

59 2201 213 2262 stodirent.
262 2197 309 2260 Ao
332 2216 416 2259 mons
436 2195 486 2259 ille
505 2215 590 2280 quem
615 2195 784 2260 insederant
803 2193 949 2261 Somoron
971 2195 1131 2282 appellatus
1152 2211 1211 2278 est,

58 2301 100 2364 rel
116 2299 253 2376 somer,
285 2297 322 2362 ab
345 2297 465 2382 antiquo
481 2294 647 2362 Somorone
669 2295 803 2362 Someris
829 2299 898 2362 lilio.
944 2295 975 2362 ld
1004 2299 1080 2361 enim
1101 2299 1129 2361 ei
1147 2299 1212 2363 viro
1237 2365 1241 2376 ,

59 2423 159 2466 nonen
187 2403 257 2464 luit.
305 2395 463 2464 Caeterum
482 2397 589 2464 Somer
605 2399 662 2463 iste
683 2410 794 2484 patrem
820 2398 919 2463 babuit
941 2397 1211 2465 ePberezaeorum

57 2524 87 2566 ιι
102 2503 350 2588 Gergesaeorum
373 2522 502 2588 genere,
535 2501 582 2585 qui
607 2513 667 2564 ιιιιιι
687 2521 751 2564 eam
776 2502 925 2585 regionem
955 2499 1122 2565 babitabant
1142 2512 1212 2568 eta

60 2601 200 2670 Cbanaan
226 2603 372 2688 originem
397 2604 558 2682 duxerant,
583 2602 631 2687 qui
650 2614 773 2667 tractum
794 2603 890 2684 illum,
915 2624 989 2688 quae
1010 2624 1086 2667 nuno
1103 2601 1213 2669 Iudaea

58 2719 85 2770 et
99 2706 244 2772 Samaria
265 2705 381 2784 dieitur,
406 2707 566 2790 usurpavit,
591 2705 718 2769 alienum
735 2706 846 2789 utique,
870 2717 969 2792 utpote
986 2705 1109 2768 filiorum
1126 2703 1210 2787 Sem,

58 2831 118 2872 ιιιιιι
136 2807 288 2873 Cbanaan
306 2807 369 2891 ipae
391 2801 494 2870 Chomi
518 2807 593 2870 filius
617 2817 698 2870 esset
721 2807 822 2870 eodem
841 2827 897 2891 quo
915 2805 985 2872 Sem
1004 2818 1086 2893 patre
1105 2809 1210 2892 geniti.

58 2907 95 2974 lta
110 2911 243 2992 contigit
261 2919 293 2971 ut
310 2909 435 2972 diversis
451 2909 487 2972 de
505 2907 618 2972 caussis
635 2907 711 2971 idem
731 2905 980 2974 Samaritanorum
996 2930 1101 2973 nomen
1120 2927 1210 2995 penes

56 3031 102 3075 eos
122 3009 295 3089 resederit,
326 3010 460 3074 nimirum
484 3029 500 3073 a
520 3007 645 3075 Somero
667 3007 899 3089 absumamur,
924 3011 959 3074 ab
975 3031 1011 3074 eo
1032 3012 1107 3095 quod
1130 3011 1211 3075 velut

54 3125 148 3178 terne
171 3113 315 3178 custodes
331 3113 455 3198 appositi
470 3121 582 3190 esseut,
606 3131 641 3174 ao
656 3110 780 3195 denique
797 3112 872 3196 qood
886 3109 983 3177 Musis
1001 3112 1133 3176 instituta
1144 3133 1209 3177 aer·

52 3227 164 3282 ramat.

129 3317 238 3383 Porro
263 3336 281 3380 a
305 3312 420 3379 ludaeis
448 3335 485 3378 ea
513 3335 545 3378 re
577 3315 701 3399 primum
732 3315 867 3378 differunt
894 3315 971 3398 quod
994 3313 1031 3378 iis
1055 3313 1209 3400 propbeta·
1226 3322 1285 3391 Gap.
1303 3325 1336 3376 ιι.

50 3441 109 3484 mro
136 3423 255 3502 scripta
285 3418 445 3482 secuudum
470 3413 577 3480 Mosen
606 3417 723 3480 minime
755 3426 823 3480 eunt
850 3417 971 3494 tradita,
1004 3417 1055 3478 sed
1082 3415 1208 3498 quinque

50 3521 198 3586 dmuxat
222 3519 389 3598 volumina,
414 3539 488 3604 quae
505 3539 559 3604 per
575 3515 683 3582 Mosen
701 3515 899 3582 israelitorum
918 3515 1020 3601 generi
1037 3516 1101 3578 data
1124 3525 1205 3594 suot,

50 3645 110 3686 eam
129 3645 175 3688 ex
197 3621 337 3707 Aegypto
354 3620 563 3685 decessissent.
608 3617 686 3684 Sunt
704 3619 775 3684 baec
792 3618 931 3696 Genesis,
956 3616 1091 3695 Entellus,
1115 3613 1207 3682 Levi·

48 3725 137 3804 brus,
163 3721 317 3802 Numeri,
349 3733 379 3786 et
401 3720 677 3786 [deuteronomium.
723 3719 780 3804 Qui
805 3720 869 3783 libri
893 3720 965 3804 apud
990 3716 1144 3784 Hebraeos
1165 3719 1207 3784 ita

50 3840 221 3892 rorantur:
252 3821 408 3903 beresith,
438 3823 639 3901 Ellesemotb,
664 3818 801 3900 Voiiora,
825 3819 1009 3897 vaidabber,
1033 3817 1206 3886 Ellebadde-

48 3927 149 3994 barin.
198 3921 316 4008 eribua
336 3923 410 3989 inv
425 3925 507 3989 libris
523 3925 664 4008 quaedam
681 3933 860 3986 mortuorum
875 3923 1099 3986 resurrectionis
1115 3923 1205 3987 vesti·

73 4133 95 4184 2
115 4137 204 4196 Vulgo
220 4135 285 4180 estol
301 4124 459 4195 uippaipamot·
646 4137 704 4195 poet
712 4124 853 4196 praedictas
863 4123 1204 4192 Graecaabaeraaea‚expro-

73 4201 245 4260 &mainel
268 4195 484 4265 dpppmrrpbelonc
502 4195 613 4255 bertradae
645 4195 707 4263 priis
725 4190 950 4244 ratiocinationibus
970 4211 1015 4260 per
1036 4193 1127 4245 mentis
1148 4202 1204 4241 atn-

47 4281 82 4325 ra
95 4263 324 4338 ἰμβρωτηὲιὶσας
339 4257 387 4317 dut
407 4265 528 4323 διανοίας.
552 4266 614 4328 quod
647 4262 779 4331 piditatem
795 4260 935 4310 hominibus
953 4261 1074 4313 inductas.

48 4337 90 4384 ἣτ’
104 4340 182 4400 mtpo
193 4336 315 4396 praebeat.
335 4335 552 4383 Communem:
570 4335 614 4381 Sa·
682 4329 707 4382 4.
726 4325 813 4396 σωμὸρ
829 4331 880 4379 eod.
893 4331 989 4392 llbedr'p.

48 4405 144 4456 trita
161 4401 245 4468 igitar
268 4397 383 4451 adirina
400 4399 522 4466 aoriptma
539 4395 616 4467 u'sqne
686 4398 745 4448 Gan.
758 4399 788 4447 ll.
814 4425 847 4434 -
882 4396 903 4447 l.
921 4395 1019 4462 unguib
1038 4397 1089 4446 eod.
1104 4395 1202 4457 llbedt'p.

47 4469 73 4518 al
86 4473 213 4522 laam
231 4472 314 4534 (trumo
325 4483 401 4535 osque
413 4465 445 4517 ed
459 4467 573 4517 haereses
586 4483 616 4518 ex
651 4473 673 4520 tl
688 4468 742 4518 edit.
756 4469 831 4528 prino.

46 4535 122 4591 finita
149 4535 283 4604 scriptun
306 4535 384 4602 ortua)
409 4534 614 4602 progrediantur,
684 4535 710 4585 2.
727 4529 833 4599 ιιίῐκῖιριι
848 4535 966 4595 ιιιιιίριῐι
982 4533 1025 4581 lot.
1043 4531 1155 4593 smtpn.

944 4614 993 4680 5*
