3112 4984
370 325 505 379 ranaarr
522 327 585 380 ura
595 329 615 378 r.
632 329 712 382 ruas.
722 329 753 381 rr.
770 329 870 382 ussa.
880 331 968 382 xxx.
1177 321 1240 384 tt't

98 459 181 530 gant,
206 447 236 510 in
257 465 384 531 eumque
402 446 547 516 danum
567 467 635 512 sese
655 458 787 514 naumann
807 448 947 514 inludisse
969 449 1100 536 spiritam
1120 451 1172 535 rpri
1191 461 1240 516 est

98 552 157 632 ipse
170 545 321 627 Christus,
346 567 469 631 eumque
485 549 533 633 apri
552 547 635 614 lesan
653 561 774 616 veoaurs
792 562 838 614 est
851 551 993 616 induisse.
1038 551 1238 636 uranum·

96 649 268 714 densissima
286 650 425 734 quaedam
442 649 500 716 illia
516 659 563 716 eat
574 651 672 716 ¹offusa
687 653 798 738 ealige,
822 653 888 716 dara
907 651 979 718 alias
996 655 1083 719 aliter
1097 655 1133 719 de
1147 651 1236 720 Chri·

96 761 138 814 sto
156 751 294 837 opinione
311 761 521 833 euastatunnt.
567 754 665 840 Atque
682 754 863 838 euangelium
881 754 924 818 illi
944 755 1059 838 quidem
1077 759 1237 822 amandun

96 851 279 916 ¹rllstthaeuru
295 854 461 931 admittunt,
484 875 541 938 qno
561 855 624 918 solo
641 851 893 920 Cerinthianururn
909 856 956 920 vel
973 853 1237 924 Masinthiarrorurn

95 953 188 1018 instar
203 963 340 1034 ratuatar,
362 955 449 1038 idque
462 957 560 1041 ipsum
575 957 733 1022 seeundum
748 953 902 1022 ilebraeos
918 959 1074 1044 appellant.
1119 957 1236 1024 Etenim

94 1077 163 1121 rere
185 1057 256 1122 illud
280 1057 424 1121 affluere
446 1077 620 1142 possumne,
649 1079 736 1124 unum
758 1079 800 1122 ex
821 1059 956 1123 omnihus
977 1061 1046 1124 nuri
1071 1061 1235 1126 testamenti

94 1159 283 1242 surimoribus
298 1155 481 1224 Mattbaeum
498 1157 661 1240 ldebraiee,
690 1181 725 1227 ne
748 1160 840 1224 literis
861 1159 1014 1226 Hebraicis
1036 1164 1235 1248 evangelicam

95 1262 244 1326 historiam
270 1260 413 1326 texuisse.
457 1259 525 1326 Nee
547 1264 666 1327 deleme
690 1263 738 1347 qui
763 1264 797 1329 de
815 1260 932 1332 lunaria
954 1266 1109 1348 evangelio
1131 1267 1236 1328 eanh-

95 1375 220 1442 uareat,
243 1363 312 1428 illud
329 1361 476 1428 Hebrsiae
491 1365 659 1428 translatum
674 1364 831 1428 Tiberiade
848 1365 878 1428 ia
897 1363 1069 1430 ludaeorum
1085 1367 1233 1452 panephy-

95 1464 172 1530 laeiis
191 1466 360 1543 rurore,
384 1476 414 1528 et
429 1465 458 1528 in
476 1465 685 1530 secretioribus
700 1466 869 1551 quibasdam
885 1469 1081 1552 penetralibus
1096 1467 1232 1549 reeondi3

95 1565 118 1628 id
138 1568 220 1652 qnod
242 1566 373 1630 norrealli
396 1567 483 1646 mibi,
507 1567 555 1652 qui
576 1588 609 1632 se
627 1571 661 1632 ad
676 1565 787 1632 Christi
807 1569 891 1632 fldem
910 1589 929 1633 e
946 1567 1090 1634 ludaismo
1107 1579 1240 1639 tereste,
1346 1600 1354 1615 ·

95 1669 202 1746 leram,
235 1667 454 1734 aoeuratiaaiare
478 1669 675 1734 derlarerant.
719 1667 834 1734 hauet
857 1671 1064 1755 Apostolorum
1088 1671 1182 1736 Aetas
1203 1673 1234 1736 in
1369 1743 1375 1756 ¹

96 1767 272 1834 llebraieurn
290 1791 455 1834 menonem
471 1771 591 1854 pariam
608 1791 800 1836 eonversose
817 1773 933 1838 Graeeu
948 1774 1049 1839 iisdem
1067 1775 1097 1838 ia
1119 1773 1235 1839 thesau-
1335 1794 1341 1805 ·

95 1872 132 1935 ris
154 1871 259 1936 heberi
283 1872 439 1936 enehorum
460 1893 597 1938 sermone
619 1872 800 1958 percrebuit,
823 1875 870 1956 qni
896 1876 980 1940 nabis
996 1877 1053 1942 ista
1076 1877 1235 1942 ormnem

95 1972 218 2038 indidem
236 1969 422 2038 Christianae
438 1974 654 2060 amplmtendae
671 1975 735 2038 idei
752 1975 934 2040 sermionem
952 1989 1140 2062 streperent.

174 2072 247 2138 Frn't
270 2095 311 2139 ex
334 2076 449 2140 illoram
475 2097 598 2140 numero
619 2074 759 2162 losephas
781 2075 913 2161 quidam,
944 2099 1001 2142 unu
1023 2079 1163 2144 historiae
1183 2079 1234 2144 ille
1252 2089 1311 2158 (ἔαρ.
1325 2093 1366 2142 tv.

93 2177 219 2263 scriptur
231 2177 379 2261 andqnua',
397 2179 448 2241 serl
459 2175 680 2243 Tiberiadensis
692 2179 778 2259 alter,
801 2180 848 2262 qui
864 2179 967 2244 heatae
981 2182 1139 2245 memoriae
1152 2178 1232 2246 Cou-

95 2277 212 2344 stantini
227 2278 355 2344 senioris
367 2279 554 2364 inperatoris
568 2291 665 2344 aetate
678 2279 772 2360 risit,
795 2301 813 2342 a
830 2301 887 2365 quo
903 2283 988 2346 etiarn
1003 2281 1167 2346 comitivam
1183 2305 1231 2348 ao·

93 2382 184 2465 repit,
209 2401 275 2444 nuru
291 2401 327 2445 ea
345 2393 507 2466 potestate,
531 2394 561 2466 pt
578 2403 642 2446 eam
660 2385 690 2445 in
708 2383 778 2448 arbe
795 2381 859 2467 ipaa
875 2381 1056 2461 Tiberiadis,
1080 2394 1139 2446 turn
1159 2382 1231 2448 ttio-

94 2501 268 2560 eaesareae,
299 2479 533 2567 Capharnaunri,
563 2505 599 2547 ae
624 2484 727 2547 vieinis
754 2484 819 2547 aliis
845 2483 875 2548 iu
904 2483 1014 2569 oppidis
1035 2484 1180 2550 aeclesias
1201 2488 1231 2549 irr

94 2577 204 2648 Christi
227 2583 367 2648 bonumne
392 2595 555 2648 extrueret.
600 2582 658 2668 Qui
676 2585 788 2668 quidem
810 2586 976 2671 priusquam
997 2589 1032 2651 ad
1051 2588 1232 2673 imperatoris

94 2685 225 2748 notitiam
243 2687 439 2769 pervenisset,
463 2687 669 2772 quamplurima
684 2686 721 2749 ab
737 2685 809 2770 ipsis
824 2685 938 2752 ludaeis
953 2699 998 2751 eat
1013 2709 1126 2774 passas.
1160 2687 1232 2752 Ete-

93 2786 148 2848 nim
164 2787 216 2850 hie
230 2786 295 2871 ipse
311 2785 452 2871 losephus
471 2809 511 2852 ex
529 2789 643 2852 illoram
659 2795 724 2852 erat
739 2788 843 2854 ordine
861 2790 907 2872 qui
923 2792 996 2874 apud
1015 2788 1138 2854 ludaeos
1155 2792 1233 2876 prin·

93 2886 185 2971 eipem
202 2889 299 2952 loerrrn
314 2889 464 2973 dignitatis
478 2891 623 2969 obtinent,
646 2911 720 2974 quus
736 2889 850 2974 quidem
867 2893 1023 2956 seeundum
1042 2893 1232 2976 patriarcham

93 2990 243 3072 apostulus
267 2991 427 3056 nominant.
472 2991 614 3057 desident
637 2993 664 3056 hi
687 2991 886 3077 patriarubae,
915 3005 945 3056 et
969 3015 1032 3056 euru
1057 3015 1093 3058 eo
1116 2995 1233 3078 amplus

93 3089 138 3154 dia
156 3103 306 3174 uuetuque
320 3103 495 3172 sumantur,
519 3095 593 3178 quod
608 3095 701 3158 eidem
717 3115 734 3157 a
751 3094 883 3158 eonsiliis
902 3096 977 3174 siat,
1001 3117 1036 3160 aa
1050 3096 1087 3160 de
1102 3095 1139 3159 iis
1154 3099 1232 3160 rele-

92 3205 155 3256 rant
169 3213 250 3276 qnae
262 3194 297 3256 ad
314 3193 408 3277 legem
425 3197 573 3280 pertinere
586 3195 731 3259 videntur.
765 3194 839 3259 Erat
853 3206 912 3260 turn
931 3195 1109 3278 patriarehae
1126 3217 1231 3260 nornen

95 3289 178 3360 hillel.
228 3291 273 3357 lta
290 3297 413 3359 enimet
430 3317 446 3360 a
465 3295 588 3381 losepho
606 3298 749 3364 nominari
763 3298 880 3362 solitum
896 3299 1038 3374 arbitror,
1063 3299 1118 3363 nisi
1133 3319 1179 3362 me
1194 3298 1231 3361 ob

92 3395 234 3482 temporis
252 3396 491 3482 longinquitatem
508 3399 579 3464 fallit
595 3400 745 3462 memoria
790 3396 821 3462 la
838 3420 855 3462 e
873 3403 965 3485 stirpe
983 3397 1152 3464 Gamalielis
1173 3399 1232 3462 uri·

92 3499 186 3580 giueur
211 3509 363 3577 traxerat,
386 3499 434 3583 qui
453 3501 675 3584 patriarehaturn
697 3501 771 3585 apud
793 3501 859 3564 illos
878 3502 981 3565 munh.
1027 3499 1121 3584 Quem
1144 3501 1231 3565 etiam

92 3600 236 3686 suspirari
253 3601 545 3685 menaporum,
567 3615 601 3666 ut
618 3623 635 3666 a
655 3602 800 3688 plerisque
816 3602 958 3687 proditura
977 3613 1038 3679 est,
1062 3623 1079 3665 a
1096 3602 1179 3687 primi
1197 3603 1232 3668 il·

92 3699 143 3766 lias
160 3701 339 3768 Gumalielis
357 3724 466 3788 geuene
483 3723 553 3768 esse
567 3717 740 3789 proprrmum
764 3703 812 3787 qni
834 3705 888 3767 suh
903 3701 1015 3770 Christi
1037 3703 1144 3768 domini
1167 3725 1233 3790 pas·

93 3803 205 3868 donem
221 3814 326 3868 auetor
338 3806 405 3870 eiras
418 3807 532 3870 ouaaihi
549 3803 667 3872 ludaeis
688 3807 757 3883 luit,
781 3815 813 3870 ut
830 3827 847 3868 a
865 3807 1073 3890 persequendis
1093 3807 1234 3892 apostolis

91 3905 288 3970 abstinerent.
332 3903 466 3970 Moriens
482 3905 560 3974 Ellel
578 3909 704 3972 vieinnm
726 3908 892 3993 episeopunr
911 3906 1115 3972 Tiberiensem
1136 3929 1234 3974 arens·

93 4007 146 4085 ait,
171 4009 209 4072 ab
225 4027 320 4092 eoque
334 4008 444 4074 lotione
462 4029 548 4074 saera
566 4009 715 4074 subsitae
734 4010 845 4074 exitum
860 4029 914 4094 per
929 4009 1089 4076 medicinae
1106 4013 1232 4097 speoiem

93 4111 243 4195 expiatur.
291 4103 366 4174 Cum
383 4110 458 4174 enim
477 4113 643 4196 episeopum
665 4132 718 4197 per·
731 4109 886 4196 losephunr
903 4111 982 4176 velut
1000 4114 1142 4178 medinam
1164 4131 1235 4176 ero-

94 4223 209 4292 easset,
235 4212 382 4276 lacessere
400 4213 486 4276 iussis
505 4213 657 4293 amnibus,
680 4213 801 4298 supplan
825 4214 903 4278 illurn
925 4215 1089 4300 interpellat
1104 4214 1149 4280 his
1168 4233 1236 4276 ver-

91 4309 154 4378 hiaa
181 4319 291 4392 Quaeso
306 4325 349 4388 te,
372 4313 482 4399 martit,
505 4319 576 4378 mehr·
589 4329 623 4378 at
637 4319 749 4378 duna·
760 4320 871 4396 aa'paaaer
889 4322 1040 4398 amputans.
1088 4315 1165 4380 Tan
1185 4335 1235 4377 ae·
