3112 4984
386 371 520 426 eattfflt
538 373 599 426 Lib.
613 376 633 427 l.
651 375 734 430 T0bl.
744 376 776 427 ll.
794 374 891 428 nanu.
903 375 1002 428 XXVI.
1215 365 1274 426 177

106 489 240 579 pudebit
253 491 371 576 eloqui,
401 504 434 556 ut
447 493 497 577 qni
514 493 683 558 foedissima
697 494 814 560 illorum
830 494 940 580 flagitia
956 493 1117 574 audierint,
1150 495 1273 562 borrore

105 594 246 680 quodam
265 594 439 660 afficiantur.
488 593 606 660 Etenim
636 606 754 682 peracto
781 607 884 684 stupro
907 597 1030 663 subinde
1055 599 1274 665 contumeliosis

106 697 237 762 eoelum
256 697 379 762 vocibus
394 707 582 783 appetentes,
611 699 725 784 utrique
742 699 833 764 maris
850 699 1022 786 profluvium
1042 701 1124 764 cavis
1141 701 1274 766 manibus

107 798 292 882 excipiunt,
315 821 352 864 ae
366 799 488 864 sublatis
503 821 619 866 rursum
636 799 728 866 oculis
742 801 859 866 loedunn
872 800 941 864 illud
958 812 989 865 et
1003 800 1198 866 abominabile
1212 823 1275 867 ma·

106 900 211 964 nibus
227 902 429 983 praeferentes
445 903 624 982 consistunt,
648 923 684 966 ae
702 923 807 988 preces
825 903 1004 989 concipiunt.
1048 899 1195 968 Militares
1212 906 1275 988 qni-

105 1003 187 1066 denn
209 1012 238 1064 at
253 999 388 1068 Gnostici
404 1003 440 1066 ad
457 1003 680 1084 universorum,
712 1014 743 1068 nt
758 1005 856 1083 aiom,
887 1017 1058 1090 parentem,
1088 1004 1136 1069 cui
1153 1016 1183 1068 et
1199 1007 1275 1090 quod

104 1101 258 1168 manibus
273 1115 392 1190 gestant
405 1105 543 1186 offerunt,
568 1127 632 1170 cum
651 1106 706 1170 boe
721 1107 837 1170 solenni
852 1109 999 1173 carmine:
1021 1113 1083 1170 Hoc
1097 1109 1151 1170 eti
1162 1129 1272 1184 neam,

105 1211 254 1270 mun
271 1211 381 1270 Ctrba'
393 1229 512 1289 corpus,
536 1211 692 1293 offer-ubres.
737 1208 838 1294 Atque
854 1209 896 1274 ita
913 1221 973 1275 tunr
993 1231 1029 1274 eo
1046 1220 1223 1290 vescuntur,
1247 1223 1277 1274 et

107 1308 335 1394 impurissimae
354 1329 424 1374 suus
443 1309 548 1374 sordes
564 1311 736 1395 degustant,
767 1312 867 1397 itaque
885 1312 1001 1376 dieunte
1034 1316 1097 1374 Iloe
1112 1325 1157 1373 est
1173 1334 1276 1394 corpus

109 1415 248 1484 Ckra'sts',
272 1424 302 1472 et
316 1415 369 1474 hoc
383 1424 426 1474 est
443 1416 568 1475 Pusebu:
591 1417 698 1474 adotbeo
715 1435 836 1495 camora
849 1427 948 1478 nustm
959 1420 1110 1496 putabam
1123 1425 1153 1476 et
1170 1418 1279 1478 Cllrs'str'

106 1515 261 1596 suppletur
279 1515 413 1596 confiten‘
425 1525 577 1594 cogunner.
623 1512 737 1578 Eodem
754 1518 841 1579 modo
856 1515 971 1600 quoties
989 1515 1094 1580 mulier
1109 1526 1276 1582 menstruos

108 1617 220 1680 buxus
242 1615 366 1700 patitur,
397 1615 597 1682 foedissimum
621 1616 701 1680 illum
725 1618 896 1702 sanquinem
919 1617 1072 1682 collectum
1098 1637 1155 1682 uua
1174 1639 1277 1684 omues

108 1715 293 1782 absorbent.
337 1719 436 1804 Atque
459 1717 506 1783 bic
529 1729 591 1800 est,
614 1718 768 1804 inquiunt,
792 1719 912 1804 sanquis
933 1713 1057 1784 Cbristi.

204 2019 369 2112 Propterea
385 2025 415 2090 in
431 2023 618 2112 Apoerypbis
634 2027 752 2112 legunt:
785 2031 850 2090 Vnde·
863 2027 992 2090 arborem
1007 2030 1277 2111 doodecdafinrtas
1296 2033 1355 2103 Gap.
1373 2036 1404 2090 v.

109 2131 437 2212 qumsmateas,
462 2141 491 2190 et
507 2133 584 2190 drmit
595 2131 678 2204 curbi,
703 2133 764 2192 Hoc
783 2141 827 2191 est
841 2133 949 2210 ἱιζιιιιι
965 2134 1049 2192 uetue-
1096 2125 1224 2214 ldipsum
1241 2133 1278 2196 de

111 2229 282 2294 menstruis
300 2229 454 2294 mulierum
473 2229 624 2316 profluviis
644 2231 885 2317 interpretantur.
931 2227 1091 2296 Caeterum
1112 2251 1177 2295 oum
1199 2232 1278 2296 inter

109 2351 186 2396 sese
208 2327 356 2396 Venerem
373 2343 552 2412 exerceant,
586 2332 695 2397 liberos
714 2344 812 2398 umen
827 2331 979 2418 suscipere
995 2331 1160 2418 probibent.
1204 2331 1275 2396 Nou

111 2435 198 2498 eninr
218 2432 306 2516 prolis
325 2435 439 2514 studio,
463 2436 515 2499 sed
536 2447 567 2500 ut
581 2433 692 2498 libidini
709 2455 782 2500 suae
800 2435 949 2514 serviant,
972 2433 1001 2498 ei
1020 2433 1205 2519 corruptelae
1224 2455 1275 2500 ra-

110 2545 198 2600 eant.
247 2531 424 2614 lta,nniseris
442 2535 607 2602 bominibus
627 2535 760 2601 diabolus
777 2536 887 2615 illudit,
919 2547 1041 2621 etopus
1060 2536 1107 2599 dei
1127 2535 1275 2602 fraudibus

109 2639 177 2702 sais
198 2635 376 2720 implicatum
395 2657 449 2722 per
468 2638 621 2704 ludibrium
639 2637 777 2704 traducit.
821 2635 952 2702 Proinde
969 2637 1013 2702 sin
1031 2636 1142 2700 libidini
1160 2639 1276 2702 catisla-

111 2741 202 2804 ‹a'ant
220 2758 308 2816 suae,
331 2749 364 2804 ut
378 2738 604 2825 impurissimum
620 2761 723 2806 semen
736 2741 768 2804 in
783 2740 899 2827 seipsos
913 2740 1072 2826 recipiant,
1096 2758 1190 2824 neque
1205 2740 1276 2804 illud

110 2843 149 2906 ad
165 2841 387 2927 propagandam
401 2840 533 2906 sobolem
548 2841 693 2922 emittant,
710 2844 762 2908 sed
776 2864 831 2907 sna
844 2844 900 2930 ipsi
917 2841 1093 2928 turpitudine
1105 2853 1273 2928 pascantur.

109 2941 209 3028 Quod
237 2943 263 3006 si
291 2943 366 3008 lortc
387 2944 531 3030 quispiam
554 2946 668 3010 excreti
692 2946 813 3010 seminis
836 2945 1046 3010 immissionem
1070 2946 1273 3024 anteverterit,

108 3055 142 3109 et
157 3065 207 3109 ex
224 3063 260 3106 eo
272 3045 390 3129 gravida
406 3048 484 3111 laeta
497 3046 537 3111 sit
550 3047 667 3127 mulier,
691 3047 757 3112 andi
771 3047 839 3132 quid
853 3048 967 3112 demum
981 3045 1155 3130 flagitiosius
1169 3067 1276 3130 aggre-

111 3147 253 3211 diantur.
303 3143 381 3211 Nam
402 3148 558 3213 informem
582 3149 676 3214 adbuc
704 3152 794 3214 letum
818 3170 859 3214 ex
881 3160 968 3214 utero
991 3149 1171 3226 detractum,
1203 3167 1275 3230 quo-

110 3267 248 3332 eunque
264 3246 301 3311 iis
319 3258 451 3334 tempore
469 3249 564 3314 visum
581 3261 644 3329 est,
676 3252 835 3330 infantem,
864 3251 1000 3335 inquam,
1033 3249 1186 3314 abortione
1207 3269 1275 3332 pru-

104 3351 230 3416 ieeturu
238 3346 282 3412 bn
306 3351 446 3415 mortario
462 3351 571 3437 pistillo
589 3353 724 3418 tundunt.
770 3348 827 3417 Cui
846 3353 883 3417 ad
899 3353 1046 3417 vitandam
1062 3369 1201 3414 nauseam
1218 3347 1276 3413 mel

103 3475 146 3518 ae
171 3451 263 3538 piper
284 3473 350 3517 uum
373 3450 439 3516 aliis
465 3453 646 3519 aromatibus
674 3465 705 3518 et
727 3455 885 3538 unguentis
909 3454 1084 3518 admiscent.
1138 3448 1216 3512 Tum
1242 3450 1273 3510 in

104 3576 208 3620 ιιιιιι
234 3553 355 3618 collecto
379 3575 533 3641 porcorum
557 3577 593 3620 ac
616 3575 720 3620 canum
742 3555 878 3620 sodalitio
896 3553 1097 3639 unnsquisque
1119 3571 1136 3614 e
1154 3550 1274 3614 commi-

102 3667 185 3722 mato
205 3653 342 3720 infantuli
360 3635 535 3742 oor'pusoulo
552 3657 644 3742 digito
661 3657 779 3722 delibat.
826 3654 878 3722 Sic
894 3655 1027 3721 humanis
1045 3651 1182 3718 carnibus
1199 3652 1275 3737 pasti

101 3759 147 3823 ad
163 3755 314 3822 orandum
332 3758 418 3823 deum
437 3781 505 3826 sesc
521 3771 714 3839 convertunt,
739 3770 786 3839 et,
811 3762 995 3840 Cupn'dr'tnu's,
1020 3753 1171 3840 inquiunt,
1189 3760 1273 3835 pratr-

101 3883 176 3942 αμ
196 3879 373 3940 mapsam
391 3863 471 3924 noba's
488 3865 595 3938 allant,-
617 3865 669 3925 sed
683 3867 759 3942 quod
771 3864 918 3923 eamdent
925 3861 1024 3943 fiatri
1039 3869 1137 3920 norbo
1156 3859 1273 3938 collega·-

101 3985 185 4026 aas.
237 3961 336 4044 Atque
351 3962 381 4026 id
399 3965 560 4048 perlectum
579 3983 645 4028 esse
662 3961 772 4049 puscba
789 3962 905 4026 dommo
921 3959 1105 4024 existimant.
1149 3955 1274 4022 Praeter

101 4067 187 4131 haee
205 4061 268 4126 alia
282 4060 401 4150 insuper
416 4066 479 4130 dire
493 4076 581 4150 utque
597 4065 766 4131 execranda
782 4061 977 4128 committunt.
1022 4057 1100 4126 Cum
1116 4061 1192 4124 enim
1207 4079 1272 4122 rur·

98 4188 161 4232 aas
182 4166 221 4230 in
237 4185 271 4228 se
287 4175 387 4230 mutuo
404 4167 539 4232 baccbari
559 4189 594 4232 ac
614 4169 712 4233 furere
729 4164 897 4251 coeperint,
928 4163 1074 4250 respersis
1092 4159 1272 4248 spurcissimi

100 4266 251 4334 bucria
267 4268 438 4353 prolusione
454 4269 587 4335 manibus
603 4278 800 4354 consurgunt,
824 4278 911 4351 atque
929 4267 971 4332 itu
987 4267 1119 4332 foedatas
1135 4273 1273 4348 gerentes

96 4421 161 4487 τῆς
176 4423 275 4472 uaeintt
288 4425 386 4474 mult.
422 4423 490 4484 Quot
505 4427 576 4474 ulons
591 4425 679 4476 comu-
714 4425 741 4472 tlt
755 4419 809 4485 „sic
826 4422 971 4490 congregati
987 4436 1073 4472 omnes
1088 4429 1222 4486 porcorum
1242 4429 1272 4463 ae

91 4496 161 4544 riu
169 4489 342 4553 ntem
353 4495 449 4554 cunm
461 4493 561 4554 mter,
574 4496 615 4556 qul
626 4505 680 4542 utr-
715 4507 803 4540 uuum
819 4489 909 4542 borum
925 4489 1044 4544 cotna“
1061 4491 1112 4538 cett.

163 4569 259 4626 Gom
272 4569 406 4618 mn
420 4571 450 4618 tr.
1031 4575 1069 4638 12
