3096 4988
313 370 451 423 raanan
467 371 531 427 nuo.
546 374 565 424 t.
581 371 663 424 non.
679 372 710 424 tt.
728 369 828 422 naso.
844 370 945 424 xxxa.
1148 363 1206 428 311

46 495 133 574 letus,
158 491 235 578 quod
254 503 285 556 et
304 491 402 558 lumen
417 490 535 570 dicitur,
558 487 729 558 Beatitudo.
778 488 1017 572 Ecclesiasticus,
1043 491 1205 580 Sapientia.

44 595 180 682 Bythios,
203 592 321 681 Mysis.
366 591 528 676 Ageratos,
553 590 642 657 Unio.
679 591 868 679 Autophyes,
891 593 1094 681 Temperatio.
1131 595 1205 664 Uni-

45 719 135 784 gena,
158 695 278 764 Unitas.
324 693 503 776 lmmohilis,
528 693 684 782 Voluptas.

127 798 214 883 Quod
241 800 265 864 si
291 797 490 866 successionis
515 796 619 864 ordine
646 817 803 864 numerare
826 797 919 878 velis,
951 820 969 862 a
995 819 1132 886 supremo
1153 803 1203 866 illo

44 925 94 966 nec
119 903 228 969 cllahili
245 899 355 981 Patre,
379 922 463 986 quem
482 899 600 988 Bydaon
619 901 789 980 nominant,
819 901 855 965 ad
873 901 1002 966 citimum
1019 924 1112 988 usque
1135 925 1203 968 coe-

42 1006 97 1068 lom
118 1004 295 1070 tricenarius
316 1025 455 1070 numerus
474 1004 529 1070 hoc
547 1004 633 1068 modo
651 1003 814 1087 colligitnrc
848 999 983 1090 Bythos,
1008 1002 1097 1090 Sige,
1120 1005 1200 1086 Nus,

44 1107 175 1188 Veritas,
200 1104 314 1192 Logos,
333 1105 414 1186 Vita,
438 1105 549 1186 Homo,
573 1103 738 1184 Ecclesiae,
763 1103 949 1186 Paracletus,
973 1104 1075 1187 Fides,
1099 1106 1201 1173 Pater-

43 1233 106 1290 oos,
133 1207 224 1296 Spes,
248 1207 418 1287 Maternus,
443 1204 594 1288 Charitas,
612 1207 720 1288 Ainus,
746 1205 885 1296 Synesis,
905 1207 1049 1274 Theletus
1065 1208 1202 1275 siveLu-

44 1334 118 1390 meu,
147 1310 317 1391 Beatitudo,
340 1309 588 1390 Ecclesiasticus,
612 1306 781 1396 Sapientia,
805 1307 950 1396 Bythios,
973 1309 1095 1392 Mistio,
1120 1313 1201 1398 Age·

42 1426 139 1493 ratus,
164 1411 261 1494 Unio,
285 1413 480 1500 Autophyes,
507 1411 717 1498 Temperatio,
742 1409 898 1496 Unigena,
921 1411 1039 1493 Unitas,
1064 1411 1200 1480 lmmohi·

42 1515 92 1596 lis,
116 1514 276 1602 Voluptas.

122 1618 280 1686 Eiusmodi
302 1629 349 1684 est
371 1617 496 1682 celebris
514 1617 564 1682 illa
583 1617 700 1702 triginta
717 1616 853 1682 Aconum
871 1617 986 1698 labala,
1010 1617 1197 1686 inanissima·
1217 1628 1277 1698 cap.
1290 1633 1334 1686 111.

43 1744 93 1806 que
110 1721 267 1809 spiritalis,
292 1731 324 1785 ut
337 1731 461 1801 vocant,
486 1719 689 1806 complementi
707 1719 854 1804 couningin.
901 1717 987 1803 Quae
1005 1722 1029 1787 si
1048 1722 1113 1807 quis
1133 1745 1197 1788 cum

43 1823 183 1904 llesiodi,
207 1820 372 1888 Stesichori
388 1823 572 1908 aliorumque
588 1820 769 1888 Graecorum
795 1832 945 1908 poetarum
971 1825 1075 1890 tabulis
1098 1828 1198 1890 conte·

42 1939 100 2007 rat,
123 1927 228 1992 eadem
247 1947 314 1992 cum
329 1923 388 1990 illis
404 1925 521 2012 penitus
538 1946 624 2002 esse,
650 1945 744 2010 neque
760 1926 817 1989 nlla
840 1925 870 1990 in
888 1947 921 1992 rc
936 1927 1103 2014 discrepare
1118 1951 1198 1992 oom-

42 2030 152 2114 pen'et,
185 2029 371 2113 indidemque
390 2039 552 2112 cognoscet
574 2027 645 2094 nihil
668 2027 746 2092 aliud
772 2049 839 2093 esse
861 2030 1055 2096 admiratione
1079 2031 1195 2116 dignum

42 2135 112 2216 qood
133 2132 185 2198 isti
203 2131 389 2196 mirificarum
408 2130 572 2197 haereseon
591 2131 759 2194 conditores
778 2130 857 2195 velut
872 2153 979 2196 arcana
997 2133 1138 2218 quaedam
1162 2155 1196 2196 ac

43 2235 181 2320 mysteria
199 2255 290 2320 penes
307 2255 339 2298 se
354 2255 421 2298 esse
438 2235 622 2320 prolitentor.
657 2231 741 2299 Nihil
756 2233 833 2298 enim
849 2234 925 2298 aliud
943 2235 997 2299 nisi
1011 2234 1194 2301 Graecorum

41 2339 171 2420 poeticas
194 2357 287 2422 nugas
310 2357 345 2400 ac
369 2337 521 2422 gentilium
545 2336 646 2400 deliria
671 2347 701 2400 et
722 2336 838 2400 inanem
859 2337 1010 2402 scientiam
1038 2359 1194 2424 expresso-

43 2451 123 2520 root,
149 2461 246 2525 neque
264 2441 416 2526 quicquam
434 2448 553 2524 praeter
568 2458 658 2502 noces
680 2439 874 2517 innovarunt,
899 2461 971 2523 quas
994 2441 1036 2505 illi
1060 2441 1194 2505 barbaris

42 2541 281 2627 appellationibus
297 2563 451 2628 perperam
468 2541 667 2604 detorserunt.
714 2537 758 2604 lta
776 2541 852 2605 enim
867 2541 916 2604 vel
929 2541 991 2626 ipse
1008 2543 1193 2628 philosopha-

43 2652 82 2706 tm
100 2643 266 2710 llesiodns.
311 2641 441 2711 Primum
462 2643 590 2707 omniurn
610 2639 709 2708 Chaos
727 2641 880 2723 extitisse,
905 2664 957 2728 pro
977 2665 1033 2727 quo
1054 2643 1094 2708 illi
1118 2642 1192 2710 Pro-

43 2745 155 2812 iuodoun
173 2746 366 2812 substituunt.
398 2743 509 2810 Secuta
526 2757 572 2809 cst
586 2743 671 2826 Nox,
689 2743 817 2824 Erchus,
835 2743 945 2825 Terra,
961 2745 1087 2825 Aether,
1104 2745 1189 2829 Dies,

42 2847 146 2929 Aaron,
174 2846 357 2930 Consilium,
386 2845 510 2928 Fatum,
534 2847 702 2926 Aerumna,
733 2845 848 2928 Casus,
877 2845 1034 2930 Nemesis,
1057 2847 1189 2932 Munius,

43 2949 196 3032 Amicitia,
227 2949 331 3032 Mors,
361 2948 514 3030 Licentia,
540 2947 703 3030 Senectus,
728 2948 804 3030 Ate,
827 2948 1032 3032 Desidenium,
1057 2949 1189 3035 Oblivio,

43 3047 178 3134 Somnos,
203 3051 317 3138 Pugna,
342 3049 521 3139 Lysimeles,
545 3051 748 3131 Contumelia,
772 3049 972 3139 Euphronios,
996 3055 1104 3139 Aegle,
1130 3053 1190 3120 Cu-

42 3175 129 3220 narum
147 3157 301 3236 solatium,
324 3154 433 3235 Fraus,
459 3153 650 3242 Hedymeles,
674 3153 739 3218 Lis.
787 3153 842 3218 llic
856 3153 904 3218 ille
922 3177 1060 3220 numerus
1079 3160 1188 3242 estqui

43 3259 155 3324 nanum
172 3260 404 3344 feminarumque
422 3259 591 3324 contionale
608 3257 686 3322 serie
704 3257 892 3320 tricenarium
914 3257 1010 3320 efficit.
1057 3255 1142 3339 Quod
1163 3259 1188 3322 si

43 3361 96 3440 quis
112 3361 355 3428 animadvertere
370 3361 442 3426 velit
457 3360 697 3446 quemadmodum
711 3359 758 3424 isti
773 3357 1000 3443 uniuscuiusque
1017 3381 1081 3422 cum
1094 3361 1187 3423 altero

44 3463 252 3548 copulationem
276 3463 446 3542 instituant,
476 3465 516 3526 ita
540 3463 701 3548 composita
726 3473 950 3547 comparataque
979 3461 1056 3524 inter
1083 3463 1187 3526 scilla

43 3577 197 3648 cognoscet
219 3567 458 3650 quemadmodum
476 3588 492 3630 a
513 3567 607 3652 poetis
624 3565 811 3628 constitutum
830 3564 962 3648 legimus.
1009 3563 1099 3640 Velut
1121 3587 1185 3629 curo

44 3683 75 3730 ex
88 3666 176 3754 Bythi
198 3689 263 3732 cum
278 3665 377 3734 Nocte
399 3690 434 3732 ac
453 3665 578 3734 Silentia
596 3667 802 3732 coniunctione
820 3679 1002 3752 procreatam
1021 3687 1087 3732 esse
1108 3667 1186 3734 Ter·

43 3787 93 3832 ram
108 3773 275 3851 affirmant,
299 3772 364 3850 vel,
390 3782 421 3836 ut
436 3770 502 3848 alii,
524 3767 666 3848 Coeluun,
691 3791 775 3854 quem
795 3780 824 3834 ct
843 3768 1042 3855 llyperioncm
1065 3784 1184 3837 vocant.

44 3865 227 3960 Eundemque
243 3895 308 3938 cum
333 3884 411 3940 terro
430 3873 592 3960 copulatum
612 3893 708 3936 mares
724 3873 903 3956 feminasque
920 3871 1075 3955 genuisse,
1099 3885 1185 3960 atque
1254 3859 1259 3873 ⁴

44 3971 75 4036 ita
95 3999 146 4062 per
171 3987 264 4042 totam
291 3975 416 4040 tabulam
440 3975 573 4040 omnihus
591 3975 732 4040 accidisse
747 3975 884 4059 reliquis,
915 3973 1076 4040 cuiusmodi
1100 3979 1185 4063 plone

45 4087 80 4137 est
95 4079 253 4166 nugatoria
276 4078 322 4141 illo
340 4077 428 4164 Bythi
448 4089 534 4163 atquc
551 4078 761 4142 inextricabilis
782 4076 916 4140 historia.
961 4075 1091 4144 Possunt
1112 4103 1184 4144 vcro

45 4175 106 4242 lune
126 4183 157 4245 io
185 4181 302 4244 modom
328 4183 391 4246 lere
416 4181 462 4245 illa
486 4181 563 4244 inter
585 4200 652 4243 sese
670 4199 721 4264 per
737 4179 871 4264 coniugia
891 4179 1037 4265 copulari:
1072 4179 1182 4260 Chaos,

44 4275 114 4362 Non,
138 4281 272 4362 Erehus,
296 4281 405 4363 Terra,
430 4282 556 4360 Aether,
579 4279 665 4362 Dies,
688 4280 772 4360 Nox,
791 4280 966 4361 Consilium,
985 4280 1102 4362 Fatum,
1123 4283 1183 4346 Ae-

44 4401 149 4467 romoa,
184 4381 299 4466 Casas,
328 4383 486 4464 Nemesis,
519 4381 656 4464 Momos,
681 4381 878 4466 Concubitus,
901 4381 1004 4464 Mors,
1033 4383 1180 4462 Licentia,

45 4523 163 4585 ἀλωῇ.
188 4520 235 4574 καὶ
251 4512 323 4581 οὗτος
339 4517 354 4575 ὅ
371 4521 416 4588 otc
430 4517 539 4589 ἀριθμὸς
555 4523 592 4571 ed.
661 4519 684 4571 7.
702 4513 757 4586 ἤδη
774 4523 825 4571 eod.
842 4523 896 4572 ten.

43 4592 102 4704 qeins
128 4589 174 4644 καὶ
189 4583 272 4652 οὕτως
287 4586 301 4644 ὁ
319 4587 364 4660 μὲν
379 4586 489 4657 ἀριθμὸς
504 4591 594 4642 cmpe-
629 4587 683 4708 γὸ-
703 4585 755 4658 lyco
775 4586 809 4656 δή
834 4587 920 4658 οἵαπερ
944 4584 964 4656 η’
981 4583 1117 4656 ἀπέραντος
1133 4594 1183 4643 cod.
