3096 4988
361 313 496 366 rnsnnu
513 313 575 365 tre
593 315 612 364 ι.
630 313 711 367 rom.
727 313 758 366 ιι.
776 311 876 366 uass.
891 311 980 364 xxx.
1187 299 1247 366 281

87 435 186 500 solum
205 433 271 498 illos
287 432 400 516 arguit,
432 433 508 517 qood
525 431 618 510 dixit,
646 438 681 496 ln
694 437 837 514 prrnmpm
854 445 917 496 eret
932 433 1062 507 verdum,
1092 444 1122 494 er
1135 434 1250 498 rer-dum
1261 443 1338 490 rom.
1352 445 1370 499 1,
1382 444 1400 488 ¹·

87 547 155 597 mt
172 540 249 617 apud
266 537 364 609 mum,
398 539 510 598 ardeus
528 547 593 597 erut
609 538 738 610 verdum,
771 555 874 599 verum
894 535 981 598 etiam
1000 534 1076 618 quod
1096 534 1201 618 quibus
1220 535 1250 598 iu

88 637 166 702 loeis
181 637 277 702 saneti
293 635 415 722 spiritus
426 636 567 702 instinoto
583 657 657 722 quae
672 659 689 702 a
707 634 827 702 emino
838 635 956 702 domiuo
971 638 1008 700 de
1021 635 1151 720 quolibet
1163 657 1250 720 argu-

87 751 192 804 mento
215 741 330 824 prolata
351 749 436 818 suut,
467 750 604 804 oeoumte
623 739 828 825 prosequitur,
858 737 1023 802 divinorum
1046 738 1251 823 prophetarum

90 840 272 906 testimoniis
288 839 396 918 utiturq
420 861 494 924 quos
510 841 551 905 illi
567 861 584 904 a
600 841 706 926 seipsis
721 840 935 905 adiudioarunt.
980 838 1046 904 lloo
1060 840 1137 903 euim
1152 839 1250 904 statim

91 943 177 1007 initio
196 943 396 1022 demonstrat,
420 939 560 1006 loannem
578 942 732 1028 baptistam
747 942 785 1006 iis
802 962 876 1026 quos
893 941 928 1005 ad
945 961 979 1006 se
995 938 1145 1006 Pharisaei
1163 940 1252 1004 mise·

92 1056 161 1110 rant
176 1044 378 1126 respondisse,
402 1048 467 1124 Ego
481 1067 536 1108 aas
550 1047 698 1108 οἱαιιαιιιιὶι
713 1050 743 1106 e'n
757 1049 885 1119 deserto,·
909 1047 1026 1124 dri-agile
1040 1047 1112 1104 mum
1127 1047 1248 1118 domnini3
1260 1047 1403 1104 Melet&

91 1154 169 1210 aiem
190 1150 262 1209 deest
280 1151 373 1208 lentim
387 1150 536 1226 propheto.
585 1145 700 1212 Deinde
720 1145 823 1210 iisdem
845 1166 884 1209 ex
905 1145 1052 1232 prophetis
1074 1143 1150 1208 aliud
1169 1143 1253 1208 testi·
1295 1197 1310 1207 .

93 1249 226 1312 monium
245 1245 372 1312 loarrues
390 1246 522 1325 adduoit,
546 1249 682 1314 nimirum
699 1269 739 1314 ex
757 1246 890 1326 Doride,
913 1269 977 1310 oum
997 1247 1130 1310 dominos
1149 1267 1253 1310 numu·

93 1352 235 1414 lariorum
258 1369 374 1414 mensas
397 1351 522 1428 evertit,
553 1373 588 1414 ao
609 1351 701 1428 dixit,
730 1352 829 1412 Nolite
839 1353 943 1431 suoere
962 1354 1072 1410 damma
1086 1353 1181 1430 pom's
1196 1353 1254 1412 mei
1263 1355 1402 1412 romara.

92 1458 205 1516 donnum
228 1456 439 1532 ugonua'ona's.
488 1449 662 1516 Meminisse
681 1450 758 1516 enim
781 1452 823 1515 ait
836 1450 986 1537 apostolos
1001 1451 1078 1534 quod
1098 1463 1163 1514 erat
1180 1451 1253 1514 sori·

94 1565 195 1638 ptum,
226 1557 430 1616 lemannus
449 1565 514 1617 tune
530 1557 648 1616 eomedit
665 1575 717 1617 nne.
764 1555 811 1618 Ao
830 1575 946 1618 rursum
967 1552 1043 1618 idem
1064 1549 1189 1616 loannes
1209 1552 1254 1618 sie

92 1656 242 1740 loquiturs
266 1659 345 1718 Vatia
363 1660 455 1719 lem'ar
475 1660 505 1716 e’n
525 1659 629 1736 sperula
649 1667 757 1718 sonmo.
1260 1659 1404 1717 tonantur.

183 1961 346 2028 Praeterea
363 1981 428 2024 oum
446 1961 476 2025 in
494 1961 567 2026 Asia
583 1959 776 2046 praedicando
795 1960 842 2026 dei
859 1961 951 2024 uerbo
969 1961 1044 2026 idem
1063 1958 1216 2026 loannes'
1208 1983 1253 2024 ιιι-
1288 1967 1347 2033 cop.

95 2067 231 2144 sisteret,
250 2074 286 2128 ut
298 2062 399 2147 quanti
410 2062 522 2126 veritas
537 2063 601 2126 lieri
617 2064 737 2127 deberet
752 2063 887 2148 exemplo
901 2083 956 2127 suo
972 2064 1097 2146 posteris
1110 2062 1254 2180 praesepi·
1230 2036 1365 2087 ''XXW
1434 2049 1439 2058 ⁸

96 2171 201 2244 beret,
233 2165 338 2230 mirum
364 2164 498 2248 quiddam
521 2176 552 2228 et
573 2164 742 2229 inusitatum
770 2165 868 2248 egisse
889 2165 1033 2249 proditur.
1079 2160 1154 2229 Cum
1178 2165 1253 2228 euim

96 2271 178 2332 vitae
197 2267 360 2332 institutum
381 2276 495 2330 teneret
513 2267 597 2352 plene
617 2266 804 2343 admirabile,
836 2267 921 2350 eique
941 2287 1027 2350 quam
1047 2266 1170 2345 gerebat
1186 2287 1256 2351 apo-

95 2371 222 2434 stolieae
242 2368 376 2454 dignitati
394 2379 642 2446 consentaneum,
674 2368 747 2432 adeo
771 2378 803 2432 ut
821 2389 967 2451 nunquam
988 2367 1108 2431 omniuo
1129 2368 1254 2447 leuaret,

94 2471 255 2556 aliquando
273 2480 371 2534 mmeu
388 2471 482 2533 saneti
498 2469 618 2555 spiritus
634 2469 759 2554 impulsu
775 2470 811 2533 nd
827 2468 947 2534 balneas
965 2469 1119 2554 prodiens,
1143 2473 1252 2550 Capite,

96 2573 195 2657 inquit
208 2573 245 2636 ad
261 2593 349 2650 suos,
373 2593 445 2652 pune
459 2576 498 2634 ad
512 2575 640 2635 balneum
655 2577 814 2634 necessariis
828 2583 905 2634 aunt.
951 2569 1130 2635 Mirantibus
1144 2571 1203 2635 illis
1219 2571 1254 2634 ad

98 2675 280 2740 lavationem
301 2673 446 2758 perrexit.
490 2671 566 2738 Tum
584 2673 620 2736 ad
638 2693 705 2736 eum
722 2673 770 2756 qui
788 2673 946 2737 lavantium
962 2674 1138 2738 vestimenta
1153 2693 1257 2738 serva·

99 2778 151 2842 bat
165 2778 313 2840 aceedens
326 2775 391 2859 quis
405 2774 483 2838 intra
495 2775 629 2840 balineum
643 2784 723 2838 esset
735 2774 940 2858 interrogavit.
969 2776 1011 2838 At
1025 2776 1153 2841 oleariua
1166 2775 1256 2838 idem·

98 2898 158 2964 que
174 2878 302 2942 vestium
317 2886 418 2941 eustos
433 2877 524 2956 (hano
539 2877 616 2940 enim
632 2897 750 2962 operam
767 2875 895 2960 plerique
909 2877 1004 2944 uiotus
1019 2877 1177 2961 quotidiani
1190 2897 1258 2960 gra·

99 2983 142 3044 tia
167 2981 198 3044 iu
223 2978 385 3063 gymnasiis
413 2981 579 3062 praestant)
603 2975 707 3042 loanni
732 2979 882 3062 respondit
903 2975 1047 3044 libionem
1073 2980 1153 3044 intus
1175 2997 1256 3042 esse.

101 3083 171 3166 Quo
187 3081 290 3145 audito
303 3079 401 3144 statim
418 3079 567 3144 intellexit
581 3099 720 3164 quorsum
737 3079 805 3144 illue
824 3079 917 3164 ipsum
935 3079 1055 3164 spiritus
1073 3089 1193 3143 sanutus
1207 3079 1258 3140 ad-

100 3184 258 3259 duxisset,
282 3191 312 3245 et
329 3193 360 3244 ut
377 3182 498 3245 balneas
514 3181 609 3244 adiret
628 3192 709 3246 esset
726 3181 876 3260 hortatus,
901 3181 1036 3245 nimirum
1056 3181 1091 3244 ad
1110 3198 1258 3243 sommen-

101 3286 246 3360 dandam,
277 3294 308 3346 nt
331 3283 410 3362 dixi,
440 3282 505 3348 eius
527 3284 570 3346 rei
589 3283 777 3360 memoriam,
807 3303 843 3345 ae
862 3283 1047 3347 verissimum
1066 3281 1135 3344 illud
1153 3281 1258 3360 dogma
1307 3305 1310 3312 ·

100 3387 344 3470 relinquendum,
368 3395 399 3446 ut
413 3385 530 3467 quinam
549 3395 650 3448 essent
665 3381 776 3449 Christi
791 3383 871 3448 servi
889 3393 919 3448 et
934 3383 1057 3468 apostoli
1073 3403 1108 3445 ao
1123 3377 1258 3444 veritatis

101 3487 155 3552 lilii
174 3489 346 3551 disoermre
365 3506 536 3570 possemus,
561 3486 676 3571 quinam
695 3507 711 3550 e
729 3487 878 3550 contrario
895 3484 961 3548 mali
979 3483 1129 3548 daemonis
1148 3482 1259 3546 iustru-

101 3601 214 3668 menta,
237 3591 446 3672 inferorumque
454 3601 566 3668 portua
590 3611 662 3670 quoe
673 3611 763 3670 neque
774 3599 895 3668 penam,
919 3607 1007 3667 neque
1021 3590 1050 3646 r'n
1063 3587 1281 3703 assumtum
1271 3607 1311 3650 ιιι
1312 3605 1354 3650 ιιι

101 3715 138 3754 oe
151 3693 308 3756 :mittem
321 3693 466 3752 malesanae
480 3709 621 3776 superare
637 3701 769 3776 possent.
800 3687 895 3772 igitur
910 3684 1036 3751 loannes
1050 3697 1171 3772 repente
1186 3660 1295 3751 oon-¹⁸

102 3793 255 3872 turbatus,
286 3802 372 3875 atque
389 3792 586 3874 ingemiscens
603 3792 725 3870 leniter,
755 3803 787 3855 ut
805 3791 841 3856 ab
859 3787 993 3853 omnibus
1011 3798 1107 3853 tamen
1124 3789 1259 3854 exaudiri

104 3906 224 3981 posset,
259 3895 347 3978 idque
367 3893 499 3976 integrae
521 3915 556 3958 ao
578 3894 714 3958 sineerae
735 3893 886 3957 doetrinae
910 3889 1106 3954 testimouium
1127 3901 1257 3972 extaret,

104 4003 269 4078 Properate,
285 3999 410 4078 fratres,
432 3994 537 4079 inquit,
554 3998 685 4058 remmus
700 3999 777 4069 dane,
797 4019 833 4058 ne
846 3996 1131 4068 dalneooooner‘dnnt,
1155 4004 1183 4055 et
1196 4015 1259 4056 eum

102 4101 229 4172 unum,
261 4103 313 4178 pur·
331 4103 408 4162 mmo
428 4110 486 4172 est,
518 4099 553 4160 ob
574 4103 634 4160 mus
658 4101 824 4178 impetrarem
846 4098 1009 4158 ndmmmm.
1054 4092 1161 4178 Neque
1186 4113 1259 4158 vero

103 4201 206 4264 ruirari
227 4199 379 4284 quisquam
400 4200 503 4277 debet,
534 4201 600 4264 dum
620 4198 716 4262 Elios
734 4197 900 4262 oeeurrisse
918 4195 1023 4264 loanni
1041 4195 1157 4261 dieitur.
1201 4192 1260 4257 ldie

104 4303 182 4366 enim
202 4301 252 4365 diu
269 4303 422 4366 admodum
438 4301 532 4382 vixit,
564 4311 595 4364 et
609 4301 646 4366 od
662 4298 785 4365 Traiani
802 4300 938 4385 pervenit
953 4299 1116 4385 imperinm.
1162 4293 1259 4360 Porro

102 4425 163 4468 non
181 4401 310 4468 loannes
327 4403 432 4486 modo,
455 4403 507 4470 sed
527 4414 556 4468 et
572 4423 674 4468 omues
689 4423 810 4488 prorsus
826 4401 951 4489 apostoli
967 4399 1090 4466 Ebionis
1110 4399 1194 4464 fidem
1211 4418 1259 4464 re·
