3072 4986
338 319 383 369 sn
401 318 902 372 mrsrouansacscnrrnaunr.
1153 305 1193 373 et

139 435 177 500 Χ.
206 436 295 502 Primi
322 449 393 502 snnt
414 435 576 516 Gortboni‚
608 438 657 522 qui
675 439 768 504 lostos
789 439 851 504 dics
875 439 941 504 aliis
959 459 1043 523 mann
1062 435 1193 504 Hebraei

79 538 225 624 tenporibus
246 539 388 604 indicunt.

137 657 190 722 xl.
219 658 278 721 alti
296 653 443 738 Sebuaei‚
468 657 515 742 qni
530 657 705 722 obeundam
724 660 865 724 lestorum
881 659 991 724 dicrum
1006 660 1191 725 occasionem

77 760 240 824 adortbenis
261 761 448 824 dissentiunt.

136 876 204 943 llll.
234 877 328 941 Tertii
345 888 414 941 sunt
428 875 553 958 Esseni,
577 877 623 964 qui
642 879 738 942 neutri
758 879 832 963 parti
853 891 1033 964 repugnant,
1055 879 1107 946 sed
1124 903 1189 945 cum

74 981 99 1043 iis
114 982 139 1043 in
155 1002 223 1065 quos
239 981 395 1043 inciderint
411 981 474 1044 sine
489 980 548 1043 ullo
563 980 730 1044 discrimine
745 983 820 1044 festa
836 992 989 1067 peragunt.

132 1097 219 1164 xlll.
251 1097 399 1164 Postremi
423 1111 489 1162 sunt
508 1095 662 1180 Dositbei,
692 1099 740 1184 qui
761 1099 862 1164 iisdem
886 1100 990 1186 quibus
1012 1097 1191 1166 Samaritani
1235 1181 1238 1186 Ι

70 1201 187 1266 institutis
202 1212 334 1279 utuntur,
359 1201 621 1280 circumcisionem,
645 1199 809 1282 sabbatum,
832 1224 867 1266 ac
884 1213 1014 1282 caetera,
1034 1200 1190 1286 itidemque

70 1301 276 1367 pentateuchum
294 1302 442 1366 adhibent.
479 1299 642 1388 Praecipue
662 1324 746 1382 vero,
769 1325 804 1367 ao
821 1326 891 1389 pree
906 1303 1025 1389 reliquis
1042 1303 1188 1383 omuibus,

67 1405 107 1467 ubi
121 1406 157 1468 ab
179 1403 313 1468 asiiunatis
332 1414 513 1490 temperant,
537 1426 571 1468 ac
590 1415 729 1490 perpetuo
746 1407 809 1468 lere
826 1406 969 1470 ieiunant.
1015 1403 1092 1469 Sunt
1112 1405 1191 1470 iuter

68 1507 113 1570 illos
129 1507 178 1592 qui
193 1507 388 1590 virginitatem
405 1506 515 1582 colunt,
538 1504 587 1570 alii
607 1506 827 1570 continentiam.
874 1505 1107 1572 Resurrecturus
1124 1527 1191 1572 esse

65 1621 176 1673 uortuos
194 1610 332 1688 creduut3
356 1609 431 1693 quod
449 1629 466 1672 a
483 1605 735 1674 Samaritanorum
753 1609 889 1694 dogmate
910 1607 1060 1674 abhorret.

125 1725 300 1792 ludaeorum
323 1740 421 1792 sectae
444 1747 566 1792 numeru
587 1725 666 1793 Vll:

123 1843 217 1909 xlv.
250 1846 296 1910 Ac
320 1847 413 1930 primu
431 1843 573 1926 Scribac,
604 1846 677 1931 legis
697 1847 782 1933 periti
801 1856 831 1910 et
847 1847 1053 1925 traditionum,
1077 1867 1148 1931 quas
1171 1869 1189 1912 a

62 1947 203 2012 naioribus
217 1958 396 2033 acceperant
408 1944 607 2031 (droreqoicese
622 1947 793 2031 vocabant),
813 1949 1020 2014 observatores
1035 1950 1129 2028 luere,
1155 1969 1189 2012 no

59 2049 115 2112 ritus
139 2070 245 2114 omues
266 2049 499 2135 superstitiosius
521 2050 646 2114 cacteris
669 2049 893 2134 diligentiusque
914 2061 1087 2130 tenueruntq
1117 2071 1190 2134 quus

59 2169 134 2214 acne
160 2153 227 2235 lege
247 2152 426 2230 didicerant,
451 2153 502 2214 sed
521 2151 710 2237 sibimetipsis
733 2163 867 2238 tanquam
887 2152 1016 2221 iustitiae
1033 2153 1107 2237 legis
1129 2153 1190 2216 siu·

56 2254 159 2332 gulares
184 2255 336 2318 culturae
361 2254 543 2318 ceremonias
564 2255 745 2318 indixerant.

121 2370 202 2436 XV.
235 2369 406 2451 Pharisaei,
430 2393 502 2456 qnos
518 2369 698 2458 segregatos
717 2373 903 2458 interpretari
920 2372 1033 2459 possis,
1057 2374 1105 2456 qui
1120 2391 1188 2436 san·

53 2475 201 2538 ctissimam
219 2474 298 2536 vitae
317 2475 458 2537 rationem
475 2477 599 2559 professi
615 2475 758 2560 probitate
776 2474 902 2538 caeteris
919 2473 1095 2538 antecellere
1107 2475 1188 2538 vidc-

50 2573 155 2638 lautur.
202 2572 387 2638 Mortuerum
404 2577 477 2660 apud
496 2577 561 2640 illos
579 2577 769 2655 resurrectio,
792 2587 825 2640 ut
840 2587 870 2639 et
886 2577 961 2662 apud
978 2571 1115 2655 Scribas,
1138 2577 1188 2638 de·

51 2676 183 2740 tenditur.
230 2673 320 2740 iidem
339 2677 460 2762 angelos
479 2699 513 2741 ac
528 2676 661 2762 spiritum
677 2687 807 2742 sanctum
827 2698 893 2742 csse
910 2699 968 2742 nun
984 2689 1104 2762 negant.
1134 2675 1189 2742 Vi-

48 2789 80 2840 ‘ae
103 2777 254 2843 eximium
281 2778 443 2843 institutum
472 2800 540 2863 prae
565 2800 598 2843 sc
623 2781 730 2844 lerunt.
776 2775 994 2844 Continentiam
1019 2791 1129 2844 certum
1152 2781 1188 2843 ad

47 2890 174 2966 usipus,
199 2901 235 2942 ac
251 2881 447 2963 virginitatem
468 2902 581 2965 qunque
597 2881 768 2967 suscipiunt.
814 2879 865 2944 Bis
883 2879 1060 2946 bebdomada
1075 2902 1188 2966 quaque
1201 2899 1294 2962 nuans,
1306 2905 1338 2952 ιι

45 2981 197 3060 ieiunare,
221 3001 326 3045 urceus
350 3004 384 3044 ao
400 2983 497 3046 discos
513 2994 542 3046 et
560 2983 663 3068 pocula
678 2983 794 3068 saepius
815 2983 931 3062 eluere,
955 2995 987 3046 ut
1006 2994 1033 3046 et
1052 2979 1186 3062 Scribnc,

44 3085 121 3148 alisi.
175 3083 227 3146 Ad
245 3083 316 3146 baec
330 3083 456 3148 decimas
472 3083 654 3169 etprimitias
669 3085 789 3164 ollerre,
808 3085 925 3148 assidue
941 3085 1065 3171 precari,
1090 3096 1188 3150 certos

41 3189 126 3250 auus
146 3207 188 3249 ac
203 3186 408 3270 superstitiosa
417 3187 656 3250 vestimentorum
673 3205 782 3268 genera
800 3186 944 3251 curiosius
962 3187 1119 3266 allectareq
1137 3207 1187 3250 cu·

42 3289 163 3351 anoni
181 3299 253 3351 sunt
267 3289 449 3367 dalmaticae,
473 3309 507 3351 ac
523 3286 649 3366 colobia,
674 3297 702 3350 el
717 3287 821 3351 latiora
839 3290 977 3371 quaedam
996 3288 1186 3373 phylacteria,

36 3409 77 3454 tac
91 3401 150 3455 est
163 3400 334 3473 segmenta,
359 3388 543 3475 fimbriaeque
561 3409 733 3474 purpureae,
749 3409 782 3451 ac
799 3390 997 3472 malogranata
1013 3392 1047 3453 ad
1062 3389 1186 3456 vestium

36 3513 91 3556 sas
119 3512 282 3576 appensa,
306 3511 380 3574 quae
397 3492 587 3576 temporariae
609 3489 686 3553 illius
712 3490 907 3554 continentiae
932 3491 1015 3572 signu
1039 3491 1188 3574 praefere-

35 3607 103 3659 aut.
165 3591 262 3656 lidern
285 3603 433 3674 postremo
454 3613 580 3676 geneses
602 3613 636 3656 ac
659 3593 748 3655 latum
771 3591 1002 3656 introducebant.

97 3708 215 3778 xvi.
240 3709 419 3776 Sadducacis
434 3711 469 3774 ab
486 3695 672 3774 exactissima
688 3710 798 3775 iustitia
813 3731 918 3776 nomen
935 3719 991 3773 cst.
1025 3706 1084 3793 Qui
1100 3731 1117 3773 c
1131 3706 1187 3776 Sa·

35 3819 252 3879 saritanorum
277 3833 387 3896 genere
407 3833 424 3875 a
445 3813 597 3876 sacerdote
622 3813 744 3896 quodam
768 3809 865 3876 Sudoc
892 3822 985 3875 ortum
1012 3812 1185 3877 babuerunt.

35 3915 230 3983 lortuorum
246 3916 491 3980 resurrectionem
506 3915 653 3977 damnant.
700 3913 845 3999 Angelum
861 3933 896 3976 ac
909 3913 1041 4000 spiritum
1059 3914 1187 3978 lunditus

35 4032 135 4104 »gant
148 4065 162 4094 ‚
192 4026 314 4080 caetera
336 4012 509 4080 ludaeorum
531 4014 653 4079 similes.

92 4115 232 4187 XVll.
265 4115 535 4204 Hemerobaptistae
556 4117 626 4180 nibil
644 4118 680 4181 ab
699 4113 816 4182 ludaeis
833 4129 1035 4203 praeterquam
1052 4117 1106 4182 boc
1129 4139 1187 4180 uno

38 4329 77 4380 ¹l.
99 4325 152 4382 δὲ
171 4325 229 4374 cod.
241 4326 304 4386 Ven,
320 4325 466 4386 etlnecepb.
482 4325 555 4385 Vclpo
566 4338 603 4373 re.
635 4324 716 4372 ierom
754 4327 797 4374 Via
810 4325 890 4373 dubito
911 4326 967 4386 quin
986 4326 1016 4372 sit
1032 4322 1188 4383 nponendern

38 4408 78 4446 τι
99 4389 172 4450 διὰ
184 4395 348 4456 amoenat,
364 4397 385 4442 ct
399 4392 516 4440 codl'erc
530 4392 603 4454 i'utqo
635 4387 730 4452 πάντα,
746 4403 806 4454 quur
820 4393 934 4442 uocabulo
952 4391 1016 4440 baud
1028 4403 1085 4439 roro
1097 4391 1121 4438 in
1135 4395 1188 4440 cett.

35 4481 49 4512 ⁶.
78 4469 188 4525 Neque
205 4462 234 4510 id
247 4465 306 4511 recte
321 4462 431 4511 conuertit
442 4461 560 4509 Pclcuics.
633 4462 803 4510 membranicu
825 4461 928 4510 librariis
950 4459 1048 4519 confuse
1063 4457 1188 4520 omnn-

35 4533 72 4584 ·3.
97 4529 218 4583 ταῦτα
234 4530 318 4590 irpitsrr
335 4531 407 4578 elium
424 4529 449 4577 in
463 4527 600 4590 uacuato-
633 4528 729 4579 damur.
