3110 4984
351 289 486 342 ransart
502 291 566 342 Llll.
576 289 596 340 1.
612 289 695 343 TOhl.
711 289 743 341 ll.
762 289 859 342 HARR.
872 289 971 344 XXIV.
1182 285 1240 344 i‘l5

18 371 19 406 ἢ
92 421 144 476 tota
157 407 270 476 Christi
287 409 348 475 vita
363 409 674 494 administretioueqne
689 408 821 474 cernitur
836 411 912 495 quod
929 432 945 475 a
962 412 1169 498 prophetarum
1189 437 1241 478 vn-

18 527 19 618 q
92 513 194 578 tioiniis
213 513 384 578 abhorreat.

165 718 268 782 Aede
286 713 488 781 Saturniliana
506 715 622 780 haeresi
640 713 798 797 haetenus,
829 737 867 780 ue
884 716 914 780 iu
933 716 1047 781 stolidis
1065 719 1129 782 eius
1150 741 1240 804 quee-
1259 717 1386 786 canen.

89 821 229 884 itionibus
245 839 405 902 eurumque
422 819 599 882 refutatione
616 828 730 902 tempus
745 829 907 882 conteram.
943 817 1008 884 liae
1026 820 1117 904 igitur
1132 823 1241 886 omissa

18 907 19 986 ζ
90 923 223 1007 deinceps
237 922 275 984 ad
294 917 442 984 anilidae
459 919 650 1004 condiscipuli
668 920 746 984 illius
769 929 800 984 et
815 921 926 984 erroris
940 922 1013 985 souii
1032 922 1167 987 haeresin
1187 945 1241 988 ex-

90 1025 246 1112 plicandam
265 1043 313 1088 me
328 1024 490 1087 eouieram.
534 1022 634 1086 tuto
650 1022 756 1106 quippe
778 1023 946 1087 eorumdem
963 1023 1130 1108 dogmatum
1152 1029 1242 1109 purti-

90 1129 175 1212 eipss,
200 1125 314 1190 reluta
330 1145 364 1188 se
379 1125 505 1188 invisens
522 1143 636 1188 venene
651 1124 773 1188 mutuati
789 1134 870 1202 sunt,
888 1125 929 1188 uti
945 1125 1129 1189 notissimum
1147 1129 1242 1190 nunni-

90 1229 137 1292 bus
156 1226 348 1312 proverbium
366 1225 470 1290 habeta
503 1225 659 1310 Tanquam
684 1225 763 1312 aspis
785 1247 804 1290 a
823 1227 924 1311 vipera
945 1237 1045 1291 mutuo
1065 1228 1146 1292 virus
1163 1231 1242 1292 aoei-

91 1333 178 1416 piens.
229 1327 368 1392 Eiusdem
388 1327 465 1391 enim
489 1327 608 1391 aoholae
631 1327 710 1407 iuter
728 1348 761 1392 se
780 1338 849 1393 suut
872 1349 907 1393 eo
923 1349 1101 1409 eousessus,
1127 1332 1242 1394 tametsi

90 1431 279 1518 unuquisque
297 1430 416 1494 lundata
433 1429 551 1494 haeresi
568 1430 724 1514 seperatim
744 1430 922 1494 eonstiterit.
965 1425 1065 1512 Quare
1083 1431 1241 1516 nequitiam

90 1536 177 1620 ipsam
196 1555 215 1597 a
233 1553 267 1597 se
285 1542 384 1595 mutuo
401 1541 613 1615 surrogarunt,
637 1531 850 1595 dissensionem
869 1551 942 1595 vero
965 1532 1041 1616 apud
1059 1551 1092 1595 se
1107 1531 1242 1616 privatim

90 1638 288 1700 instituerunt.
333 1629 394 1697 Sed
413 1633 477 1696 sive
498 1633 580 1718 prior
597 1633 653 1696 iste
670 1633 790 1717 viperae
810 1634 904 1697 instar
925 1635 1001 1718 quod
1018 1633 1054 1698 ah
1071 1645 1242 1700 antecesso-

90 1739 167 1802 ribus
189 1737 331 1801 hauserat
350 1734 379 1798 id
404 1733 435 1798 iu
454 1731 605 1798 Basiliden
626 1735 801 1812 transfudit,
826 1735 891 1799 sive
912 1735 960 1799 hie
980 1736 1010 1798 in
1034 1735 1114 1799 illum
1131 1737 1241 1822 potius,

90 1862 151 1904 eum
174 1850 205 1904 et
230 1837 317 1902 letale
340 1837 380 1902 sit
394 1857 541 1900 venenum
567 1846 598 1900 et
620 1836 656 1901 eb
675 1837 839 1901 istiusmodi
863 1836 1050 1922 serpentibus
1068 1839 1240 1923 prudentum,

91 1939 198 2006 Christi
220 1939 330 2004 domini
348 1937 480 2002 doetrina
503 1938 583 2002 velut
601 1937 733 2002 antidoto
752 1950 925 2004 enervatum
946 1959 963 2002 a
989 1939 1074 2003 nobis
1099 1949 1130 2004 et
1144 1942 1242 2004 extio-

90 2055 163 2107 etum
180 2041 392 2126 relinquemus.
437 2037 516 2104 Tum
532 2040 686 2127 implorato
703 2041 750 2105 dei
766 2041 878 2106 auxilio
895 2041 931 2106 ad
946 2040 1092 2125 reliquas,
1116 2063 1134 2104 o
1151 2043 1243 2106 earis-

89 2143 170 2223 simi,
194 2144 336 2210 haereses
358 2139 522 2206 orationem
544 2142 794 2228 promovebimus.

256 2364 531 2443 GON'I'RA
564 2365 1076 2459 BASILIDIANOS,

328 2509 410 2582 quae
433 2491 486 2560 est
509 2485 657 2561 haeresis
674 2485 755 2578 lv,
781 2484 853 2561 sive
871 2485 998 2560 XXIV.

168 2636 316 2704 basilides
330 2637 436 2721 igitur,
460 2647 493 2702 ut
511 2648 597 2701 aomo
616 2635 762 2715 diximus,
785 2635 814 2700 iu
831 2633 1000 2722 Aegyptum
1018 2638 1168 2723 proleotus
1186 2635 1240 2702 ibi·
1259 2641 1318 2712 cap.
1335 2645 1356 2695 t.

88 2741 148 2806 dem
169 2749 372 2804 commoratus
395 2750 452 2803 est.
497 2737 570 2803 lude
587 2739 616 2802 iu
632 2736 864 2824 Prosopitioam,
888 2749 919 2802 et
934 2738 1139 2804 Athribitioam
1157 2762 1242 2825 prae·

89 2845 229 2908 lemurum
248 2840 390 2920 sesessit,
421 2851 508 2926 atque
533 2841 620 2904 etiam
647 2840 676 2904 iu
694 2837 807 2906 Saitica
831 2850 861 2904 et
879 2839 1083 2906 Alexandriae
1104 2855 1264 2935 versutus¹

88 2957 144 3026 eat,
167 2944 201 3008 in
221 2941 487 3028 Alexandriaeque
508 2963 596 3027 egro,
627 2942 692 3007 sive
713 2961 813 3007 numu.
858 2939 911 3008 Sio
930 2943 1008 3008 euim
1026 2941 1167 3030 Aegyptii
1189 2965 1242 3010 ou·

87 3045 187 3132 imque
208 3043 340 3110 eivitatis
361 3065 463 3130 agrum
482 3065 518 3110 ae
534 3045 789 3108 oiroumieoentem
805 3043 956 3128 regionem
975 3043 1139 3109 nominant.
1184 3047 1241 3108 At-

87 3169 137 3230 que
159 3148 218 3212 hos
236 3147 368 3231 quisquis
384 3167 417 3212 es
435 3146 587 3224 doetrinae
603 3145 723 3231 oupidus
742 3146 778 3209 ad
800 3167 883 3210 usum
901 3155 982 3210 tuum
1002 3145 1140 3226 babebis,
1163 3149 1240 3230 quod

86 3260 113 3312 et
126 3251 163 3314 ad
180 3248 395 3328 eruditionem,
419 3257 450 3312 et
468 3250 503 3313 ad
523 3248 714 3333 quorumdam
731 3248 862 3312 loeornm
878 3248 1115 3333 perspicuitatem
1139 3247 1237 3324 laniat,

85 3374 137 3436 quo
154 3349 302 3416 nonnulla
317 3371 392 3434 quae
410 3349 440 3412 in
457 3350 552 3415 saeris
571 3350 664 3414 literis
682 3350 790 3436 seripta
810 3361 897 3428 suut,
920 3361 950 3413 et
966 3349 1136 3434 quibusdam
1153 3367 1239 3433 prop-

85 3463 126 3516 ter
137 3451 290 3519 insuitiam
307 3451 515 3516 dubitationem
531 3449 677 3531 iuiioiuut,
690 3451 840 3536 religiose
857 3452 1023 3516 oonlirruari
1039 3448 1239 3535 explicarique

85 3557 208 3638 possint.
255 3549 439 3638 Ubicumque
456 3553 535 3618 enim
553 3552 628 3639 apud
654 3550 760 3618 isaiam
786 3553 956 3638 prophetam
980 3551 1016 3614 de
1037 3550 1164 3615 eivitatis
1185 3553 1239 3615 ali-

84 3655 298 3733 suaseonis,
322 3664 390 3740 puta
405 3653 544 3735 Tonsos,
567 3652 734 3740 Memphis,
757 3655 806 3719 vel
821 3651 998 3730 Bubastiuo,
1029 3653 1168 3738 seriptum
1186 3654 1239 3718 ali-

84 3759 147 3840 quid
163 3755 315 3845 reperies,
336 3756 460 3842 idipsum
478 3777 519 3822 ex
532 3756 749 3842 Aegyptiorum
768 3777 850 3820 more
868 3755 1122 3820 oiroumiaoentem
1141 3757 1238 3822 ouius·

84 3881 207 3946 eumque
220 3857 352 3926 civitatis
367 3879 471 3943 agrum
486 3857 649 3942 signifieat,
680 3859 756 3944 quod
773 3855 946 3922 eruditionis
964 3875 1070 3920 caussa
1086 3856 1238 3922 declarare

83 3963 241 4028 voluimus.
288 3957 441 4024 Eiusmodi
464 3960 554 4045 igitur
577 3960 606 4024 iu
628 3959 701 4024 loeis
719 3959 763 4038 is,
793 3981 879 4044 pem
904 3957 1050 4038 diximus,
1082 3959 1238 4023 oiruuletor

84 4061 225 4148 habat,
258 4082 275 4125 e
299 4061 403 4146 quibus
422 4073 559 4146 quantum
582 4071 719 4148 apparet,
751 4063 824 4142 haee
848 4061 912 4146 ipsa
928 4080 1004 4144 quae
1020 4060 1051 4126 in
1069 4061 1144 4126 hane
1161 4059 1238 4126 diem

83 4163 161 4248 viget
177 4165 260 4229 ilhus
274 4163 406 4247 haeresis
421 4164 573 4249 produxit,
599 4183 672 4248 quae
692 4163 728 4228 ab
743 4163 807 4228 eius
823 4162 975 4250 disoipliua
991 4163 1175 4228 oomnouem
1193 4170 1237 4224 at-

114 4365 140 4420 d.
156 4369 253 4424 σαυτοῦ
270 4370 324 4420 eod.
339 4370 414 4420 ratu.
433 4371 508 4433 Vulpo
522 4367 620 4422 taoret.
679 4371 756 4420 donno
770 4372 855 4434 rteeptt
871 4372 991 4423 ramum.

116 4429 141 4486 h
156 4437 356 4504 diqunrnmuaia,
379 4439 443 4500 quod
458 4437 606 4488 dutdsrnnu
620 4441 647 4488 tn
713 4436 739 4487 b.
756 4452 795 4496 τις
810 4439 866 4490 edit.
880 4441 957 4501 prino.

79 4503 136 4554 a&
148 4510 225 4568 ntes.
242 4509 266 4556 ot
280 4505 334 4556 ond.
346 4506 461 4568 Mo,
484 4519 515 4556 es
528 4505 579 4556 eod
600 4505 645 4557 Vu-
713 4499 738 4557 h.
755 4504 901 4574 περίμετρον
918 4507 969 4556 eod
987 4507 1060 4555 Verte

134 4583 415 4644 &snm-1¹·
999 4597 1037 4655 10
1117 4630 1126 4643 ,
