3078 5012
319 285 381 349 57²
740 291 861 346 ειυοτι
878 291 1046 346 mmm
1149 253 1154 266 '

323 415 383 480 Καί
398 411 473 500 γυνὴ
490 410 630 496 δαιομένη
647 409 740 478 αύτοιῖ
758 409 832 494 ίιέθη
847 417 900 478 τοῦ
918 413 1053 493 ιῖματος·
1075 411 1128 476 ααλ
1145 405 1226 476 εἰπευ
1240 407 1259 476 δ
1273 409 1401 497 κύριος,
1428 415 1474 488 Ῑίς

322 543 380 600 μου
394 515 510 600 ἥψατος
532 517 582 580 καλ
597 513 694 594 πάλιν,
707 512 831 596 Ἥψατό
846 512 904 596 μού
920 538 972 589 τις.
1007 514 1066 578 Καὶ
1079 511 1136 599 γύρ
1150 514 1243 598 έγνοιν
1259 512 1389 598 δύναμιν
1404 517 1473 592 ίξελ.

321 626 437 686 θσῦσαν
457 616 509 686 τίετ’
530 621 611 700 ἐμοῦ.

404 723 446 786 ιε’.
477 717 661 802 Ἀναβλέψας
682 721 725 794 εἰς
743 716 797 784 τδν
819 716 947 803 ούρανδν
969 714 1122 802 εὐλόγησεν
1143 715 1189 784 ἐπ’
1209 715 1327 794 αύτούς.

404 821 449 898 ις’.
481 823 603 909 Λέγαν,
625 829 682 888 Δεῖ
693 818 744 888 τδν
759 818 825 887 υίδν
838 827 892 886 τοῦ
905 817 1071 905 ύνθρύπου
1085 819 1177 886 πολλαί
1190 829 1310 900 παθεῖν,
1332 823 1388 888 ααῖ
1402 819 1473 888 τίπο-

321 931 503 1007 ατανθῆναι,
524 925 576 990 καί
597 921 669 1006 μεταλ
689 931 767 1008 τρεῖς
788 920 899 1007 ἡμέρας
920 924 1086 1008 ἐγερθῆναι.

404 1025 447 1104 ιζ.
480 1028 538 1091 Καὶ
555 1024 638 1105 ἰδού,
668 1023 723 1092 δύο
741 1023 846 1112 ἄνδρες
862 1023 1036 1091 συνελάλουν
1053 1022 1133 1114 αύτῷ
1148 1022 1247 1102 Ἠλίας
1266 1027 1316 1092 καί
1334 1031 1474 1109 Μαιΰσῖχς

320 1131 351 1196 ἰν
372 1127 455 1217 δόξῃ.

405 1229 452 1313 ιη’.
483 1228 533 1296 Ἐκ
548 1237 601 1314 τῆς
615 1229 737 1312 νεφέλης
752 1228 853 1311 φωνὴ,
879 1222 975 1306 Ούτύς
992 1233 1070 1296 ἰστιν
1085 1227 1102 1296 δ
1117 1227 1186 1305 υίύς
1201 1255 1260 1312 μου
1276 1227 1295 1296 δ
1309 1226 1471 1316 ἀγαπητός.

402 1331 454 1398 ιθ’.
485 1330 633 1416 Ἐδεήθην
653 1339 713 1398 τῶν
729 1339 873 1415 μαθητῶν
892 1353 955 1398 σου.
1000 1329 1071 1416 Είχε
1087 1332 1120 1396 δί
1138 1329 1218 1416 παρύ
1236 1330 1287 1411 τδ,
1320 1330 1386 1398 Ούα
1401 1331 1470 1414 οῖδα·

318 1433 456 1519 νήθησαν
473 1437 606 1518 ἐκβαλεῖν
624 1433 711 1517 αύτδ,
736 1435 796 1499 Καί
811 1431 887 1521 πρδς
904 1432 1026 1514 αύτούς,
1051 1426 1092 1498 Ὦ
1108 1432 1191 1519 γενεὰ
1206 1432 1344 1514 ἄπιστος,
1371 1440 1407 1482 ¹¹
1418 1439 1471 1512 έις

321 1535 460 1620 οῖνέξομαι
480 1535 573 1621 δμοῖν.
1483 1593 1489 1602 .

405 1639 439 1706 α’.
469 1637 503 1704 Ὁ
523 1638 579 1726 γδρ
600 1637 665 1716 υἰδς
687 1644 743 1706 τοῦ
763 1637 931 1726 ἆνθροέπσυ
953 1641 1045 1723 μέλλει
1066 1643 1288 1726 παραδίδοσθαι
1311 1643 1354 1717 είς
1373 1650 1470 1728 χεῖρας

320 1741 499 1829 ύνθροίποιν.
1316 1789 1321 1798 -

402 1843 456 1910 κε’.
489 1841 566 1910 Ούδὲ
587 1850 673 1910 τούτο
692 1841 848 1930 οίνέγνοιτε,
879 1849 906 1910 τί
922 1848 1042 1926 ἐποίησε
1060 1848 1171 1928 Δαβίδ·
1206 1846 1342 1928 εἰςῆλθεν
1361 1847 1404 1922 εἰς
1420 1845 1471 1912 τδν

321 1944 405 2014 οἰκον
425 1953 479 2014 τοῦ
497 1953 581 2013 θεοῦ.

403 2048 459 2132 νβ’.
490 2045 663 2134 Εύχαριστῶ
679 2071 740 2129 σοι,
761 2049 844 2135 κύριε
859 2056 913 2117 τοῦ
930 2047 1070 2135 ούρανοῦ.
1116 2047 1182 2116 Ούκ
1199 2047 1254 2134 εἰχε
1269 2050 1318 2130 δέ,
1342 2053 1404 2116 Καὶ
1421 2057 1471 2134 τῆς

320 2159 382 2237 γῆς,
405 2149 473 2218 ούτε
489 2151 588 2237 Πύτερ
601 2149 683 2236 εῖχεν.
724 2150 881 2238 Ἐλέγχεται
895 2154 943 2218 δέ·
963 2151 1043 2218 κᾶτα
1057 2149 1113 2240 χείρ
1128 2149 1212 2236 εἶχεν,
1236 2154 1310 2233 Ναί,
1332 2150 1469 2238 ύπατήρ.

402 2356 456 2443 αρ’.
489 2354 565 2422 Είπε
578 2363 618 2447 τῷ
632 2364 744 2446 νομικρῖ
752 2407 760 2436 ,
781 2355 830 2424 Ἐν
842 2365 882 2446 τῷ
893 2357 976 2446 υόμρι
992 2363 1021 2424 τί
1033 2360 1206 2444 γέγραπταις
1228 2359 1280 2424 καλ
1294 2356 1471 2444 εἰποιιριθείς

317 2457 388 2542 μετοῖ
405 2457 459 2542 τήν
475 2457 633 2548 εἰπόκρισιν
648 2467 702 2526 τοῦ
717 2465 842 2544 νομικού
858 2457 952 2540 εἰπεν,
973 2457 1091 2546 Ὀρθιῖς
1112 2457 1247 2537 1ἐίπες·
1277 2467 1367 2526 τοῦτο
1382 2469 1471 2540 ποῖει,

319 2564 368 2627 καί
391 2561 473 2651 ζήση.

401 2662 455 2729 αδ.
487 2667 547 2728 Καὶ
572 2662 650 2744 εἰπε,
684 2671 734 2742 Τίς
758 2668 787 2744 ἐξ
809 2663 894 2749 ύμοῖν
917 2667 972 2743 έξει
994 2670 1099 2746 φίλον,
1128 2668 1180 2730 καί
1201 2663 1377 2750 πορεύσεται
1394 2667 1472 2752 πρὸς

319 2763 409 2831 αύτδν
422 2771 623 2847 μεσονυκτίου,
646 2771 736 2834 αἰτεῖν
749 2777 826 2854 τρεῖς
840 2767 962 2855 ύρτουςς
992 2769 1053 2832 Καὶ
1067 2765 1182 2848 λοιπδν,
1203 2770 1334 2847 Αἰτεῖτε,
1356 2771 1407 2834 καλ
1420 2774 1471 2836 δο-
1536 2775 1537 2778 ’

317 2866 449 2952 θήσεται.
497 2871 568 2933 Τίνα
587 2869 643 2956 γὰρ
662 2871 691 2948 ἰξ
707 2868 792 2954 ύμοῖν
807 2869 859 2937 τδν
874 2871 986 2955 πατέρα
1001 2867 1068 2944 υίδς
1084 2867 1196 2953 αἰτήσει
1211 2868 1316 2954 ἰχθύν,
1339 2873 1391 2937 ααλ
1405 2870 1470 2937 εἰατί

319 2972 428 3062 ἰχθύος
440 2968 512 3050 ὄφιν
528 2970 665 3038 ἐπεδοίασα
680 2971 775 3063 αύτῷς
804 2970 907 3056 ἦύντλ
922 2971 986 3038 οιόὕ
1001 2977 1159 3057 σκορπίον,
1191 2975 1235 3036 Εἰ
1247 2965 1301 3038 οὖν
1315 2971 1402 3058 ύρεῖς
1416 3001 1470 3042 πο·

319 3075 405 3158 νηρολ
428 3071 510 3148 ὅντες
530 3075 628 3138 οῖδαιε
649 3074 763 3160 δόματα
785 3073 900 3162 σίγαθύ,
922 3072 1006 3164 πόσρο
1029 3081 1137 3158 μᾶλλον
1157 3071 1177 3139 ύ
1197 3074 1304 3160 πατήρ.

399 3174 449 3240 κε’.
482 3177 700 3260 Περικέκοπιαι
721 3176 754 3244 εδ
778 3180 845 3263 περί
865 3176 949 3244 Ἰωνᾶ
969 3185 1022 3243 τοῦ
1041 3176 1205 3262 προφήτου.
1249 3175 1323 3262 Εέχε
1339 3179 1412 3266 γε’ρ,
1435 3176 1472 3244 Ἡ

316 3277 400 3364 γενεαί
415 3275 505 3360 αύαη,
526 3288 647 3362 σημεῖον
661 3278 698 3348 ου’
713 3279 873 3364 δοθήσεται
887 3277 970 3370 αύτχῖ.
1017 3277 1082 3345 Ούα
1095 3277 1151 3362 εἶχε
1170 3281 1331 3367 1*δέπερῖ
1345 3280 1467 3364 Νενενιὶ,

318 3382 369 3447 ιιαλ
390 3385 557 3465 βασιλίσσης
578 3381 684 3462 νότον,
710 3386 760 3450 καί
783 3390 969 3466 Σαλσροῖνος.

401 3587 455 3662 κςί.
488 3587 567 3654 Ἀντί
582 3597 636 3655 τοῦ
642 3639 651 3668 ,
676 3591 865 3676 Παρέρχεσθε
882 3586 935 3672 τὴν
949 3592 1044 3674 κρίσιν
1060 3594 1115 3653 τοῦ
1130 3593 1223 3667 θεοῦ,
1255 3583 1328 3671 εἶχε,
1353 3591 1467 3677 Παρέρ·

318 3699 404 3774 χεσθε
425 3690 478 3772 τὴν
499 3698 600 3774 κλῆσιν
620 3699 675 3758 τοῦ
694 3699 780 3758 θεοῦ.

400 3791 450 3870 αξ.
485 3791 561 3860 Ούαῖ
574 3792 660 3878 ύμῖν,
682 3793 728 3860 ὅτι
740 3797 922 3878 οἰκοδομεῖτε
937 3792 974 3859 τύ
989 3791 1126 3877 μνήματα
1139 3799 1199 3858 τοῖα
1212 3800 1397 3878 προφητιῖν,
1418 3797 1468 3860 ααλ

245 3959 253 3973 ,
317 3899 347 3962 οί
366 3897 489 3979 πατέρες
509 3893 593 3980 ύμοῖν
615 3895 787 3964 ἀπέκτειναν
808 3895 925 3973 αύτούς.

400 3994 456 4078 κη’.
490 3996 553 4064 Ούκ
572 3995 643 4082 εἶχε,
676 3998 735 4066 Διοί
756 4007 843 4067 τοῦτο
865 3997 946 4065 εἰπεν
966 3997 987 4082 ἡ
1006 4003 1097 4080 σοφία
1112 4005 1166 4064 τοῦ
1184 4003 1275 4076 θεοῦ,
1306 3995 1468 4066 Ἀποστελιῖ

318 4103 360 4178 εἰς
377 4098 486 4176 αύτούς
500 4104 671 4188 προφήτας·
701 4105 751 4169 καλ
768 4104 837 4188 περί
853 4106 978 4185 αῖματος
997 4105 1145 4186 Ζαχαρίου
1162 4098 1310 4184 παῖ”Αβελ
1323 4109 1384 4168 τοῖν
1396 4127 1468 4187 προ·

197 4243 248 4288 με.
260 4231 306 4276 ιιι.
319 4213 438 4288 φητοῖν,
461 4203 522 4282 δἐι,
542 4201 786 4288 Ἐκζητηθήσεται
808 4207 840 4272 ἐκ
863 4212 915 4287 τῆς
935 4211 1037 4291 γενεᾶς
1057 4202 1174 4286 ταύτης.

399 4306 459 4373 καθ’.
489 4307 576 4392 Λέγω
592 4315 656 4383 τοῖς
672 4311 768 4387 φίλοις
783 4334 856 4391 μου,
880 4307 937 4391 Μελ
951 4310 1108 4390 φοβηθῆτε
1124 4303 1184 4372 αἰπύ
1201 4313 1260 4372 τῶν
1277 4303 1468 4374 ύποατεινύν-

318 4435 375 4476 των
396 4409 428 4476 τδ
452 4416 552 4492 σῶμα,
583 4412 740 4494 φοβηθῆτε
761 4412 793 4476 δὲ
813 4409 868 4476 τδν
889 4409 961 4493 μετὰ
976 4407 1010 4475 τδ
1027 4407 1198 4476 ύποκτεῖναι
1214 4411 1318 4494 έχοντα
1335 4411 1468 4488 ἐξουσίαν

354 4551 391 4604 11.
408 4551 475 4612 Infra
491 4553 554 4602 εαίαἰ
572 4545 621 4610 έως
638 4545 706 4603 τότε.
945 4548 984 4600 12.
1001 4549 1066 4612 λεῖαι
1082 4553 1147 4600 εαίαί
1163 4543 1236 4610 dm<
1250 4563 1296 4614 φιτ
1313 4545 1391 4610 τίεις.
