3110 4984
311 297 445 348 ennean
463 296 540 349 nov.
556 295 726 348 naereses
744 295 807 347 uta.
820 297 840 347 r.
856 297 936 348 aon.
950 297 969 347 r.
1158 287 1217 364 109

75 418 157 480 lutrm
174 415 215 479 ita
230 416 285 480 deo
302 417 396 479 visum
412 427 476 493 cst,
500 425 533 478 ut
548 414 640 500 ipsius
661 413 737 478 lilius
753 435 770 477 e
790 415 873 478 coelo
893 415 1029 500 delapsus
1047 413 1078 478 in
1095 415 1217 500 virginis

76 529 153 582 atero
175 518 365 601 gigneretur,
387 517 510 580 verbum
532 516 648 600 inquam
666 517 735 580 illud
753 527 924 593 aeteruum,
957 518 1033 600 quod
1057 537 1074 580 c
1095 529 1217 602 paterno

75 621 135 683 sinu
153 631 223 682 ante
239 631 352 704 tempus
369 629 455 702 atque
469 617 581 682 initium
597 639 682 682 omae
698 617 827 702 genitum
845 627 902 694 est,
926 617 1059 702 idemque
1076 623 1218 684 extremis

76 722 250 806 temporibus
266 723 405 806 allapsum
422 723 493 783 deus
510 719 631 784 verbum
648 741 664 782 a
681 720 736 782 dec
758 729 839 803 patre
856 739 960 782 revera
981 722 1115 802 genitus,
1140 724 1218 786 eius·

75 825 194 906 denaque
213 823 345 886 camillo
363 822 530 898 essentiae,
555 841 610 884 nec
627 821 684 884 ulla
706 841 740 883 re
759 845 776 882 a
795 831 876 904 patre
893 832 1038 898 mutatus,
1062 825 1114 887 sed
1131 825 1219 888 vicis-

75 925 205 989 situdinis
222 946 258 987 ac
276 924 444 987 mutationis
461 934 492 986 et
508 924 673 987 allectionis
697 922 791 985 omnis
809 943 929 1006 expers.
976 920 1034 1005 Qui
1057 947 1121 987 eum
1145 927 1220 990 citra

76 1028 155 1092 ollam
173 1028 262 1090 animi
282 1026 506 1089 commotionem
522 1025 640 1108 generis
657 1025 749 1087 nostri
767 1023 905 1088 misertus
921 1025 1014 1101 loret,
1038 1027 1220 1090 descendite

76 1130 172 1206 coelo,
196 1149 231 1190 ac
255 1129 290 1190 de
307 1128 411 1212 spiritu
428 1137 547 1205 saneto,
572 1148 630 1189 nnn
652 1125 763 1190 cvirili
785 1126 914 1204 semine,
939 1129 1095 1211 productus
1117 1149 1219 1193 verum

76 1252 179 1316 corpas
201 1251 218 1293 e
237 1227 332 1294 lllaria
351 1231 497 1314 suscepit,
522 1250 586 1291 cum
606 1249 622 1290 e
639 1240 740 1291 sancto
760 1227 823 1290 eius
845 1239 930 1290 utero
953 1249 1070 1292 carraem
1089 1231 1144 1293 sibi
1166 1232 1220 1294 lin·

76 1333 187 1410 sisset,
211 1333 424 1415 humanamque
442 1342 500 1394 tum
518 1329 662 1408 animam,
687 1341 745 1392 tum
764 1339 890 1392 mentem
907 1329 1066 1408 induisset,
1089 1353 1123 1395 ac
1140 1333 1221 1416 quic·

77 1435 137 1517 qnid
155 1435 277 1497 omnino
301 1455 364 1496 cum
384 1433 500 1495 bomine
520 1433 705 1496 coniunctum
726 1441 788 1507 est,
813 1441 929 1514 praeter
949 1443 1099 1516 peccatum
1121 1455 1221 1498 seeum

78 1559 107 1600 ac
125 1559 191 1600 com
209 1535 362 1599 divinitate
379 1555 430 1597 sua
446 1535 624 1619 copulasset.
669 1531 740 1596 lude
761 1531 923 1595 bethleemi
946 1532 975 1594 in
995 1535 1089 1596 lucem
1113 1536 1219 1613 editus,

79 1649 159 1722 atque
181 1639 211 1702 in
232 1658 321 1721 specu
344 1635 534 1699 circumcisus
552 1634 767 1719 Hierosolymis
790 1634 905 1698 oblatus
928 1645 991 1711 cst,
1014 1635 1111 1719 ibique
1128 1659 1145 1700 a
1163 1634 1222 1723 Sy·

80 1761 178 1803 neoue
196 1740 275 1802 inter
293 1738 411 1800 brachia
430 1747 601 1822 susceptus,
631 1747 661 1799 et
683 1737 717 1798 ab
735 1737 822 1798 Anna
840 1733 998 1800 Phanuelis
1021 1737 1077 1800 blla
1099 1721 1222 1824 prophe·

79 1843 142 1904 tissa
158 1842 362 1927 praedicatus,
386 1837 589 1902 Nazarethum
605 1839 773 1922 deportatus
790 1849 846 1901 est.
871 1837 971 1924 ‚Tum
988 1860 1065 1901 auno
1088 1841 1222 1924 sequenti

79 1941 292 2028 Hierosolymis
311 1962 344 2004 se
363 1961 461 2003 coram
484 1941 541 2002 den
558 1939 808 2024 repraesentavit,
831 1949 918 2022 atque
936 1940 1004 2004 iude
1022 1938 1222 2006 bethleemum

79 2056 193 2130 propter
218 2043 338 2128 generis
364 2043 607 2128 propinquitatem
629 2063 647 2104 a
671 2051 762 2104 matre
786 2041 897 2104 delatus
923 2052 978 2106 cst.
1024 2039 1084 2106 Sed
1108 2065 1223 2108 rursum

79 2144 276 2210 Nazarethum
300 2146 416 2208 rediens
433 2165 511 2207 anuo
528 2144 619 2206 altero
636 2154 769 2206 vertente
786 2141 991 2229 Hierosolyma
1009 2142 1224 2210 Bethleemum-

79 2271 129 2331 qne
147 2258 286 2332 gestante
304 2257 396 2309 matre
419 2247 574 2330 perductus
598 2255 653 2307 est.
701 2241 861 2307 bethleemi
886 2266 972 2328 porro
996 2267 1061 2309 cum
1078 2247 1113 2309 ad
1135 2249 1224 2311 aedes

80 2353 214 2432 quasdam
231 2371 296 2412 cum
312 2360 406 2412 matre
422 2369 457 2411 ac
474 2345 598 2432 losepbo
614 2347 794 2424 divertisset,
818 2347 865 2430 qni
882 2347 938 2409 iam
957 2348 1057 2430 grandi
1074 2358 1144 2412 natu
1159 2371 1222 2412 cunr

78 2449 170 2516 blaria
191 2452 333 2535 degebat,
357 2451 486 2513 esoundu
504 2449 539 2512 ab
555 2450 707 2511 nativitate
726 2469 803 2512 anno
819 2468 836 2511 a
851 2445 950 2532 lllagis
967 2451 1106 2514 adorandi
1120 2471 1224 2516 caussa

79 2565 240 2618 conventus
257 2574 293 2615 ae
310 2552 394 2615 donis
411 2563 533 2614 ornatus
550 2561 607 2613 est.
652 2549 762 2614 Eadem
781 2570 854 2612 vern
872 2561 974 2628 nocte,
999 2571 1063 2614 curn
1082 2550 1224 2638 losephus

80 2677 125 2738 per
140 2654 290 2720 somnium
307 2655 344 2716 ab
367 2654 473 2736 angelo
495 2663 576 2716 esset
593 2652 775 2729 admonitus,
800 2651 829 2713 in
845 2652 1011 2737 Aegyptum
1035 2657 1222 2720 transfertur.

78 2754 158 2820 Unde
184 2775 289 2818 rnraus
313 2767 378 2840 post
399 2755 547 2820 biennium
568 2764 683 2818 mortuo
705 2753 760 2816 iam
777 2751 897 2817 Herode
921 2775 956 2817 ac
975 2757 1151 2820 succedente
1166 2759 1225 2822 Ar-

79 2859 178 2922 chelao
200 2857 373 2920 revertitur.

156 2955 313 3044 Siquideni
341 2979 418 3022 auno
437 2957 565 3022 Herodis
585 2954 757 3035 XXXlll.,
780 2957 907 3043 Augusti
924 2954 1111 3040 XXXXll.,
1134 2957 1225 3025 Beu·
1243 2969 1302 3038 Gap.
1319 2973 1350 3022 tt.

78 3061 159 3125 leemi
177 3061 211 3124 in
230 3057 338 3123 ledaea
356 3061 488 3125 salvator
505 3061 646 3124 nascitur.
685 3057 762 3123 Tura
782 3057 909 3124 llercdis
925 3057 1064 3125 XXXV.
1080 3063 1109 3125 in
1124 3063 1226 3148 Aegy-

78 3173 153 3248 ptum
187 3165 338 3248 proiectus
365 3173 421 3227 est.
475 3161 587 3226 Eodem
611 3160 732 3225 licrode
758 3173 873 3226 mortuo
901 3163 936 3224 ab
963 3163 1100 3249 Aegypto
1126 3165 1222 3228 rediit.

78 3261 176 3347 Quare
204 3283 330 3328 neeesse
352 3275 399 3328 est
422 3261 595 3330 XXXVll.
621 3262 748 3326 llerndis
771 3283 848 3326 anna
872 3275 1004 3348 quartum
1027 3265 1132 3328 aetatis
1154 3285 1224 3328 snae

76 3368 229 3451 merulam
252 3365 368 3452 egisse,
392 3387 457 3430 cum
479 3365 631 3445 llerndes,
654 3366 789 3448 inquam,
820 3376 931 3450 septem
956 3387 991 3429 ac
1015 3367 1131 3449 triginta
1155 3387 1225 3428 enn-

77 3471 158 3534 lectis
175 3468 265 3532 aunis
284 3468 402 3532 vivendi
420 3469 505 3531 linem
522 3468 633 3532 habuit.
677 3464 751 3531 Post
766 3467 841 3530 bunc
859 3469 1023 3532 Archelaus
1045 3487 1150 3531 novem
1173 3489 1225 3531 an·
1299 3501 1301 3506 ·
1419 3500 1423 3507 ·

76 3573 118 3634 nis
134 3568 314 3655 imperavit,
338 3589 395 3653 quc
413 3589 535 3653 regnum
558 3571 677 3633 ineunte
697 3568 839 3654 losepbus
862 3590 902 3632 ex
920 3569 1057 3654 Aegypto
1077 3589 1141 3632 cum
1159 3567 1225 3632 llla·

76 3673 116 3734 ria
145 3693 184 3735 ac
209 3691 301 3756 puern
325 3671 491 3755 digressus,
522 3670 570 3734 ubi
595 3670 773 3734 Archelaum
797 3671 941 3755 imperare
963 3670 1060 3733 didicit
1086 3671 1117 3734 iu
1144 3669 1226 3736 Gali-

76 3775 168 3838 laeam
195 3772 337 3850 secessit,
368 3793 403 3835 ac
428 3783 486 3836 tum
506 3771 670 3836 Nazarethi
697 3772 840 3836 consedit.
886 3769 1043 3836 Caeterum
1061 3773 1226 3838 Archelaus

77 3875 228 3940 Herodem
252 3874 394 3938 iuniorem
417 3875 535 3958 genuit,
560 3875 607 3958 qui
627 3895 705 3936 nono
724 3873 814 3958 patris
832 3893 909 3935 auran
932 3873 961 3935 in
985 3872 1137 3958 imperium
1159 3897 1226 3940 suc·

75 3981 177 4042 cessit.
226 3973 363 4060 ldcmque
382 3997 474 4040 annus
494 3999 510 4039 a
534 3977 686 4039 nativitate
706 3972 816 4039 Christi
832 3971 924 4036 Xlll.
949 3979 1145 4041 numerandus
1167 3989 1224 4042 est.

79 4075 330 4144 octavodecimo
356 4099 432 4141 auno
458 4077 585 4142 Herodis
601 4078 752 4162 Agrippae
772 4075 857 4139 lesus
882 4071 1018 4141 Christus
1041 4079 1226 4163 promulgare

78 4183 209 4244 divinum
226 4181 348 4244 verbum
373 4201 530 4266 aggressus
553 4191 615 4259 est,
639 4201 673 4242 ac
691 4201 756 4242 cum
773 4175 891 4243 loannis
914 4179 1055 4265 baptismo
1077 4181 1224 4258 initiatur3

80 4293 134 4346 tam
167 4303 278 4346 annam
308 4281 386 4346 illum
416 4293 565 4367 acceptum
593 4283 623 4344 iu
654 4302 689 4344 ea
716 4279 863 4366 praeconii
894 4283 1041 4348 lunatione
1068 4280 1225 4360 consumit,
