3106 4990
310 351 447 404 sunnon
465 351 526 402 ιιι.
541 351 559 403 ι.
575 351 656 402 rou.
673 347 715 400 ιιι.
733 349 831 400 ouen.
844 348 978 400 xxxvn.
1151 335 1221 418 ,499

154 469 247 535 Tales
276 471 420 534 aduersus
447 467 539 544 Evam
564 473 644 533 luere
669 468 814 554 serpentis
840 467 976 531 insidiae.
1023 465 1139 530 Etenim
1164 467 1220 530 iam
1240 483 1300 552 cop.
1319 483 1349 534 ιι.

66 586 128 638 turn
156 574 192 636 ab
217 573 301 636 initio
327 585 429 636 natrrra
457 573 603 636 linrrrinum
632 571 769 634 uros-itatis
794 571 915 656 cupida,
950 569 1033 634 nands
1059 571 1224 652 dogmatum

66 677 191 739 somniis
213 687 244 739 et
261 677 397 740 inanibus
415 675 567 761 promissis
589 675 664 737 solet
687 674 790 760 abripi.
837 671 876 736 Et
892 673 1005 758 quidem
1026 673 1166 758 principio
1184 676 1226 738 lo·

66 789 134 840 tens
164 779 211 842 ille
239 799 274 842 ae
301 779 410 841 sensim
441 778 586 862 obrepens
616 779 689 840 ictus
713 777 847 840 venenati
878 777 988 839 exitum
1013 775 1223 840 dissimulabat.

66 877 178 944 Postea
200 902 265 944 oum
286 881 417 944 salvator
436 890 585 965 assumpto
605 899 727 962 corpore
746 879 896 958 venisset,
928 878 1009 942 uirus
1032 901 1118 944 emere
1141 901 1225 944 soum

68 1003 105 1046 se
124 983 227 1046 melarii
249 985 371 1048 sceleris
389 983 603 1068 improbitatem
624 1003 761 1046 evomere
780 1003 814 1044 ac
834 982 977 1066 despuere
996 987 1102 1068 coepit.
1147 982 1225 1047 Nom

68 1086 258 1171 semetipsum
282 1087 442 1150 infelicium
465 1084 579 1149 illorum
606 1085 751 1148 mentibus
775 1085 820 1148 dei
843 1085 936 1148 instar
963 1084 1124 1150 babendum
1149 1086 1227 1150 ocle-

67 1189 269 1272 brandumqoe
292 1188 456 1274 proposuit.
501 1185 561 1251 Sed
582 1187 656 1250 idem
677 1208 817 1272 serpens,
850 1188 898 1271 qui
918 1209 970 1272 per
988 1188 1121 1252 alumnos
1140 1187 1225 1252 disei-

68 1293 165 1378 plinoe
183 1313 252 1354 suae
270 1303 390 1376 postea,
415 1290 483 1354 olim
501 1311 554 1376 per
569 1290 774 1376 aspectabilem
790 1290 869 1353 illum
886 1301 1070 1376 serpentem,
1095 1291 1227 1356 homines

69 1394 274 1458 circumvenit.
327 1392 481 1457 Diabolum
513 1393 590 1456 enim
620 1393 763 1478 scriptura
794 1403 959 1478 serpentem
990 1393 1135 1474 nomiuotq
1168 1415 1227 1458 uon

68 1499 147 1581 qood
167 1517 200 1559 ea
220 1497 258 1560 sit
276 1497 340 1561 eius
359 1497 470 1581 ligura,
504 1497 555 1558 sed
575 1497 649 1580 quod
668 1517 706 1560 es
724 1495 857 1560 omnibus
875 1495 978 1560 bestiis
994 1495 1033 1559 sit
1050 1497 1097 1560 ille
1117 1507 1228 1560 tortuo-

68 1600 223 1679 sissimus,
257 1599 392 1683 quodque
409 1599 529 1683 primam
549 1600 677 1662 omnium
696 1599 824 1662 lraudem
842 1598 895 1660 sub
914 1601 1059 1684 serpentis
1076 1599 1228 1664 involucro

68 1701 190 1766 molitus
208 1703 305 1766 luerit.
346 1699 545 1786 Quamobrem
563 1701 637 1786 apud
654 1721 718 1778 ros,
738 1701 785 1785 qui
801 1701 935 1764 veritatis
952 1702 1025 1766 bood
1039 1703 1133 1786 ignari
1149 1713 1228 1782 sunt,

68 1805 225 1869 ridiculum
243 1814 289 1867 est
304 1805 382 1870 illins
398 1805 519 1888 dogma,
545 1825 602 1867 uon
621 1802 715 1868 minus
732 1825 816 1888 qoam
833 1804 880 1888 qui
897 1803 990 1868 eidem
1007 1806 1229 1889 acquiescentes

70 1907 200 1972 nominis
215 1907 310 1970 instar
324 1917 490 1992 serpentem
509 1907 617 1970 colunt.
664 1904 806 1970 Diabolus
821 1907 938 1993 quippe,
958 1929 1021 1971 eum
1038 1909 1150 1973 virilem
1167 1909 1230 1973 ani-

71 2032 151 2074 mum
170 2009 305 2074 veritatis
327 2031 343 2073 a
367 2011 422 2074 deo
442 2010 609 2090 cognitione
627 2010 795 2073 roboratum
813 2011 948 2095 decipere
967 2032 1025 2076 non
1045 2022 1161 2096 posset,
1194 2011 1230 2074 ad

70 2113 226 2176 mulierem
244 2133 311 2176 sese
327 2113 485 2190 convertit,
506 2112 652 2176 bominum
668 2112 803 2176 videlicet
816 2111 1028 2196 ignorantiamq
1053 2126 1080 2177 et
1094 2114 1231 2198 quoniam

72 2215 201 2280 fortibus
216 2215 343 2300 ingeniis
361 2214 462 2299 nequit
478 2215 618 2292 illudere,
650 2236 702 2278 eos
719 2214 821 2300 quibus
838 2215 1021 2298 ignorantiae
1037 2216 1163 2280 caecitas
1180 2217 1232 2280 ob·

73 2319 164 2382 dareta
183 2328 229 2380 est
245 2318 279 2380 ad
297 2338 364 2381 sese
383 2327 507 2380 conatur
522 2317 651 2380 allicere.
698 2316 774 2381 Nam
793 2318 979 2382 muliebribus
997 2330 1135 2404 perpetuo
1153 2320 1231 2402 cogi-

74 2419 236 2485 tationibus
253 2421 454 2496 adlmereseit,
479 2417 619 2504 uoluptati
638 2419 771 2482 nimirum
789 2431 819 2482 et
835 2419 1000 2504 cupiditati,
1034 2422 1088 2484 boc
1102 2434 1148 2485 est
1163 2422 1233 2485 elle-

74 2523 204 2586 mioatae
227 2521 256 2584 iu
277 2522 442 2586 bominibus
460 2521 659 2606 ignorantiaeq
692 2521 772 2584 lirmu
794 2543 866 2586 uero
883 2545 917 2587 ac
936 2524 1098 2586 corrstnutia
1116 2523 1233 2608 iugenio

74 2624 262 2704 reformidet,
287 2645 361 2708 quae
377 2645 475 2688 rerum
489 2625 616 2687 omnium
633 2635 860 2687 consentaneam
876 2645 910 2687 ae
925 2645 1084 2709 congruam
1102 2625 1232 2690 notitiam

74 2727 254 2804 informent,
286 2747 320 2790 ae
338 2727 421 2791 deum
441 2727 535 2812 ipsum
560 2747 598 2790 ex
626 2738 747 2792 naturae
771 2727 835 2812 lege
855 2727 1035 2792 discernunt.
1083 2725 1232 2794 Cbristum

74 2832 155 2894 enim
179 2850 213 2892 se
236 2829 350 2893 illorum
375 2851 443 2893 esse
464 2849 587 2915 serpens
611 2828 776 2914 praedicat3
810 2830 857 2893 vel
878 2829 996 2894 minime
1020 2831 1083 2916 ipse
1105 2832 1231 2916 quidem,

75 2932 270 3018 nequeenim
293 2931 371 3016 loqui
390 2941 504 3017 potest,
533 2931 585 2994 sed
607 2931 654 3016 qui
674 2931 760 2996 talem
780 2932 901 2996 istorum
918 2933 1064 2998 mentibus
1081 2935 1235 3018 cogitatio·

76 3057 144 3100 nem
165 3033 267 3097 iniecit
285 3033 429 3098 diabolus.
476 3032 586 3118 Ecquis
608 3056 680 3098 vero
697 3035 794 3098 statim
812 3057 846 3099 ac
863 3049 1028 3121 serpentem
1048 3037 1155 3100 viderit
1176 3057 1234 3100 non

76 3139 194 3202 bostem
220 3135 432 3200 animadvertet
454 3157 488 3200 ao
514 3137 626 3222 lugiatl
676 3135 760 3202 blanc
786 3139 862 3201 enim
885 3138 921 3200 ob
945 3159 1077 3203 caussam
1101 3139 1235 3204 domiuus

76 3251 248 3326 serpentem
265 3239 342 3302 inter
358 3239 563 3323 bominumque
579 3261 673 3324 genus
690 3238 811 3303 bostiles
826 3239 991 3305 iuimicitias
1005 3239 1134 3319 immisit,
1158 3241 1235 3325 quod

76 3341 200 3407 omniuo
219 3341 351 3404 diabolus
369 3341 479 3404 bestiae
497 3361 591 3425 genus
608 3341 683 3404 istud
703 3343 783 3406 velut
799 3342 1021 3406 instrumentum
1042 3343 1233 3420 adhibuisset,

77 3447 286 3527 hominemque
301 3443 378 3507 iutra
396 3443 522 3529 paradisi
540 3455 621 3529 septa
637 3445 817 3528 decepissetq
842 3444 938 3528 utqui
956 3443 1073 3508 externi
1090 3443 1236 3530 serpentis

76 3547 215 3612 hostilem
234 3547 361 3632 speeiem
380 3547 539 3632 conspicati
560 3547 683 3625 luerint,
708 3545 743 3608 ab
761 3545 824 3609 eius
841 3545 955 3610 insidiis
973 3556 1113 3626 caveant,
1136 3566 1170 3610 ae
1188 3547 1236 3612 vel

78 3653 196 3738 ipsum,
221 3657 253 3710 ot
274 3648 314 3711 ita
337 3648 449 3728 dicam,
474 3659 662 3734 conspectum
684 3647 761 3711 illius
783 3649 1008 3712 exhorrescunt.

165 3747 295 3836 Ophitue
317 3771 389 3814 vero
408 3751 473 3815 baie
492 3751 644 3814 seientiam
664 3773 778 3815 omnem
799 3752 945 3830 tribuunt,
977 3751 1077 3836 itaque
1097 3754 1234 3838 proliten·
1252 3765 1312 3834 esp.
1329 3766 1374 3818 ttt.

79 3865 144 3919 turs
170 3864 339 3937 serpentem
358 3853 521 3916 bominibus
539 3853 680 3917 scientiae
697 3853 792 3917 omnis
811 3863 960 3918 auctorem
978 3855 1130 3934 extitisse,
1154 3856 1236 3919 iude-

79 3977 136 4041 que
163 3955 276 4020 lebulas
298 3977 395 4020 meras
420 3977 492 4040 quas
515 3977 567 4041 pro
586 3955 735 4042 mysteriis
754 3955 861 4020 babent
879 3957 1033 4020 commenti
1056 3969 1139 4039 suntq
1170 3979 1235 4022 eom

80 4060 152 4124 nibil
176 4057 255 4122 aliud
278 4070 396 4144 praeter
415 4058 566 4122 mimorum
590 4058 699 4122 ludicra
718 4058 838 4122 ridicula
859 4078 978 4143 prorsus
1000 4070 1030 4123 et
1048 4059 1145 4124 irradia
1163 4059 1233 4125 sint.

30 4147 33 4196 ³·
81 4161 202 4227 Etenim
226 4161 263 4225 ab
283 4161 388 4225 Aeone
407 4183 520 4225 sommo
538 4172 712 4247 propagatos
733 4161 854 4224 Aeonas
874 4161 1062 4241 existimant,
1096 4163 1235 4248 equibus

112 4317 138 4369 3.
156 4315 187 4370 τὸ
207 4319 317 4378 resertprt
334 4329 363 4366 ee
376 4315 450 4367 lette.
466 4317 524 4367 ttbre
536 4331 580 4379 pro
594 4312 646 4380 edu,
679 4319 790 4368 Petreius
806 4330 835 4366 ee
852 4317 903 4367 eorl.
918 4318 990 4367 lette.
1007 4320 1113 4368 restituit.

81 4389 143 4449 quod
161 4387 235 4448 molae
251 4389 323 4434 estet.
714 4383 773 4434 Ces.
787 4385 830 4433 ttt.
847 4413 879 4424 ·-·
897 4385 918 4437 l.
936 4377 994 4450 'e'qn
1005 4388 1099 4448 repom
1111 4399 1163 4436 cum
1179 4387 1234 4438 Gor·

113 4453 138 4506 4.
159 4455 237 4502 Verbo
251 4445 339 4520 spots
352 4451 384 4520 τῇ
398 4455 423 4503 tn
432 4453 486 4503 edtt.
497 4455 578 4504 Prtoo.
593 4467 647 4516 ops·
679 4455 748 4504 nerto
762 4457 782 4503 ot
796 4455 906 4514 Petouto,
921 4468 966 4516 pro
977 4459 1087 4517 corrupta
1102 4467 1157 4505 uror
1173 4451 1234 4518 illst,

82 4537 165 4574 rorum
182 4535 249 4572 error
265 4521 348 4570 omr'sr't.
680 4535 740 4584 quae
756 4523 826 4584 outqo
841 4525 930 4586 teqttur.

115 4591 139 4642 5.
154 4583 493 4652 nemorumnemorum
503 4589 649 4652 elidontur„

962 4675 1033 4745 32*
