3096 4988
346 304 588 358 romanamet.
606 307 687 358 rou.
705 307 736 358 n.
756 308 967 361 nasama
1175 299 1235 362 343
1285 369 1288 376 ,

85 437 138 492 tum
158 434 254 504 metu,
289 445 326 488 ce
348 435 380 488 ut
401 425 491 510 ipsam
513 425 627 505 iumen,
658 425 700 490 ita
721 427 780 490 rita
801 427 956 508 deficeret,
990 429 1094 496 deinde
1116 431 1229 494 consilii

83 527 192 613 inopia,
215 548 249 594 ac
266 527 380 592 demum
396 527 580 612 ignorantiae
598 530 713 614 penitus
731 530 909 594 immersam.
955 530 1061 617 Neque
1078 532 1171 610 enim,
1196 543 1227 596 ut

83 631 141 696 eina
161 628 261 696 Meter
284 632 377 718 prima
400 633 450 696 itta
477 652 516 694 ιιι
538 631 674 696 Aeonum
698 632 823 716 cottcgio
846 630 1016 719 Sapientia,
1047 636 1226 700 alternorum

82 736 218 800 duntaxat
243 735 412 799 dirersitate
433 744 580 812 motuum,
611 736 663 800 sed
685 736 898 801 contrariorum
921 735 1040 802 dissidio
1062 735 1223 802 laborasse.

81 836 157 922 Quin
178 848 209 901 et
230 857 335 902 nouam
354 839 474 922 iusuper
495 837 588 901 eidem
609 837 792 902 affectionem
813 839 990 924 contigisse,
1022 839 1224 906 conversionis

80 941 111 1002 ad
130 960 197 1005 eum
213 938 329 1004 scilicet
343 939 391 1023 qui
406 938 461 1003 sibi
478 940 566 1004 vitam
583 939 775 1026 impertierat.
821 939 905 1006 Hauc
922 961 993 1006 vero
1009 942 1149 1006 materiae
1164 963 1225 1005 mc·

79 1043 130 1106 tem
153 1063 188 1106 ac
207 1039 397 1106 substantiam
419 1063 504 1122 esse,
536 1063 576 1106 ex
594 1063 649 1127 qua
668 1045 789 1108 muudus
809 1044 867 1108 iste
885 1045 1003 1108 coaluit.
1047 1042 1165 1108 Etenim
1184 1066 1223 1108 ex

78 1145 136 1229 ipsa
153 1143 348 1210 conversione
364 1141 468 1209 Mundi
486 1156 515 1208 et
531 1141 702 1210 Conditoris
716 1147 845 1231 adeoque
863 1146 948 1211 aliam
965 1166 1079 1212 omnem
1097 1147 1222 1210 animam

77 1268 141 1311 csse
160 1247 305 1330 genitam,
329 1257 430 1312 cetera
448 1269 488 1312 ex
507 1258 586 1312 metu
602 1267 637 1311 ac
652 1247 754 1312 dolore
773 1248 885 1315 initium
904 1249 1066 1333 accepisse.
1110 1245 1221 1312 Name

76 1349 210 1436 lacrymis
229 1348 375 1414 humidum
394 1370 497 1428 omue,
527 1349 623 1414 erisn
641 1350 782 1431 tucidum,
809 1373 830 1423 ,e
849 1352 948 1416 dolore
967 1371 1002 1414 ac
1020 1360 1138 1435 stupore
1155 1372 1220 1415 ccr-

76 1473 164 1536 porea
178 1452 274 1516 mnudi
291 1452 434 1516 elementa
450 1471 596 1518 manasse.
641 1453 795 1518 eccidisse
812 1454 958 1534 nimirum,
983 1464 1015 1518 ut
1031 1453 1220 1538 collacryma-

74 1566 118 1619 ret
132 1555 279 1620 interdum
298 1576 332 1619 ac
353 1555 484 1633 doleret,
507 1555 582 1639 qood
600 1576 633 1620 ae
651 1557 741 1620 solnm
760 1559 790 1620 in
807 1556 935 1620 tenebris
950 1565 980 1620 et
992 1555 1133 1620 inanitate
1150 1555 1219 1620 reii-

73 1667 146 1722 ctsm
164 1656 422 1722 animadverteret.
456 1655 675 1742 Nonnunquam
689 1679 761 1724 uero
776 1681 846 1723 mox
861 1669 892 1724 ut
907 1659 983 1723 iltius
997 1656 1126 1736 luminis,
1142 1659 1218 1742 quod

73 1778 137 1823 sese
153 1761 324 1843 reliquerat,
344 1760 458 1824 ueniret
469 1761 499 1824 in
513 1761 692 1840 memoriam,
710 1761 770 1825 risu
783 1781 816 1824 se
830 1781 863 1824 ac
876 1759 1025 1845 voluptate
1039 1759 1215 1845 perfudisse,

71 1863 273 1948 interdumque
293 1883 395 1928 rursus
413 1863 449 1926 ad
467 1873 573 1927 metum
593 1863 733 1943 rediisse,
758 1862 830 1926 abias
847 1861 965 1928 anxium
985 1863 1156 1947 consiliique
1171 1863 1216 1928 ia·

72 1987 154 2052 opem
181 1977 211 2028 et
232 1964 384 2030 attonitam
407 1965 510 2030 inisse.

153 2067 234 2153 Quid
254 2079 313 2133 tum
331 2068 419 2132 inde?
460 2065 610 2133 Maximae
629 2069 766 2154 deinceps
786 2068 827 2132 ilii
844 2069 1010 2152 tragoedias
1029 2069 1155 2148 iaciunt,
1178 2089 1213 2132 ac
1247 2072 1305 2138 θαι·
1381 2123 1397 2157 ,

69 2193 118 2255 pro
134 2193 193 2236 suo
211 2171 333 2256 quisque
349 2172 443 2258 capite
456 2171 542 2236 aliter
558 2182 645 2256 atque
661 2171 746 2236 aliter
763 2193 875 2236 summa
894 2191 958 2235 cum
972 2171 1138 2256 arrogantia
1155 2171 1213 2234 dis·
1229 2139 1329 2194 xvffl‘

68 2284 164 2356 putat,
191 2293 313 2357 quanam
328 2295 369 2340 ex
384 2274 600 2360 perturbatione
617 2283 667 2337 aut
680 2295 719 2338 ex
734 2294 858 2359 quonam
874 2274 1018 2338 elemento
1031 2284 1133 2338 natura
1147 2295 1213 2358 prc-

67 2375 198 2442 daxerit.
245 2374 376 2459 Quorum
395 2377 462 2440 mibi
481 2377 584 2441 merito
599 2375 735 2440 videntur
752 2399 809 2441 noc
828 2376 918 2462 petam
937 2377 1070 2440 omnibus
1087 2376 1211 2461 discipti-

67 2499 128 2542 nam
149 2479 228 2544 nette
247 2479 445 2558 committere,
478 2480 529 2544 sed
548 2478 585 2544 iis
602 2479 695 2543 scium
715 2479 763 2563 qui
781 2479 956 2544 luculentam
974 2479 1136 2543 mercedem
1157 2499 1211 2564 pro

66 2583 154 2646 tantis
173 2581 324 2668 mysteriis
342 2591 565 2666 repraesentare
585 2581 707 2666 possint.
751 2580 857 2666 Neque
875 2582 951 2646 enim
975 2582 1029 2646 ista
1047 2601 1148 2646 eornm
1170 2581 1210 2646 si·

67 2684 141 2746 mitia
158 2694 249 2763 sunt,
272 2683 427 2768 dequibus
444 2705 461 2746 a
477 2685 594 2748 dominc
611 2683 715 2748 dictum
734 2697 797 2762 est,
822 2689 917 2748 Gratis
933 2691 1093 2767 accepistis,
1114 2689 1360 2765 pantomimae&
1381 2667 1406 2768 ’,

64 2789 142 2862 ιιιις
175 2786 229 2850 scd
252 2787 288 2850 ab
310 2786 388 2850 omni
410 2797 523 2850 remota
544 2807 634 2852 seusu
652 2805 687 2850 ac
705 2786 871 2872 prodigiosa
889 2789 1088 2873 profundaque
1103 2807 1210 2852 arcana

65 2887 108 2951 itta
131 2899 223 2967 sunt,
256 2909 330 2973 quae
352 2909 369 2952 a
393 2889 527 2954 falsitatis
549 2889 725 2955 amatoribus
747 2911 852 2975 magno
875 2891 975 2956 labore
994 2901 1208 2977 comparantur.

65 2986 136 3072 Quis
155 2992 237 3058 euim
254 3013 313 3055 ucu
333 2990 431 3056 omnia
447 2991 523 3055 bona
540 3013 594 3056 sua
609 2991 734 3056 libenter
751 2993 780 3056 in
797 2994 865 3058 illud
882 2994 1047 3078 impendat,
1070 3005 1102 3056 ut
1119 2993 1211 3058 discat

65 3093 304 3174 quemadmodum
329 3115 369 3158 cs
391 3091 605 3178 Enthymeseos
630 3094 786 3181 iacrymis,
819 3097 934 3174 adecti,
965 3097 1099 3180 inquam,
1131 3094 1208 3158 iliius

64 3197 195 3276 Aesuris,
220 3196 331 3275 maria,
356 3199 450 3260 fontes
469 3219 503 3258 uc
521 3195 637 3260 flumina
655 3197 814 3282 humorque
832 3200 926 3262 omnis
944 3197 1106 3274 effluxerit,
1130 3196 1210 3260 sinri-

65 3295 186 3384 literqoe
207 3309 238 3363 et
255 3319 295 3362 ex
312 3299 374 3363 risu
393 3297 509 3377 tumen,
541 3309 571 3362 et
588 3320 627 3364 ex
646 3310 765 3385 stupore
780 3321 815 3364 ac
832 3300 936 3364 mentis
954 3299 1051 3384 inopia
1068 3318 1208 3383 corporea

64 3403 156 3466 mundi
175 3399 322 3466 elementa
338 3402 470 3486 proiecta
484 3401 562 3464 sint?
592 3399 669 3466 Vcio
685 3401 817 3486 equidem
832 3402 961 3467 noanibii
975 3403 1090 3466 illorum
1106 3400 1208 3464 inuen-

65 3499 95 3564 tis
116 3525 172 3588 pro
191 3504 271 3569 uirili
291 3505 438 3568 conterre.
484 3503 629 3586 Quoniam
649 3505 725 3568 cuim
744 3525 882 3588 aquarum
903 3504 1001 3568 dulces
1019 3502 1092 3566 alias
1108 3501 1205 3582 video,

63 3614 156 3689 utpote
176 3609 274 3671 ioutes
290 3617 320 3668 et
337 3605 471 3684 flumina,
495 3605 625 3689 pluvias,
649 3617 679 3670 et
694 3607 721 3670 id
740 3626 833 3692 genus
848 3607 991 3690 reliquas,
1015 3605 1105 3684 aiios,
1128 3603 1210 3668 velut

64 3707 202 3788 mannas,
225 3708 330 3786 salsas,
348 3709 481 3791 suspicor
494 3729 553 3772 non
568 3728 608 3772 cx
622 3708 684 3772 eius
699 3708 837 3794 iacrymis
852 3729 953 3772 omues
970 3707 1114 3792 erupisse,
1132 3709 1206 3792 quod

64 3821 157 3874 natura
183 3809 283 3874 salsae
306 3809 365 3874 sint
387 3810 550 3895 lacrymae,
581 3811 759 3896 proindeque
782 3811 874 3876 salsas
895 3812 1037 3875 duntaxat
1057 3831 1147 3895 aquus
1168 3831 1207 3874 ex

63 3909 116 3976 eius
133 3913 278 4000 iacrymis
298 3923 398 3977 cantas
414 3933 492 3978 csse.
538 3909 613 3978 Cum
631 3912 747 3978 iuterim
764 3925 990 3979 consentancum
1008 3914 1062 3993 sit,
1086 3914 1207 3978 eandem

61 4131 296 4212 ψζισιιοιήσιιτα
305 4131 398 4203 ταύτην
410 4131 533 4203 σύνταξιν,
540 4132 575 4198 ’ἐξ
584 4124 618 4201 ἧς
684 4136 709 4189 2.
727 4131 773 4191 mix
790 4131 931 4197 ἀπεικότως
951 4139 1003 4189 cod.
1019 4140 1073 4188 um.

61 4205 105 4267 tfflt
121 4199 136 4258 ὅ
155 4203 261 4271 κὸσμος
278 4211 328 4256 vtti-
685 4205 709 4258 d.
727 4205 807 4274 ιιηγαι
823 4203 867 4259 καὶ
883 4221 930 4257 ιιι
946 4211 1008 4256 catat
1024 4209 1048 4256 in
1062 4207 1116 4256 edit.
1131 4207 1206 4267 peina

96 4271 130 4324 16.
153 4277 221 4324 Verte
243 4283 318 4341 atque
339 4273 374 4324 ita
397 4272 515 4324 materiae
538 4281 618 4324 ortam
651 4277 757 4325 Ριιιιιιιιιι
774 4277 860 4326 adiecit
876 4278 956 4326 Petam
973 4276 1001 4324 dc
1016 4276 1066 4325 cod.
1082 4273 1155 4324 Vetto.

62 4337 221 4394 substantiam
236 4359 305 4402 esse,
324 4359 354 4392 ex
370 4359 417 4409 qua
434 4347 483 4394 cett.
685 4342 709 4393 4.
726 4343 773 4408 τῆς
790 4345 900 4395 ennead.
919 4346 973 4395 Van.

88 4408 125 4460 ti.
141 4400 202 4478 ἤδη
219 4413 272 4462 cod.
290 4413 344 4462 ιἰιι.
685 4411 709 4462 b.
728 4409 753 4464 du
777 4414 844 4464 codd.
866 4415 938 4464 Vctte.
964 4414 1036 4463 ιἰιιιι.
1070 4407 1111 4464 duct
1126 4411 1210 4476 rettqut

88 4473 142 4526 Car.
160 4477 263 4531 xtrtt.
290 4507 323 4518 -
350 4479 371 4530 1.
390 4476 472 4533 toccdu
489 4493 535 4531 non
552 4481 619 4530 tabet
652 4482 714 4532 ruo.

60 4547 101 4594 tud.
114 4550 170 4598 Vett-
