<?xml version="1.0" encoding="UTF-8"?>
<!DOCTYPE html PUBLIC "-//W3C//DTD XHTML 1.0 Transitional//EN"
    "http://www.w3.org/TR/xhtml1/DTD/xhtml1-transitional.dtd">
<html xmlns="http://www.w3.org/1999/xhtml" xml:lang="en" lang="en">
 <head>
  <title>
</title>
<meta http-equiv="Content-Type" content="text/html;charset=utf-8" />
  <meta name='ocr-system' content='tesseract 3.04.00' />
  <meta name='ocr-capabilities' content='ocr_page ocr_carea ocr_par ocr_line ocrx_word'/>
</head>
<body>
  <div class='ocr_page' id='page_1' title='image "./corporishaerese01oehlgoog_0487.png"; bbox 0 0 3106 4990; ppageno 0'>
   <div class='ocr_carea' id='block_1_1' title="bbox 308 256 1036 347">
    <p class='ocr_par' dir='ltr' id='par_1_1' title="bbox 308 256 1036 347">
     <span class='ocr_line' id='line_1_1' title="bbox 308 256 1036 347; baseline 0.005 -5"><span class='ocrx_word' id='word_1_1' title='bbox 308 279 370 342; x_wconf 84' lang='grc'><strong><em>474</em></strong></span> <span class='ocrx_word' id='word_1_2' title='bbox 453 256 461 273; x_wconf 85' lang='grc'>’</span> <span class='ocrx_word' id='word_1_3' title='bbox 729 292 850 346; x_wconf 82' lang='grc' dir='ltr'><strong><em>ειοοτι</em></strong></span> <span class='ocrx_word' id='word_1_4' title='bbox 867 293 1036 347; x_wconf 80' lang='grc' dir='ltr'><strong><em>αειετιιαιι</em></strong></span> 
     </span>
    </p>
   </div>
   <div class='ocr_carea' id='block_1_2' title="bbox 305 403 1528 1316">
    <p class='ocr_par' dir='ltr' id='par_1_2' title="bbox 305 403 1528 1316">
     <span class='ocr_line' id='line_1_2' title="bbox 305 403 1453 538; baseline 0.004 -68.021"><span class='ocrx_word' id='word_1_5' title='bbox 305 405 403 492; x_wconf 82' lang='grc' dir='ltr'><strong><em>Ἰησοῦ</em></strong></span> <span class='ocrx_word' id='word_1_6' title='bbox 422 406 599 491; x_wconf 77' lang='grc' dir='ltr'><strong><em>κεκομίσθαι</em></strong></span> <span class='ocrx_word' id='word_1_7' title='bbox 615 411 657 486; x_wconf 90' lang='grc' dir='ltr'><strong><em>είς</em></strong></span> <span class='ocrx_word' id='word_1_8' title='bbox 672 413 832 490; x_wconf 76' lang='grc' dir='ltr'><strong><em>τελείωσιν,</em></strong></span> <span class='ocrx_word' id='word_1_9' title='bbox 861 413 912 476; x_wconf 83' lang='grc' dir='ltr'><strong><em>καλ</em></strong></span> <span class='ocrx_word' id='word_1_10' title='bbox 934 409 1032 478; x_wconf 71' lang='grc' dir='ltr'><strong><em>οτοῦτ’</em></strong></span> <span class='ocrx_word' id='word_1_11' title='bbox 1049 405 1124 478; x_wconf 87' lang='grc' dir='ltr'><strong><em>είναι</em></strong></span> <span class='ocrx_word' id='word_1_12' title='bbox 1139 412 1207 494; x_wconf 76' lang='grc' dir='ltr'><strong><em>περί</em></strong></span> <span class='ocrx_word' id='word_1_13' title='bbox 1224 437 1262 480; x_wconf 92' lang='grc' dir='ltr'><strong><em>ου</em></strong></span> <span class='ocrx_word' id='word_1_14' title='bbox 1248 403 1366 538; x_wconf 88' lang='grc' dir='ltr'><strong><em>λέγει,</em></strong></span> <span class='ocrx_word' id='word_1_15' title='bbox 1396 409 1453 474; x_wconf 66' lang='lat' dir='ltr'><strong>m</strong></span> 
     </span>
     <span class='ocr_line' id='line_1_3' title="bbox 309 509 1452 599; baseline 0.003 -25"><span class='ocrx_word' id='word_1_16' title='bbox 309 509 375 576; x_wconf 83' lang='grc' dir='ltr'><strong><em>άλλο</em></strong></span> <span class='ocrx_word' id='word_1_17' title='bbox 389 509 539 594; x_wconf 75' lang='grc' dir='ltr'><strong><em>βάπτισμα</em></strong></span> <span class='ocrx_word' id='word_1_18' title='bbox 555 514 609 594; x_wconf 81' lang='grc' dir='ltr'><strong><em>ἐγω</em></strong></span> <span class='ocrx_word' id='word_1_19' title='bbox 625 516 842 595; x_wconf 76' lang='grc' dir='ltr'><strong><em>βαπτισθῆναι,</em></strong></span> <span class='ocrx_word' id='word_1_20' title='bbox 864 516 916 580; x_wconf 85' lang='grc' dir='ltr'><strong><em>καλ</em></strong></span> <span class='ocrx_word' id='word_1_21' title='bbox 931 512 1011 580; x_wconf 88' lang='grc' dir='ltr'><strong><em>πάνυ</em></strong></span> <span class='ocrx_word' id='word_1_22' title='bbox 1026 517 1178 599; x_wconf 83' lang='grc' dir='ltr'><strong><em>ἐπείγομαι</em></strong></span> <span class='ocrx_word' id='word_1_23' title='bbox 1194 511 1289 590; x_wconf 76' lang='grc' dir='ltr'><strong><em>εἰς’</em></strong></span> <span class='ocrx_word' id='word_1_24' title='bbox 1250 513 1331 582; x_wconf 88' lang='grc' dir='ltr'><strong><em>αυτό.</em></strong></span> <span class='ocrx_word' id='word_1_25' title='bbox 1373 509 1452 578; x_wconf 84' lang='grc' dir='ltr'><strong><em>Ἀλλά</em></strong></span> 
     </span>
     <span class='ocr_line' id='line_1_4' title="bbox 308 615 1453 741; baseline 0.001 -63"><span class='ocrx_word' id='word_1_26' title='bbox 308 640 361 678; x_wconf 87' lang='grc' dir='ltr'><strong><em>και</em></strong></span> <span class='ocrx_word' id='word_1_27' title='bbox 383 623 445 689; x_wconf 86' lang='grc' dir='ltr'><strong><em>τοῖς</em></strong></span> <span class='ocrx_word' id='word_1_28' title='bbox 467 617 543 690; x_wconf 87' lang='grc' dir='ltr'><strong><em>νίοῖς</em></strong></span> <span class='ocrx_word' id='word_1_29' title='bbox 567 619 728 698; x_wconf 79' lang='grc' dir='ltr'><strong><em>Ζεβεδαίου</em></strong></span> <span class='ocrx_word' id='word_1_30' title='bbox 754 625 807 699; x_wconf 76' lang='grc' dir='ltr'><strong><em>τῆς</em></strong></span> <span class='ocrx_word' id='word_1_31' title='bbox 828 615 938 701; x_wconf 89' lang='grc' dir='ltr'><strong><em>μητρός</em></strong></span> <span class='ocrx_word' id='word_1_32' title='bbox 961 615 1060 684; x_wconf 77' lang='grc' dir='ltr'><strong><em>αύτοῦν</em></strong></span> <span class='ocrx_word' id='word_1_33' title='bbox 1080 615 1313 741; x_wconf 83' lang='grc' dir='ltr'><strong><em>αίτρυμένης</em></strong></span> <span class='ocrx_word' id='word_1_34' title='bbox 1281 644 1314 682; x_wconf 88' lang='grc' dir='ltr'><strong><em>το</em></strong></span> <span class='ocrx_word' id='word_1_35' title='bbox 1333 619 1453 682; x_wconf 85' lang='grc' dir='ltr'><strong><em>καθίσαι</em></strong></span> 
     </span>
     <span class='ocr_line' id='line_1_5' title="bbox 309 714 1453 803; baseline -0.003 -22"><span class='ocrx_word' id='word_1_36' title='bbox 309 714 417 792; x_wconf 85' lang='grc' dir='ltr'><strong><em>αύτούς</em></strong></span> <span class='ocrx_word' id='word_1_37' title='bbox 433 719 465 782; x_wconf 84' lang='grc' dir='ltr'><strong><em>ἐκ</em></strong></span> <span class='ocrx_word' id='word_1_38' title='bbox 480 721 583 796; x_wconf 77' lang='grc' dir='ltr'><strong><em>δεξιῶν</em></strong></span> <span class='ocrx_word' id='word_1_39' title='bbox 601 720 675 784; x_wconf 74' lang='grc' dir='ltr'><strong><em>7και</em></strong></span> <span class='ocrx_word' id='word_1_40' title='bbox 692 717 853 803; x_wconf 79' lang='grc' dir='ltr'><strong><em>ἀριστερῶν</em></strong></span> <span class='ocrx_word' id='word_1_41' title='bbox 867 745 917 802; x_wconf 88' lang='grc' dir='ltr'><strong><em>μετ</em></strong></span> <span class='ocrx_word' id='word_1_42' title='bbox 918 717 1031 785; x_wconf 79' lang='grc' dir='ltr'><strong><em>ἀὐτοῦ</em></strong></span> <span class='ocrx_word' id='word_1_43' title='bbox 1048 717 1136 795; x_wconf 88' lang='grc' dir='ltr'><strong><em>είς</em></strong></span> <span class='ocrx_word' id='word_1_44' title='bbox 1101 745 1156 802; x_wconf 89' lang='grc' dir='ltr'><strong><em>την</em></strong></span> <span class='ocrx_word' id='word_1_45' title='bbox 1171 723 1329 802; x_wconf 88' lang='grc' dir='ltr'><strong><em>βασιλείαν,</em></strong></span> <span class='ocrx_word' id='word_1_46' title='bbox 1349 717 1453 798; x_wconf 81' lang='grc' dir='ltr'><strong><em>ταύτην</em></strong></span> 
     </span>
     <span class='ocr_line' id='line_1_6' title="bbox 309 817 1453 906; baseline 0 -22"><span class='ocrx_word' id='word_1_47' title='bbox 309 829 480 904; x_wconf 87' lang='grc' dir='ltr'><strong><em>προςθεῖιαι</em></strong></span> <span class='ocrx_word' id='word_1_48' title='bbox 498 818 552 902; x_wconf 81' lang='grc' dir='ltr'><strong><em>τήν</em></strong></span> <span class='ocrx_word' id='word_1_49' title='bbox 568 817 772 905; x_wconf 68' lang='grc' dir='ltr'><strong><em>ἀπολύτρωσιν</em></strong></span> <span class='ocrx_word' id='word_1_50' title='bbox 788 819 839 888; x_wconf 86' lang='grc' dir='ltr'><strong><em>τόν</em></strong></span> <span class='ocrx_word' id='word_1_51' title='bbox 853 820 956 906; x_wconf 89' lang='grc' dir='ltr'><strong><em>κύριον</em></strong></span> <span class='ocrx_word' id='word_1_52' title='bbox 970 824 1119 906; x_wconf 88' lang='grc' dir='ltr'><strong><em>λέγουσιν,</em></strong></span> <span class='ocrx_word' id='word_1_53' title='bbox 1151 821 1286 902; x_wconf 81' lang='grc' dir='ltr'><strong><em>εἰπόντα,</em></strong></span> <span class='ocrx_word' id='word_1_54' title='bbox 1317 819 1453 886; x_wconf 82' lang='grc' dir='ltr'><strong><em>Δύνασθε</em></strong></span> 
     </span>
     <span class='ocr_line' id='line_1_7' title="bbox 309 920 1452 1009; baseline 0 -23"><span class='ocrx_word' id='word_1_55' title='bbox 309 920 341 988; x_wconf 87' lang='grc' dir='ltr'><strong><em>τό</em></strong></span> <span class='ocrx_word' id='word_1_56' title='bbox 356 921 506 1005; x_wconf 76' lang='grc' dir='ltr'><strong><em>βάπτισμα</em></strong></span> <span class='ocrx_word' id='word_1_57' title='bbox 520 927 741 1007; x_wconf 80' lang='grc' dir='ltr'><strong><em>βαπτισθῆναι,</em></strong></span> <span class='ocrx_word' id='word_1_58' title='bbox 763 923 781 991; x_wconf 83' lang='grc' dir='ltr'><strong><em>δ</em></strong></span> <span class='ocrx_word' id='word_1_59' title='bbox 797 923 854 1009; x_wconf 83' lang='grc' dir='ltr'><strong><em>ἐγά</em></strong></span> <span class='ocrx_word' id='word_1_60' title='bbox 871 927 963 1008; x_wconf 86' lang='grc' dir='ltr'><strong><em>μέλλω</em></strong></span> <span class='ocrx_word' id='word_1_61' title='bbox 980 928 1172 1007; x_wconf 79' lang='grc' dir='ltr'><strong><em>βαπτίζεσθαι</em></strong></span> <span class='ocrx_word' id='word_1_62' title='bbox 1178 953 1187 1002; x_wconf 88' lang='lat'>;</span> <span class='ocrx_word' id='word_1_63' title='bbox 1232 926 1293 990; x_wconf 78' lang='grc' dir='ltr'><strong><em>Καὶ</em></strong></span> <span class='ocrx_word' id='word_1_64' title='bbox 1307 923 1358 990; x_wconf 90' lang='grc' dir='ltr'><strong><em>τόν</em></strong></span> <span class='ocrx_word' id='word_1_65' title='bbox 1375 928 1452 986; x_wconf 81' lang='grc' dir='ltr'><strong><em>Παῦ-</em></strong></span> 
     </span>
     <span class='ocr_line' id='line_1_8' title="bbox 307 1023 1453 1114; baseline 0.003 -26"><span class='ocrx_word' id='word_1_66' title='bbox 307 1033 358 1090; x_wconf 85' lang='grc' dir='ltr'><strong><em>λον</em></strong></span> <span class='ocrx_word' id='word_1_67' title='bbox 379 1029 476 1108; x_wconf 74' lang='grc' dir='ltr'><strong><em>βητεῑς</em></strong></span> <span class='ocrx_word' id='word_1_68' title='bbox 492 1023 641 1106; x_wconf 75' lang='grc' dir='ltr'><strong><em>φάσκουσι</em></strong></span> <span class='ocrx_word' id='word_1_69' title='bbox 661 1025 715 1109; x_wconf 72' lang='grc' dir='ltr'><strong><em>τόν</em></strong></span> <span class='ocrx_word' id='word_1_70' title='bbox 737 1029 769 1092; x_wconf 88' lang='grc' dir='ltr'><strong><em>ἐν</em></strong></span> <span class='ocrx_word' id='word_1_71' title='bbox 787 1034 906 1114; x_wconf 79' lang='grc' dir='ltr'><strong><em>Χριστῷ</em></strong></span> <span class='ocrx_word' id='word_1_72' title='bbox 922 1025 1018 1110; x_wconf 80' lang='grc' dir='ltr'><strong><em>Ἰησοῦ</em></strong></span> <span class='ocrx_word' id='word_1_73' title='bbox 1035 1024 1239 1112; x_wconf 70' lang='grc' dir='ltr'><strong><em>ἀπολύτρωσιν</em></strong></span> <span class='ocrx_word' id='word_1_74' title='bbox 1255 1025 1393 1101; x_wconf 83' lang='grc' dir='ltr'><strong><em>πολλάκις</em></strong></span> <span class='ocrx_word' id='word_1_75' title='bbox 1410 1047 1453 1104; x_wconf 80' lang='grc' dir='ltr'><strong><em>μι-</em></strong></span> 
     </span>
     <span class='ocr_line' id='line_1_9' title="bbox 308 1125 1454 1213; baseline 0.007 -21"><span class='ocrx_word' id='word_1_76' title='bbox 308 1129 484 1210; x_wconf 87' lang='grc' dir='ltr'><strong><em>μηυυιιέναι,</em></strong></span> <span class='ocrx_word' id='word_1_77' title='bbox 513 1133 565 1196; x_wconf 84' lang='grc' dir='ltr'><strong><em>καί</em></strong></span> <span class='ocrx_word' id='word_1_78' title='bbox 582 1125 656 1194; x_wconf 85' lang='grc' dir='ltr'><strong><em>είναι</em></strong></span> <span class='ocrx_word' id='word_1_79' title='bbox 674 1128 782 1211; x_wconf 87' lang='grc' dir='ltr'><strong><em>ταύτην</em></strong></span> <span class='ocrx_word' id='word_1_80' title='bbox 798 1129 852 1213; x_wconf 67' lang='grc' dir='ltr'><strong><em>τόν</em></strong></span> <span class='ocrx_word' id='word_1_81' title='bbox 870 1127 921 1195; x_wconf 78' lang='grc' dir='ltr'><strong><em>ἀπ’</em></strong></span> <span class='ocrx_word' id='word_1_82' title='bbox 937 1127 1035 1194; x_wconf 82' lang='grc' dir='ltr'><strong><em>αύτεῦν</em></strong></span> <span class='ocrx_word' id='word_1_83' title='bbox 1050 1135 1190 1207; x_wconf 84' lang='grc' dir='ltr'><strong><em>ποικίλως</em></strong></span> <span class='ocrx_word' id='word_1_84' title='bbox 1206 1133 1256 1196; x_wconf 76' lang='grc' dir='ltr'><strong><em>καί</em></strong></span> <span class='ocrx_word' id='word_1_85' title='bbox 1273 1125 1454 1212; x_wconf 74' lang='grc' dir='ltr'><strong><em>ἀσυμφείνῠς</em></strong></span> 
     </span>
     <span class='ocr_line' id='line_1_10' title="bbox 309 1225 1528 1316; baseline 0.002 -22"><span class='ocrx_word' id='word_1_86' title='bbox 309 1231 554 1316; x_wconf 87' lang='grc' dir='ltr'><strong><em>παραδεδομένην.</em></strong></span> <span class='ocrx_word' id='word_1_87' title='bbox 1527 1225 1528 1230; x_wconf 27' lang='lat'>¹</span> 
     </span>
    </p>
   </div>
   <div class='ocr_carea' id='block_1_3' title="bbox 191 1433 1530 3879">
    <p class='ocr_par' dir='ltr' id='par_1_3' title="bbox 217 1433 1530 2548">
     <span class='ocr_line' id='line_1_11' title="bbox 217 1433 1453 1522; baseline 0.003 -26"><span class='ocrx_word' id='word_1_88' title='bbox 217 1479 223 1496; x_wconf 90' lang='lat'><strong><em>.</em></strong></span> <span class='ocrx_word' id='word_1_89' title='bbox 276 1444 291 1499; x_wconf 87' lang='lat'><strong><em>&#39;.</em></strong></span> <span class='ocrx_word' id='word_1_90' title='bbox 397 1437 437 1500; x_wconf 86' lang='grc' dir='ltr'><strong><em>Οί</em></strong></span> <span class='ocrx_word' id='word_1_91' title='bbox 454 1437 508 1518; x_wconf 88' lang='grc' dir='ltr'><strong><em>μέν</em></strong></span> <span class='ocrx_word' id='word_1_92' title='bbox 528 1435 584 1521; x_wconf 86' lang='grc' dir='ltr'><strong><em>γάρ</em></strong></span> <span class='ocrx_word' id='word_1_93' title='bbox 606 1433 704 1502; x_wconf 82' lang='grc' dir='ltr'><strong><em>αύτοῦν</em></strong></span> <span class='ocrx_word' id='word_1_94' title='bbox 725 1443 873 1521; x_wconf 76' lang='grc' dir='ltr'><strong><em>νομφοῦνα</em></strong></span> <span class='ocrx_word' id='word_1_95' title='bbox 890 1437 1154 1518; x_wconf 72' lang='grc' dir='ltr'><strong><em>κατασκευάζουσι,</em></strong></span> <span class='ocrx_word' id='word_1_96' title='bbox 1184 1439 1237 1504; x_wconf 83' lang='grc' dir='ltr'><strong><em>καί</em></strong></span> <span class='ocrx_word' id='word_1_97' title='bbox 1254 1439 1453 1522; x_wconf 79' lang='grc' dir='ltr'><strong><em>μυσταγωγίαν</em></strong></span> 
     </span>
     <span class='ocr_line' id='line_1_12' title="bbox 310 1534 1455 1624; baseline -0.003 -20"><span class='ocrx_word' id='word_1_98' title='bbox 310 1539 470 1604; x_wconf 77' lang='grc' dir='ltr'><strong><em>ἐπιτελοῦσι</em></strong></span> <span class='ocrx_word' id='word_1_99' title='bbox 491 1535 550 1619; x_wconf 89' lang='grc' dir='ltr'><strong><em>μετ’</em></strong></span> <span class='ocrx_word' id='word_1_100' title='bbox 569 1537 752 1624; x_wconf 78' lang='grc' dir='ltr'><strong><em>έπιρρησεάν</em></strong></span> <span class='ocrx_word' id='word_1_101' title='bbox 769 1567 857 1606; x_wconf 88' lang='grc' dir='ltr'><strong><em>τινων</em></strong></span> <span class='ocrx_word' id='word_1_102' title='bbox 872 1549 935 1616; x_wconf 86' lang='grc' dir='ltr'><strong><em>τοῖς</em></strong></span> <span class='ocrx_word' id='word_1_103' title='bbox 950 1542 1176 1624; x_wconf 86' lang='grc' dir='ltr'><strong><em>τελειουμέναις,</em></strong></span> <span class='ocrx_word' id='word_1_104' title='bbox 1197 1542 1246 1606; x_wconf 79' lang='grc' dir='ltr'><strong><em>καί</em></strong></span> <span class='ocrx_word' id='word_1_105' title='bbox 1263 1534 1455 1621; x_wconf 82' lang='grc' dir='ltr'><strong><em>πνευματικόν</em></strong></span> 
     </span>
     <span class='ocr_line' id='line_1_13' title="bbox 310 1638 1455 1730; baseline 0 -26"><span class='ocrx_word' id='word_1_106' title='bbox 310 1640 405 1724; x_wconf 89' lang='grc' dir='ltr'><strong><em>γάμον</em></strong></span> <span class='ocrx_word' id='word_1_107' title='bbox 422 1638 588 1722; x_wconf 74' lang='grc' dir='ltr'><strong><em>φάσκουσιν</em></strong></span> <span class='ocrx_word' id='word_1_108' title='bbox 610 1639 684 1706; x_wconf 87' lang='grc' dir='ltr'><strong><em>είναι</em></strong></span> <span class='ocrx_word' id='word_1_109' title='bbox 704 1641 737 1708; x_wconf 86' lang='grc' dir='ltr'><strong><em>τά</em></strong></span> <span class='ocrx_word' id='word_1_110' title='bbox 760 1639 809 1707; x_wconf 76' lang='grc' dir='ltr'><strong><em>ἀπ’</em></strong></span> <span class='ocrx_word' id='word_1_111' title='bbox 826 1641 924 1708; x_wconf 75' lang='grc' dir='ltr'><strong><em>αύτοῦν</em></strong></span> <span class='ocrx_word' id='word_1_112' title='bbox 941 1642 1110 1730; x_wconf 87' lang='grc' dir='ltr'><strong><em>γινόμενον,</em></strong></span> <span class='ocrx_word' id='word_1_113' title='bbox 1140 1642 1217 1708; x_wconf 83' lang='grc' dir='ltr'><strong><em>κατά</em></strong></span> <span class='ocrx_word' id='word_1_114' title='bbox 1233 1643 1287 1724; x_wconf 74' lang='grc' dir='ltr'><strong><em>τὴν</em></strong></span> <span class='ocrx_word' id='word_1_115' title='bbox 1302 1638 1455 1724; x_wconf 72' lang='grc' dir='ltr'><strong><em>ὁμοιότητα</em></strong></span> 
     </span>
     <span class='ocr_line' id='line_1_14' title="bbox 310 1741 1456 1832; baseline 0.003 -26"><span class='ocrx_word' id='word_1_116' title='bbox 310 1750 369 1808; x_wconf 79' lang='grc' dir='ltr'><strong><em>τῶν</em></strong></span> <span class='ocrx_word' id='word_1_117' title='bbox 386 1741 447 1809; x_wconf 84' lang='grc' dir='ltr'><strong><em>άνω</em></strong></span> <span class='ocrx_word' id='word_1_118' title='bbox 463 1749 630 1828; x_wconf 71' lang='grc' dir='ltr'><strong><em>Συζυγιοῦν·</em></strong></span> <span class='ocrx_word' id='word_1_119' title='bbox 663 1748 694 1810; x_wconf 87' lang='grc' dir='ltr'><strong><em>οί</em></strong></span> <span class='ocrx_word' id='word_1_120' title='bbox 713 1746 745 1810; x_wconf 81' lang='grc' dir='ltr'><strong><em>δέ</em></strong></span> <span class='ocrx_word' id='word_1_121' title='bbox 764 1744 887 1830; x_wconf 83' lang='grc' dir='ltr'><strong><em>ἀγουσιν</em></strong></span> <span class='ocrx_word' id='word_1_122' title='bbox 906 1743 953 1823; x_wconf 86' lang='grc' dir='ltr'><strong><em>ἐφ’</em></strong></span> <span class='ocrx_word' id='word_1_123' title='bbox 970 1745 1066 1832; x_wconf 77' lang='grc' dir='ltr'><strong><em>ὕδωρ,</em></strong></span> <span class='ocrx_word' id='word_1_124' title='bbox 1095 1748 1146 1812; x_wconf 79' lang='grc' dir='ltr'><strong><em>καί</em></strong></span> <span class='ocrx_word' id='word_1_125' title='bbox 1164 1750 1351 1829; x_wconf 73' lang='grc' dir='ltr'><strong><em>βαπτίζοντες</em></strong></span> <span class='ocrx_word' id='word_1_126' title='bbox 1367 1743 1456 1818; x_wconf 83' lang='grc' dir='ltr'><strong><em>οῦτας</em></strong></span> 
     </span>
     <span class='ocr_line' id='line_1_15' title="bbox 311 1845 1530 1932; baseline 0.002 -22"><span class='ocrx_word' id='word_1_127' title='bbox 311 1847 505 1932; x_wconf 90' lang='grc' dir='ltr'><strong><em>ἐπιλέγουσιν·</em></strong></span> <span class='ocrx_word' id='word_1_128' title='bbox 537 1851 593 1923; x_wconf 81' lang='grc' dir='ltr'><strong><em>Εἰς</em></strong></span> <span class='ocrx_word' id='word_1_129' title='bbox 614 1845 709 1928; x_wconf 78' lang='grc' dir='ltr'><strong><em>ὄνομα</em></strong></span> <span class='ocrx_word' id='word_1_130' title='bbox 730 1845 883 1932; x_wconf 73' lang='grc' dir='ltr'><strong><em>ἀγνώστου</em></strong></span> <span class='ocrx_word' id='word_1_131' title='bbox 903 1847 1022 1931; x_wconf 83' lang='grc' dir='ltr'><strong><em>Πατρός</em></strong></span> <span class='ocrx_word' id='word_1_132' title='bbox 1043 1855 1103 1914; x_wconf 76' lang='grc' dir='ltr'><strong><em>τοῖν</em></strong></span> <span class='ocrx_word' id='word_1_133' title='bbox 1123 1847 1215 1928; x_wconf 81' lang='grc' dir='ltr'><strong><em>ὅλων,</em></strong></span> <span class='ocrx_word' id='word_1_134' title='bbox 1244 1851 1287 1925; x_wconf 90' lang='grc' dir='ltr'><strong><em>είς</em></strong></span> <span class='ocrx_word' id='word_1_135' title='bbox 1304 1846 1457 1930; x_wconf 75' lang='grc' dir='ltr'><strong><em>Ἀλήθειαν</em></strong></span> <span class='ocrx_word' id='word_1_136' title='bbox 1529 1875 1530 1882; x_wconf 55' lang='grc'><strong>“</strong></span> 
     </span>
     <span class='ocr_line' id='line_1_16' title="bbox 311 1947 1457 2033; baseline 0.002 -21"><span class='ocrx_word' id='word_1_137' title='bbox 311 1951 437 2032; x_wconf 82' lang='grc' dir='ltr'><strong><em>Μητέρα</em></strong></span> <span class='ocrx_word' id='word_1_138' title='bbox 454 1949 585 2030; x_wconf 89' lang='grc' dir='ltr'><strong><em>πάντων,</em></strong></span> <span class='ocrx_word' id='word_1_139' title='bbox 615 1953 657 2026; x_wconf 85' lang='grc' dir='ltr'><strong><em>είς</em></strong></span> <span class='ocrx_word' id='word_1_140' title='bbox 672 1948 722 2016; x_wconf 89' lang='grc' dir='ltr'><strong><em>τόν</em></strong></span> <span class='ocrx_word' id='word_1_141' title='bbox 736 1949 917 2016; x_wconf 85' lang='grc' dir='ltr'><strong><em>κατελθόντα</em></strong></span> <span class='ocrx_word' id='word_1_142' title='bbox 932 1953 972 2028; x_wconf 87' lang='grc' dir='ltr'><strong><em>είς</em></strong></span> <span class='ocrx_word' id='word_1_143' title='bbox 988 1949 1119 2033; x_wconf 88' lang='grc' dir='ltr'><strong><em>Ἰησοῦν,</em></strong></span> <span class='ocrx_word' id='word_1_144' title='bbox 1150 1954 1192 2027; x_wconf 87' lang='grc' dir='ltr'><strong><em>είς</em></strong></span> <span class='ocrx_word' id='word_1_145' title='bbox 1206 1953 1309 2016; x_wconf 81' lang='grc' dir='ltr'><strong><em>ένωσιν</em></strong></span> <span class='ocrx_word' id='word_1_146' title='bbox 1321 1952 1375 2016; x_wconf 82' lang='grc' dir='ltr'><strong><em>καλ</em></strong></span> <span class='ocrx_word' id='word_1_147' title='bbox 1389 1947 1457 2014; x_wconf 85' lang='grc' dir='ltr'><strong><em>ἀντο-</em></strong></span> 
     </span>
     <span class='ocr_line' id='line_1_17' title="bbox 309 2048 1456 2138; baseline 0.002 -24"><span class='ocrx_word' id='word_1_148' title='bbox 309 2048 452 2136; x_wconf 87' lang='grc' dir='ltr'><strong><em>λύτρωσιν</em></strong></span> <span class='ocrx_word' id='word_1_149' title='bbox 472 2054 523 2118; x_wconf 78' lang='grc' dir='ltr'><strong><em>καί</em></strong></span> <span class='ocrx_word' id='word_1_150' title='bbox 541 2057 698 2118; x_wconf 89' lang='grc' dir='ltr'><strong><em>κοινωνίαν</em></strong></span> <span class='ocrx_word' id='word_1_151' title='bbox 715 2061 775 2118; x_wconf 78' lang='grc' dir='ltr'><strong><em>τοῦν</em></strong></span> <span class='ocrx_word' id='word_1_152' title='bbox 793 2051 955 2137; x_wconf 88' lang='grc' dir='ltr'><strong><em>δυνάμεων.</em></strong></span> <span class='ocrx_word' id='word_1_153' title='bbox 991 2052 1091 2120; x_wconf 69' lang='grc' dir='ltr'><strong><em>’Ἄλλοι</em></strong></span> <span class='ocrx_word' id='word_1_154' title='bbox 1110 2056 1142 2120; x_wconf 85' lang='grc' dir='ltr'><strong><em>δέ</em></strong></span> <span class='ocrx_word' id='word_1_155' title='bbox 1155 2051 1298 2138; x_wconf 80' lang='grc' dir='ltr'><strong><em>Ἑβραϊκύ</em></strong></span> <span class='ocrx_word' id='word_1_156' title='bbox 1312 2079 1378 2120; x_wconf 85' lang='grc' dir='ltr'><strong><em>τινα</em></strong></span> <span class='ocrx_word' id='word_1_157' title='bbox 1396 2048 1456 2116; x_wconf 80' lang='grc' dir='ltr'><strong><em>όνό·</em></strong></span> 
     </span>
     <span class='ocr_line' id='line_1_18' title="bbox 311 2153 1457 2242; baseline 0.002 -24"><span class='ocrx_word' id='word_1_158' title='bbox 311 2181 387 2235; x_wconf 88' lang='grc' dir='ltr'><strong><em>ματα</em></strong></span> <span class='ocrx_word' id='word_1_159' title='bbox 407 2157 586 2242; x_wconf 81' lang='grc' dir='ltr'><strong><em>ἐπιλέγουσι,</em></strong></span> <span class='ocrx_word' id='word_1_160' title='bbox 616 2153 692 2239; x_wconf 86' lang='grc' dir='ltr'><strong><em>πρός</em></strong></span> <span class='ocrx_word' id='word_1_161' title='bbox 711 2153 745 2222; x_wconf 85' lang='grc' dir='ltr'><strong><em>τύ</em></strong></span> <span class='ocrx_word' id='word_1_162' title='bbox 763 2161 871 2238; x_wconf 84' lang='grc' dir='ltr'><strong><em>μᾶλλον</em></strong></span> <span class='ocrx_word' id='word_1_163' title='bbox 888 2155 1131 2239; x_wconf 76' lang='grc' dir='ltr'><strong><em>καταπλήξασθαι</em></strong></span> <span class='ocrx_word' id='word_1_164' title='bbox 1148 2155 1219 2232; x_wconf 86' lang='grc' dir='ltr'><strong><em>τούς</em></strong></span> <span class='ocrx_word' id='word_1_165' title='bbox 1235 2157 1457 2237; x_wconf 86' lang='grc' dir='ltr'><strong><em>τελειουμένονς,</em></strong></span> 
     </span>
     <span class='ocr_line' id='line_1_19' title="bbox 311 2255 1457 2344; baseline -0.003 -22"><span class='ocrx_word' id='word_1_166' title='bbox 311 2255 418 2334; x_wconf 73' lang='grc' dir='ltr'><strong><em>οὕτως·</em></strong></span> <span class='ocrx_word' id='word_1_167' title='bbox 443 2258 570 2340; x_wconf 83' lang='grc' dir='ltr'><strong><em>Βασεμά,</em></strong></span> <span class='ocrx_word' id='word_1_168' title='bbox 598 2256 772 2341; x_wconf 78' lang='grc' dir='ltr'><strong><em>ιΧαμοσσή,</em></strong></span> <span class='ocrx_word' id='word_1_169' title='bbox 796 2257 995 2344; x_wconf 56' lang='grc' dir='ltr'><strong><em>ῃΒααιανορά,</em></strong></span> <span class='ocrx_word' id='word_1_170' title='bbox 1019 2263 1183 2337; x_wconf 90' lang='grc' dir='ltr'><strong><em>Μισταδία,</em></strong></span> <span class='ocrx_word' id='word_1_171' title='bbox 1203 2257 1335 2335; x_wconf 84' lang='grc' dir='ltr'><strong><em>Ῥουαδά,</em></strong></span> <span class='ocrx_word' id='word_1_172' title='bbox 1363 2263 1457 2320; x_wconf 63' lang='grc' dir='ltr'><strong><em>*Χου-</em></strong></span> 
     </span>
     <span class='ocr_line' id='line_1_20' title="bbox 311 2355 1457 2446; baseline -0.001 -22"><span class='ocrx_word' id='word_1_173' title='bbox 311 2358 379 2440; x_wconf 87' lang='grc' dir='ltr'><strong><em>στά,</em></strong></span> <span class='ocrx_word' id='word_1_174' title='bbox 400 2360 561 2445; x_wconf 83' lang='grc' dir='ltr'><strong><em>Βαβοφόρ,</em></strong></span> <span class='ocrx_word' id='word_1_175' title='bbox 586 2367 742 2444; x_wconf 82' lang='grc' dir='ltr'><strong><em>Χαλαχθεῖ.</em></strong></span> <span class='ocrx_word' id='word_1_176' title='bbox 791 2359 911 2426; x_wconf 82' lang='grc' dir='ltr'><strong><em>Τούτων</em></strong></span> <span class='ocrx_word' id='word_1_177' title='bbox 925 2359 986 2443; x_wconf 67' lang='grc' dir='ltr'><strong><em>δίγ</em></strong></span> <span class='ocrx_word' id='word_1_178' title='bbox 1003 2363 1140 2446; x_wconf 76' lang='grc' dir='ltr'><strong><em>ἑρμηνεία</em></strong></span> <span class='ocrx_word' id='word_1_179' title='bbox 1155 2363 1216 2426; x_wconf 82' lang='grc' dir='ltr'><strong><em>ἐστὶ</em></strong></span> <span class='ocrx_word' id='word_1_180' title='bbox 1231 2359 1365 2440; x_wconf 82' lang='grc' dir='ltr'><strong><em>τοιαύτη·</em></strong></span> <span class='ocrx_word' id='word_1_181' title='bbox 1388 2355 1457 2440; x_wconf 81' lang='grc' dir='ltr'><strong><em>ύπέρ</em></strong></span> 
     </span>
     <span class='ocr_line' id='line_1_21' title="bbox 312 2461 1459 2548; baseline -0.003 -20"><span class='ocrx_word' id='word_1_182' title='bbox 312 2467 410 2530; x_wconf 83' lang='grc' dir='ltr'><strong><em>πᾶσαν</em></strong></span> <span class='ocrx_word' id='word_1_183' title='bbox 429 2463 556 2546; x_wconf 88' lang='grc' dir='ltr'><strong><em>δύναμιν</em></strong></span> <span class='ocrx_word' id='word_1_184' title='bbox 571 2471 625 2530; x_wconf 89' lang='grc' dir='ltr'><strong><em>τοῦ</em></strong></span> <span class='ocrx_word' id='word_1_185' title='bbox 639 2463 751 2548; x_wconf 83' lang='grc' dir='ltr'><strong><em>πατρός</em></strong></span> <span class='ocrx_word' id='word_1_186' title='bbox 765 2467 959 2547; x_wconf 87' lang='grc' dir='ltr'><strong><em>ἐπικαλοῦμαι</em></strong></span> <span class='ocrx_word' id='word_1_187' title='bbox 974 2471 1040 2545; x_wconf 77' lang='grc' dir='ltr'><strong><em>φύς</em></strong></span> <span class='ocrx_word' id='word_1_188' title='bbox 1057 2461 1287 2546; x_wconf 78' lang='grc' dir='ltr'><strong><em>ὀνομαζόμενον,</em></strong></span> <span class='ocrx_word' id='word_1_189' title='bbox 1308 2463 1361 2530; x_wconf 76' lang='grc' dir='ltr'><strong><em>καί</em></strong></span> <span class='ocrx_word' id='word_1_190' title='bbox 1376 2467 1459 2526; x_wconf 83' lang='grc' dir='ltr'><strong><em>πνεῦ-</em></strong></span> 
     </span>
    </p>

    <p class='ocr_par' dir='ltr' id='par_1_4' title="bbox 191 2561 1460 2754">
     <span class='ocr_line' id='line_1_22' title="bbox 191 2561 1459 2652; baseline -0.004 -20"><span class='ocrx_word' id='word_1_191' title='bbox 191 2601 240 2645; x_wconf 70' lang='lat' dir='ltr'><strong><em>m.</em></strong></span> <span class='ocrx_word' id='word_1_192' title='bbox 254 2589 297 2636; x_wconf 75' lang='grc' dir='ltr'><strong><em>τοι.</em></strong></span> <span class='ocrx_word' id='word_1_193' title='bbox 313 2592 354 2647; x_wconf 83' lang='grc' dir='ltr'><strong><em>μοι</em></strong></span> <span class='ocrx_word' id='word_1_194' title='bbox 368 2565 497 2652; x_wconf 86' lang='grc' dir='ltr'><strong><em>ἀγαθόν,</em></strong></span> <span class='ocrx_word' id='word_1_195' title='bbox 520 2569 571 2631; x_wconf 79' lang='grc' dir='ltr'><strong><em>καί</em></strong></span> <span class='ocrx_word' id='word_1_196' title='bbox 586 2566 659 2649; x_wconf 71' lang='grc' dir='ltr'><strong><em>ζωὴ,</em></strong></span> <span class='ocrx_word' id='word_1_197' title='bbox 681 2567 727 2632; x_wconf 84' lang='grc' dir='ltr'><strong><em>δτι</em></strong></span> <span class='ocrx_word' id='word_1_198' title='bbox 742 2569 774 2632; x_wconf 89' lang='grc' dir='ltr'><strong><em>ἐν</em></strong></span> <span class='ocrx_word' id='word_1_199' title='bbox 789 2566 902 2650; x_wconf 83' lang='grc' dir='ltr'><strong><em>σάματι</em></strong></span> <span class='ocrx_word' id='word_1_200' title='bbox 916 2571 1112 2650; x_wconf 88' lang='grc' dir='ltr'><strong><em>ἐβασίλευσας.</em></strong></span> <span class='ocrx_word' id='word_1_201' title='bbox 1148 2564 1247 2634; x_wconf 84' lang='grc' dir='ltr'><strong><em>’Ἀλλσι</em></strong></span> <span class='ocrx_word' id='word_1_202' title='bbox 1262 2567 1294 2630; x_wconf 86' lang='grc' dir='ltr'><strong><em>δέ</em></strong></span> <span class='ocrx_word' id='word_1_203' title='bbox 1306 2563 1396 2630; x_wconf 82' lang='grc' dir='ltr'><strong><em>πάλιν</em></strong></span> <span class='ocrx_word' id='word_1_204' title='bbox 1410 2561 1459 2644; x_wconf 74' lang='grc' dir='ltr'><strong><em>τόν</em></strong></span> 
     </span>
     <span class='ocr_line' id='line_1_23' title="bbox 311 2664 1460 2754; baseline -0.001 -21"><span class='ocrx_word' id='word_1_205' title='bbox 311 2667 453 2753; x_wconf 83' lang='grc' dir='ltr'><strong><em>λύτρωσιν</em></strong></span> <span class='ocrx_word' id='word_1_206' title='bbox 470 2671 651 2754; x_wconf 88' lang='grc' dir='ltr'><strong><em>ἐπιλέγουσιν</em></strong></span> <span class='ocrx_word' id='word_1_207' title='bbox 669 2668 777 2745; x_wconf 86' lang='grc' dir='ltr'><strong><em>οῦιως·</em></strong></span> <span class='ocrx_word' id='word_1_208' title='bbox 801 2668 834 2734; x_wconf 85' lang='grc' dir='ltr'><strong><em>τά</em></strong></span> <span class='ocrx_word' id='word_1_209' title='bbox 852 2669 946 2754; x_wconf 78' lang='grc' dir='ltr'><strong><em>ὄνομα</em></strong></span> <span class='ocrx_word' id='word_1_210' title='bbox 963 2669 996 2736; x_wconf 88' lang='grc' dir='ltr'><strong><em>ιδ</em></strong></span> <span class='ocrx_word' id='word_1_211' title='bbox 1011 2668 1275 2754; x_wconf 82' lang='grc' dir='ltr'><strong><em>ἀποκεκρυμμένον</em></strong></span> <span class='ocrx_word' id='word_1_212' title='bbox 1291 2664 1349 2732; x_wconf 84' lang='grc' dir='ltr'><strong><em>ἀπό</em></strong></span> <span class='ocrx_word' id='word_1_213' title='bbox 1367 2664 1460 2746; x_wconf 81' lang='grc' dir='ltr'><strong><em>πάσης</em></strong></span> 
     </span>
    </p>

    <p class='ocr_par' dir='ltr' id='par_1_5' title="bbox 267 2765 1462 3879">
     <span class='ocr_line' id='line_1_24' title="bbox 267 2765 1458 2856; baseline -0.003 -22"><span class='ocrx_word' id='word_1_214' title='bbox 267 2772 272 2783; x_wconf 87' lang='grc'><strong>“</strong></span> <span class='ocrx_word' id='word_1_215' title='bbox 311 2770 453 2854; x_wconf 85' lang='grc' dir='ltr'><strong><em>θεότητος</em></strong></span> <span class='ocrx_word' id='word_1_216' title='bbox 473 2774 524 2836; x_wconf 79' lang='grc' dir='ltr'><strong><em>καὶ</em></strong></span> <span class='ocrx_word' id='word_1_217' title='bbox 540 2771 713 2856; x_wconf 83' lang='grc' dir='ltr'><strong><em>κυριότητος</em></strong></span> <span class='ocrx_word' id='word_1_218' title='bbox 735 2774 786 2838; x_wconf 84' lang='grc' dir='ltr'><strong><em>καὶ</em></strong></span> <span class='ocrx_word' id='word_1_219' title='bbox 805 2769 961 2855; x_wconf 87' lang='grc' dir='ltr'><strong><em>ἀληθείας,</em></strong></span> <span class='ocrx_word' id='word_1_220' title='bbox 992 2773 1010 2838; x_wconf 80' lang='grc' dir='ltr'><strong><em>δ</em></strong></span> <span class='ocrx_word' id='word_1_221' title='bbox 1029 2769 1184 2838; x_wconf 80' lang='grc' dir='ltr'><strong><em>ἐνεδύσατο</em></strong></span> <span class='ocrx_word' id='word_1_222' title='bbox 1201 2765 1347 2854; x_wconf 80' lang='grc' dir='ltr'><strong><em>Ἰησοῦςό</em></strong></span> <span class='ocrx_word' id='word_1_223' title='bbox 1368 2775 1458 2844; x_wconf 60' lang='lat' dir='ltr'><strong>Natu·</strong></span> 
     </span>
     <span class='ocr_line' id='line_1_25' title="bbox 313 2865 1459 2960; baseline -0.004 -22"><span class='ocrx_word' id='word_1_224' title='bbox 313 2871 401 2958; x_wconf 87' lang='grc' dir='ltr'><strong><em>ρηνδς</em></strong></span> <span class='ocrx_word' id='word_1_225' title='bbox 415 2875 445 2938; x_wconf 93' lang='grc' dir='ltr'><strong><em>έν</em></strong></span> <span class='ocrx_word' id='word_1_226' title='bbox 458 2883 521 2950; x_wconf 82' lang='grc' dir='ltr'><strong><em>ταῖς</em></strong></span> <span class='ocrx_word' id='word_1_227' title='bbox 533 2881 619 2952; x_wconf 76' lang='grc' dir='ltr'><strong><em>ζωαῖς</em></strong></span> <span class='ocrx_word' id='word_1_228' title='bbox 632 2882 686 2939; x_wconf 87' lang='grc' dir='ltr'><strong><em>τοῦ</em></strong></span> <span class='ocrx_word' id='word_1_229' title='bbox 700 2874 800 2956; x_wconf 82' lang='grc' dir='ltr'><strong><em>φωτός</em></strong></span> <span class='ocrx_word' id='word_1_230' title='bbox 813 2882 867 2940; x_wconf 86' lang='grc' dir='ltr'><strong><em>τοῦ</em></strong></span> <span class='ocrx_word' id='word_1_231' title='bbox 883 2881 1024 2960; x_wconf 81' lang='grc' dir='ltr'><strong><em>Χριστοῦ,</em></strong></span> <span class='ocrx_word' id='word_1_232' title='bbox 1042 2880 1172 2958; x_wconf 80' lang='grc' dir='ltr'><strong><em>Χριστοῦ</em></strong></span> <span class='ocrx_word' id='word_1_233' title='bbox 1184 2880 1291 2951; x_wconf 76' lang='grc' dir='ltr'><strong><em>ζῶντος</em></strong></span> <span class='ocrx_word' id='word_1_234' title='bbox 1304 2868 1353 2938; x_wconf 78' lang='grc' dir='ltr'><strong><em>διδ</em></strong></span> <span class='ocrx_word' id='word_1_235' title='bbox 1369 2865 1459 2934; x_wconf 88' lang='grc' dir='ltr'><strong><em>Πνεύ-</em></strong></span> 
     </span>
     <span class='ocr_line' id='line_1_26' title="bbox 314 2971 1461 3063; baseline -0.003 -24"><span class='ocrx_word' id='word_1_236' title='bbox 314 3001 406 3057; x_wconf 87' lang='grc' dir='ltr'><strong><em>ματος</em></strong></span> <span class='ocrx_word' id='word_1_237' title='bbox 433 2972 517 3060; x_wconf 88' lang='grc' dir='ltr'><strong><em>άγίου</em></strong></span> <span class='ocrx_word' id='word_1_238' title='bbox 544 2979 586 3052; x_wconf 87' lang='grc' dir='ltr'><strong><em>είς</em></strong></span> <span class='ocrx_word' id='word_1_239' title='bbox 606 2975 748 3062; x_wconf 85' lang='grc' dir='ltr'><strong><em>λύτρωσιν</em></strong></span> <span class='ocrx_word' id='word_1_240' title='bbox 770 2975 923 3063; x_wconf 74' lang='grc' dir='ltr'><strong><em>ἀγγελικὴν</em></strong></span> <span class='ocrx_word' id='word_1_241' title='bbox 944 2977 1038 3059; x_wconf 83' lang='grc' dir='ltr'><strong><em>ύνομα</em></strong></span> <span class='ocrx_word' id='word_1_242' title='bbox 1065 2975 1097 3042; x_wconf 80' lang='grc' dir='ltr'><strong><em>τό</em></strong></span> <span class='ocrx_word' id='word_1_243' title='bbox 1127 2983 1179 3058; x_wconf 76' lang='grc' dir='ltr'><strong><em>τῆς</em></strong></span> <span class='ocrx_word' id='word_1_244' title='bbox 1200 2971 1461 3044; x_wconf 74' lang='grc' dir='ltr'><strong><em>ἀποκαταστάσεως</em></strong></span> 
     </span>
     <span class='ocr_line' id='line_1_27' title="bbox 314 3071 1460 3164; baseline -0.003 -22"><span class='ocrx_word' id='word_1_245' title='bbox 314 3082 467 3156; x_wconf 68' lang='grc' dir='ltr'><strong><em>*Μεσσία,</em></strong></span> <span class='ocrx_word' id='word_1_246' title='bbox 493 3076 643 3164; x_wconf 84' lang='grc' dir='ltr'><strong><em>Ούφαρέγ,</em></strong></span> <span class='ocrx_word' id='word_1_247' title='bbox 666 3078 924 3162; x_wconf 69' lang='grc' dir='ltr'><strong><em>οΝαμεμιμαιμάν,</em></strong></span> <span class='ocrx_word' id='word_1_248' title='bbox 948 3083 1110 3154; x_wconf 86' lang='grc' dir='ltr'><strong><em>Χαλδαίαν,</em></strong></span> <span class='ocrx_word' id='word_1_249' title='bbox 1134 3077 1349 3160; x_wconf 85' lang='grc' dir='ltr'><strong><em>Μοσομηδαέα,</em></strong></span> <span class='ocrx_word' id='word_1_250' title='bbox 1377 3071 1460 3138; x_wconf 66' lang='grc' dir='ltr'><strong><em>θἈτ·</em></strong></span> 
     </span>
     <span class='ocr_line' id='line_1_28' title="bbox 314 3175 1461 3268; baseline -0.003 -22"><span class='ocrx_word' id='word_1_251' title='bbox 314 3183 441 3265; x_wconf 83' lang='grc' dir='ltr'><strong><em>φραναὶ,</em></strong></span> <span class='ocrx_word' id='word_1_252' title='bbox 477 3179 599 3260; x_wconf 82' lang='grc' dir='ltr'><strong><em>Ψαούα,</em></strong></span> <span class='ocrx_word' id='word_1_253' title='bbox 629 3178 724 3264; x_wconf 87' lang='grc' dir='ltr'><strong><em>Ἰησοῦ</em></strong></span> <span class='ocrx_word' id='word_1_254' title='bbox 748 3187 889 3268; x_wconf 83' lang='grc' dir='ltr'><strong><em>Ναζαρία.</em></strong></span> <span class='ocrx_word' id='word_1_255' title='bbox 936 3185 997 3247; x_wconf 76' lang='grc' dir='ltr'><strong><em>Καὶ</em></strong></span> <span class='ocrx_word' id='word_1_256' title='bbox 1017 3181 1129 3246; x_wconf 89' lang='grc' dir='ltr'><strong><em>τούτων</em></strong></span> <span class='ocrx_word' id='word_1_257' title='bbox 1149 3181 1181 3246; x_wconf 79' lang='grc' dir='ltr'><strong><em>δὲ</em></strong></span> <span class='ocrx_word' id='word_1_258' title='bbox 1204 3175 1225 3262; x_wconf 70' lang='grc' dir='ltr'><em>ἡ</em></span> <span class='ocrx_word' id='word_1_259' title='bbox 1247 3181 1383 3262; x_wconf 75' lang='grc' dir='ltr'><strong><em>ἑρμηνεία</em></strong></span> <span class='ocrx_word' id='word_1_260' title='bbox 1405 3175 1461 3242; x_wconf 73' lang='grc' dir='ltr'><strong><em>ἐστὶ</em></strong></span> 
     </span>
     <span class='ocr_line' id='line_1_29' title="bbox 313 3277 1462 3368; baseline -0.006 -21"><span class='ocrx_word' id='word_1_261' title='bbox 313 3283 448 3366; x_wconf 87' lang='grc' dir='ltr'><strong><em>τοιαύτη·</em></strong></span> <span class='ocrx_word' id='word_1_262' title='bbox 480 3282 547 3350; x_wconf 75' lang='grc' dir='ltr'><strong><em>7Ού</em></strong></span> <span class='ocrx_word' id='word_1_263' title='bbox 569 3287 674 3368; x_wconf 79' lang='grc' dir='ltr'><strong><em>διαιρῶ</em></strong></span> <span class='ocrx_word' id='word_1_264' title='bbox 698 3282 730 3349; x_wconf 86' lang='grc' dir='ltr'><strong><em>τό</em></strong></span> <span class='ocrx_word' id='word_1_265' title='bbox 752 3291 868 3368; x_wconf 89' lang='grc' dir='ltr'><strong><em>πνεῦμα</em></strong></span> <span class='ocrx_word' id='word_1_266' title='bbox 889 3285 943 3366; x_wconf 70' lang='grc' dir='ltr'><strong><em>τὴν</em></strong></span> <span class='ocrx_word' id='word_1_267' title='bbox 961 3287 1086 3368; x_wconf 89' lang='grc' dir='ltr'><strong><em>καρδίαν</em></strong></span> <span class='ocrx_word' id='word_1_268' title='bbox 1106 3286 1156 3348; x_wconf 80' lang='grc' dir='ltr'><strong><em>καὶ</em></strong></span> <span class='ocrx_word' id='word_1_269' title='bbox 1175 3280 1229 3364; x_wconf 81' lang='grc' dir='ltr'><strong><em>τήν</em></strong></span> <span class='ocrx_word' id='word_1_270' title='bbox 1246 3277 1462 3366; x_wconf 86' lang='grc' dir='ltr'><strong><em>ύπερουρόνιον</em></strong></span> 
     </span>
     <span class='ocr_line' id='line_1_30' title="bbox 315 3381 1459 3470; baseline -0.005 -20"><span class='ocrx_word' id='word_1_271' title='bbox 315 3384 450 3469; x_wconf 89' lang='grc' dir='ltr'><strong><em>δύναμιν,</em></strong></span> <span class='ocrx_word' id='word_1_272' title='bbox 468 3385 522 3470; x_wconf 77' lang='grc' dir='ltr'><strong><em>τήν</em></strong></span> <span class='ocrx_word' id='word_1_273' title='bbox 536 3389 717 3470; x_wconf 77' lang='grc' dir='ltr'><strong><em>οἰκτίρμονα·</em></strong></span> <span class='ocrx_word' id='word_1_274' title='bbox 741 3384 867 3469; x_wconf 83' lang='grc' dir='ltr'><strong><em>ὀναίμην</em></strong></span> <span class='ocrx_word' id='word_1_275' title='bbox 879 3393 934 3452; x_wconf 89' lang='grc' dir='ltr'><strong><em>τοῦ</em></strong></span> <span class='ocrx_word' id='word_1_276' title='bbox 949 3383 1096 3468; x_wconf 84' lang='grc' dir='ltr'><strong><em>ἀνόμοιός</em></strong></span> <span class='ocrx_word' id='word_1_277' title='bbox 1109 3407 1164 3452; x_wconf 92' lang='grc' dir='ltr'><strong><em>σον</em></strong></span> <span class='ocrx_word' id='word_1_278' title='bbox 1179 3382 1286 3468; x_wconf 75' lang='grc' dir='ltr'><strong><em>Σωτὴρ</em></strong></span> <span class='ocrx_word' id='word_1_279' title='bbox 1301 3381 1459 3462; x_wconf 77' lang='grc' dir='ltr'><strong><em>Ἀληθείας.</em></strong></span> 
     </span>
     <span class='ocr_line' id='line_1_31' title="bbox 316 3483 1460 3574; baseline -0.005 -20"><span class='ocrx_word' id='word_1_280' title='bbox 316 3491 376 3554; x_wconf 82' lang='grc' dir='ltr'><strong><em>Καί</em></strong></span> <span class='ocrx_word' id='word_1_281' title='bbox 397 3497 489 3556; x_wconf 89' lang='grc' dir='ltr'><strong><em>ταῦτα</em></strong></span> <span class='ocrx_word' id='word_1_282' title='bbox 508 3490 560 3573; x_wconf 87' lang='grc' dir='ltr'><strong><em>μέν</em></strong></span> <span class='ocrx_word' id='word_1_283' title='bbox 577 3491 758 3574; x_wconf 87' lang='grc' dir='ltr'><strong><em>ἐπιλέγουσιν</em></strong></span> <span class='ocrx_word' id='word_1_284' title='bbox 775 3492 807 3554; x_wconf 86' lang='grc' dir='ltr'><strong><em>σί</em></strong></span> <span class='ocrx_word' id='word_1_285' title='bbox 823 3486 908 3554; x_wconf 88' lang='grc' dir='ltr'><strong><em>αύτολ</em></strong></span> <span class='ocrx_word' id='word_1_286' title='bbox 928 3491 983 3554; x_wconf 67' lang='lat'><strong><em>⁸05</em></strong></span> <span class='ocrx_word' id='word_1_287' title='bbox 998 3495 1156 3564; x_wconf 86' lang='grc' dir='ltr'><strong><em>τελοῦντες·</em></strong></span> <span class='ocrx_word' id='word_1_288' title='bbox 1187 3485 1205 3553; x_wconf 87' lang='grc' dir='ltr'><strong><em>δ</em></strong></span> <span class='ocrx_word' id='word_1_289' title='bbox 1222 3487 1255 3552; x_wconf 81' lang='grc' dir='ltr'><strong><em>δέ</em></strong></span> <span class='ocrx_word' id='word_1_290' title='bbox 1271 3483 1460 3566; x_wconf 73' lang='grc' dir='ltr'><strong><em>τετελεσμένος</em></strong></span> 
     </span>
     <span class='ocr_line' id='line_1_32' title="bbox 314 3583 1461 3677; baseline -0.004 -21"><span class='ocrx_word' id='word_1_291' title='bbox 314 3589 519 3676; x_wconf 85' lang='grc' dir='ltr'><strong><em>ἀποκρίνεται,</em></strong></span> <span class='ocrx_word' id='word_1_292' title='bbox 540 3590 745 3677; x_wconf 79' lang='grc' dir='ltr'><strong><em>Ἐστήριγμαι,</em></strong></span> <span class='ocrx_word' id='word_1_293' title='bbox 767 3594 817 3656; x_wconf 80' lang='grc' dir='ltr'><strong><em>καί</em></strong></span> <span class='ocrx_word' id='word_1_294' title='bbox 832 3589 1025 3675; x_wconf 84' lang='grc' dir='ltr'><strong><em>λελύτροιμαι,</em></strong></span> <span class='ocrx_word' id='word_1_295' title='bbox 1049 3591 1099 3656; x_wconf 79' lang='grc' dir='ltr'><strong><em>καί</em></strong></span> <span class='ocrx_word' id='word_1_296' title='bbox 1116 3595 1278 3673; x_wconf 83' lang='grc' dir='ltr'><strong><em>λυτροῦμαι</em></strong></span> <span class='ocrx_word' id='word_1_297' title='bbox 1294 3586 1349 3670; x_wconf 75' lang='grc' dir='ltr'><strong><em>την</em></strong></span> <span class='ocrx_word' id='word_1_298' title='bbox 1363 3583 1461 3668; x_wconf 70' lang='grc' dir='ltr'><strong><em>ψυχάν</em></strong></span> 
     </span>
     <span class='ocr_line' id='line_1_33' title="bbox 317 3685 1461 3777; baseline -0.003 -19"><span class='ocrx_word' id='word_1_299' title='bbox 317 3720 375 3776; x_wconf 91' lang='grc' dir='ltr'><strong><em>μου</em></strong></span> <span class='ocrx_word' id='word_1_300' title='bbox 394 3694 454 3760; x_wconf 88' lang='grc' dir='ltr'><strong><em>ἀπό</em></strong></span> <span class='ocrx_word' id='word_1_301' title='bbox 473 3703 526 3761; x_wconf 89' lang='grc' dir='ltr'><strong><em>τοῦ</em></strong></span> <span class='ocrx_word' id='word_1_302' title='bbox 543 3698 653 3770; x_wconf 77' lang='grc' dir='ltr'><strong><em>αίοῦνος</em></strong></span> <span class='ocrx_word' id='word_1_303' title='bbox 667 3692 790 3770; x_wconf 89' lang='grc' dir='ltr'><strong><em>τούτου,</em></strong></span> <span class='ocrx_word' id='word_1_304' title='bbox 820 3696 871 3758; x_wconf 85' lang='grc' dir='ltr'><strong><em>καί</em></strong></span> <span class='ocrx_word' id='word_1_305' title='bbox 887 3691 1007 3758; x_wconf 87' lang='grc' dir='ltr'><strong><em>πάντων</em></strong></span> <span class='ocrx_word' id='word_1_306' title='bbox 1022 3700 1081 3760; x_wconf 78' lang='grc' dir='ltr'><strong><em>τῶν</em></strong></span> <span class='ocrx_word' id='word_1_307' title='bbox 1097 3690 1166 3775; x_wconf 89' lang='grc' dir='ltr'><strong><em>παρ’</em></strong></span> <span class='ocrx_word' id='word_1_308' title='bbox 1183 3688 1275 3758; x_wconf 86' lang='grc' dir='ltr'><strong><em>αύτοῦ</em></strong></span> <span class='ocrx_word' id='word_1_309' title='bbox 1293 3693 1325 3758; x_wconf 87' lang='grc' dir='ltr'><strong><em>ἐν</em></strong></span> <span class='ocrx_word' id='word_1_310' title='bbox 1341 3695 1382 3777; x_wconf 74' lang='grc' dir='ltr'><strong><em>τῷ</em></strong></span> <span class='ocrx_word' id='word_1_311' title='bbox 1397 3685 1461 3754; x_wconf 86' lang='grc' dir='ltr'><strong><em>όνά-</em></strong></span> 
     </span>
     <span class='ocr_line' id='line_1_34' title="bbox 318 3791 1462 3879; baseline -0.003 -19"><span class='ocrx_word' id='word_1_312' title='bbox 318 3819 387 3878; x_wconf 84' lang='grc' dir='ltr'><strong><em>ματι</em></strong></span> <span class='ocrx_word' id='word_1_313' title='bbox 401 3805 453 3861; x_wconf 90' lang='grc' dir='ltr'><strong><em>τοῦ</em></strong></span> <span class='ocrx_word' id='word_1_314' title='bbox 467 3796 547 3878; x_wconf 74' lang='grc' dir='ltr'><strong><em>Ἰαοδ,</em></strong></span> <span class='ocrx_word' id='word_1_315' title='bbox 571 3796 605 3872; x_wconf 79' lang='grc' dir='ltr'><strong><em>δς</em></strong></span> <span class='ocrx_word' id='word_1_316' title='bbox 619 3795 799 3879; x_wconf 83' lang='grc' dir='ltr'><strong><em>έλυτράσατο</em></strong></span> <span class='ocrx_word' id='word_1_317' title='bbox 817 3793 870 3878; x_wconf 77' lang='grc' dir='ltr'><strong><em>τὴν</em></strong></span> <span class='ocrx_word' id='word_1_318' title='bbox 885 3794 985 3878; x_wconf 72' lang='grc' dir='ltr'><strong><em>ψυγίγν</em></strong></span> <span class='ocrx_word' id='word_1_319' title='bbox 999 3793 1090 3861; x_wconf 86' lang='grc' dir='ltr'><strong><em>αύτοῦ</em></strong></span> <span class='ocrx_word' id='word_1_320' title='bbox 1107 3797 1149 3870; x_wconf 90' lang='grc' dir='ltr'><strong><em>είς</em></strong></span> <span class='ocrx_word' id='word_1_321' title='bbox 1162 3791 1365 3878; x_wconf 78' lang='grc' dir='ltr'><strong><em>ἀπολύτρωσιν</em></strong></span> <span class='ocrx_word' id='word_1_322' title='bbox 1380 3793 1412 3858; x_wconf 83' lang='grc' dir='ltr'><strong><em>έν</em></strong></span> <span class='ocrx_word' id='word_1_323' title='bbox 1423 3795 1462 3876; x_wconf 72' lang='grc' dir='ltr'><strong><em>τῷ</em></strong></span> 
     </span>
    </p>
   </div>
   <div class='ocr_carea' id='block_1_4' title="bbox 319 3887 1463 4192">
    <p class='ocr_par' dir='ltr' id='par_1_6' title="bbox 319 3887 1463 4192">
     <span class='ocr_line' id='line_1_35' title="bbox 321 3887 1462 3987; baseline -0.004 -23"><span class='ocrx_word' id='word_1_324' title='bbox 321 3906 436 3987; x_wconf 79' lang='grc' dir='ltr'><strong><em>Χριστῷ</em></strong></span> <span class='ocrx_word' id='word_1_325' title='bbox 456 3905 496 3987; x_wconf 77' lang='grc' dir='ltr'><strong><em>τῷ</em></strong></span> <span class='ocrx_word' id='word_1_326' title='bbox 517 3907 608 3976; x_wconf 78' lang='grc' dir='ltr'><strong><em>ζῶντι.</em></strong></span> <span class='ocrx_word' id='word_1_327' title='bbox 652 3896 717 3964; x_wconf 80' lang='grc' dir='ltr'><strong><em>Εἶτ’</em></strong></span> <span class='ocrx_word' id='word_1_328' title='bbox 736 3901 916 3984; x_wconf 87' lang='grc' dir='ltr'><strong><em>ἐπιλέγουσιν</em></strong></span> <span class='ocrx_word' id='word_1_329' title='bbox 939 3901 971 3964; x_wconf 89' lang='grc' dir='ltr'><strong><em>οί</em></strong></span> <span class='ocrx_word' id='word_1_330' title='bbox 986 3895 1145 3982; x_wconf 87' lang='grc' dir='ltr'><strong><em>παρόντες,</em></strong></span> <span class='ocrx_word' id='word_1_331' title='bbox 1176 3888 1291 3980; x_wconf 79' lang='grc' dir='ltr'><strong><em>Είρὴνη</em></strong></span> <span class='ocrx_word' id='word_1_332' title='bbox 1309 3899 1400 3960; x_wconf 79' lang='grc' dir='ltr'><strong><em>πᾶσιν</em></strong></span> <span class='ocrx_word' id='word_1_333' title='bbox 1417 3887 1462 3972; x_wconf 83' lang='grc' dir='ltr'><strong><em>ἐφ’</em></strong></span> 
     </span>
     <span class='ocr_line' id='line_1_36' title="bbox 319 3995 1461 4084; baseline -0.008 -17"><span class='ocrx_word' id='word_1_334' title='bbox 319 4000 372 4078; x_wconf 73' lang='grc' dir='ltr'><strong><em>οὓς</em></strong></span> <span class='ocrx_word' id='word_1_335' title='bbox 388 3999 420 4067; x_wconf 86' lang='grc' dir='ltr'><strong><em>ιδ</em></strong></span> <span class='ocrx_word' id='word_1_336' title='bbox 438 3999 531 4083; x_wconf 80' lang='grc' dir='ltr'><strong><em>ὄνομα</em></strong></span> <span class='ocrx_word' id='word_1_337' title='bbox 546 4008 631 4066; x_wconf 90' lang='grc' dir='ltr'><strong><em>τοῦτο</em></strong></span> <span class='ocrx_word' id='word_1_338' title='bbox 650 3999 899 4068; x_wconf 70' lang='grc' dir='ltr'><strong><em>9έπαναπαύεται.</em></strong></span> <span class='ocrx_word' id='word_1_339' title='bbox 934 3999 1059 4064; x_wconf 82' lang='grc' dir='ltr'><strong><em>Ἔπειτα</em></strong></span> <span class='ocrx_word' id='word_1_340' title='bbox 1074 4004 1224 4084; x_wconf 82' lang='grc' dir='ltr'><strong><em>μυρίζουσι</em></strong></span> <span class='ocrx_word' id='word_1_341' title='bbox 1242 3996 1292 4064; x_wconf 86' lang='grc' dir='ltr'><strong><em>τόν</em></strong></span> <span class='ocrx_word' id='word_1_342' title='bbox 1308 3995 1461 4077; x_wconf 87' lang='grc' dir='ltr'><strong><em>τετελεσμέ-</em></strong></span> 
     </span>
     <span class='ocr_line' id='line_1_37' title="bbox 320 4098 1463 4192; baseline -0.006 -23"><span class='ocrx_word' id='word_1_343' title='bbox 320 4131 372 4171; x_wconf 92' lang='grc' dir='ltr'><strong><em>νον</em></strong></span> <span class='ocrx_word' id='word_1_344' title='bbox 389 4110 430 4192; x_wconf 78' lang='grc' dir='ltr'><strong><em>ιῷ</em></strong></span> <span class='ocrx_word' id='word_1_345' title='bbox 451 4101 516 4192; x_wconf 83' lang='grc' dir='ltr'><strong><em>όιτῷ</em></strong></span> <span class='ocrx_word' id='word_1_346' title='bbox 538 4111 578 4190; x_wconf 79' lang='grc' dir='ltr'><strong><em>τῷ</em></strong></span> <span class='ocrx_word' id='word_1_347' title='bbox 607 4099 708 4168; x_wconf 61' lang='grc' dir='ltr'><strong><em>ιθάπδ</em></strong></span> <span class='ocrx_word' id='word_1_348' title='bbox 728 4102 889 4186; x_wconf 89' lang='grc' dir='ltr'><strong><em>βαλσάμου.</em></strong></span> <span class='ocrx_word' id='word_1_349' title='bbox 939 4102 977 4168; x_wconf 88' lang='grc' dir='ltr'><strong><em>Τό</em></strong></span> <span class='ocrx_word' id='word_1_350' title='bbox 1002 4100 1058 4187; x_wconf 86' lang='grc' dir='ltr'><strong><em>γάρ</em></strong></span> <span class='ocrx_word' id='word_1_351' title='bbox 1081 4108 1176 4186; x_wconf 81' lang='grc' dir='ltr'><strong><em>μῦρον</em></strong></span> <span class='ocrx_word' id='word_1_352' title='bbox 1197 4107 1283 4166; x_wconf 85' lang='grc' dir='ltr'><strong><em>τοῦτο</em></strong></span> <span class='ocrx_word' id='word_1_353' title='bbox 1303 4098 1398 4166; x_wconf 89' lang='grc' dir='ltr'><strong><em>τύπον</em></strong></span> <span class='ocrx_word' id='word_1_354' title='bbox 1414 4105 1463 4180; x_wconf 77' lang='grc' dir='ltr'><strong><em>της</em></strong></span> 
     </span>
    </p>
   </div>
   <div class='ocr_carea' id='block_1_5' title="bbox 320 4255 1463 4601">
    <p class='ocr_par' dir='ltr' id='par_1_7' title="bbox 352 4255 1463 4464">
     <span class='ocr_line' id='line_1_38' title="bbox 352 4255 1463 4320; baseline -0.012 -5"><span class='ocrx_word' id='word_1_355' title='bbox 352 4261 376 4314; x_wconf 82' lang='grc'><strong><em>6.</em></strong></span> <span class='ocrx_word' id='word_1_356' title='bbox 393 4255 463 4314; x_wconf 85' lang='grc' dir='ltr'><strong><em>ταῦτ’</em></strong></span> <span class='ocrx_word' id='word_1_357' title='bbox 479 4261 530 4312; x_wconf 82' lang='grc' dir='ltr'><strong><em>ιοιλ.</em></strong></span> <span class='ocrx_word' id='word_1_358' title='bbox 548 4263 620 4310; x_wconf 66' lang='lat' dir='ltr'><strong><em>Venti</em></strong></span> <span class='ocrx_word' id='word_1_359' title='bbox 940 4257 964 4309; x_wconf 82' lang='lat'><strong>3</strong></span> <span class='ocrx_word' id='word_1_360' title='bbox 983 4255 1062 4310; x_wconf 82' lang='grc' dir='ltr'><strong><em>κσνκά</em></strong></span> <span class='ocrx_word' id='word_1_361' title='bbox 1078 4259 1129 4308; x_wconf 73' lang='lat' dir='ltr'><strong><em>cod.</em></strong></span> <span class='ocrx_word' id='word_1_362' title='bbox 1140 4259 1237 4320; x_wconf 64' lang='grc' dir='ltr'><strong><em>κλειδία</em></strong></span> <span class='ocrx_word' id='word_1_363' title='bbox 1251 4263 1272 4307; x_wconf 82' lang='grc' dir='ltr'><strong><em>τι</em></strong></span> <span class='ocrx_word' id='word_1_364' title='bbox 1286 4259 1364 4308; x_wconf 74' lang='lat' dir='ltr'><strong><em>Paris.</em></strong></span> <span class='ocrx_word' id='word_1_365' title='bbox 1377 4281 1411 4296; x_wconf 90' lang='lat'>-</span> <span class='ocrx_word' id='word_1_366' title='bbox 1430 4255 1463 4314; x_wconf 69' lang='grc' dir='ltr'><strong><em>(Υ.</em></strong></span> 
     </span>
     <span class='ocr_line' id='line_1_39' title="bbox 353 4323 1463 4394; baseline -0.008 -11.959"><span class='ocrx_word' id='word_1_367' title='bbox 353 4329 376 4381; x_wconf 82' lang='grc'><strong><em>7.</em></strong></span> <span class='ocrx_word' id='word_1_368' title='bbox 393 4329 437 4382; x_wconf 77' lang='grc' dir='ltr'><strong><em>καὶ</em></strong></span> <span class='ocrx_word' id='word_1_369' title='bbox 454 4323 515 4392; x_wconf 78' lang='grc' dir='ltr'><strong><em>ἐξά</em></strong></span> <span class='ocrx_word' id='word_1_370' title='bbox 498 4327 633 4394; x_wconf 81' lang='grc' dir='ltr'><strong><em>αριατερῦν</em></strong></span> <span class='ocrx_word' id='word_1_371' title='bbox 649 4329 700 4377; x_wconf 81' lang='grc' dir='ltr'><strong><em>ασελ.</em></strong></span> <span class='ocrx_word' id='word_1_372' title='bbox 717 4329 790 4378; x_wconf 71' lang='lat' dir='ltr'><strong><em>Vener.</em></strong></span> <span class='ocrx_word' id='word_1_373' title='bbox 908 4330 937 4378; x_wconf 79' lang='lat' dir='ltr'><strong><em>de</em></strong></span> <span class='ocrx_word' id='word_1_374' title='bbox 952 4323 1463 4389; x_wconf 67' lang='lat' dir='ltr'><strong><em>McGnoniwnmfmoewmmd</em></strong></span> 
     </span>
     <span class='ocr_line' id='line_1_40' title="bbox 356 4391 1175 4464; baseline -0.004 -18"><span class='ocrx_word' id='word_1_375' title='bbox 356 4397 414 4448; x_wconf 73' lang='grc' dir='ltr'><strong><em>θοι.</em></strong></span> <span class='ocrx_word' id='word_1_376' title='bbox 425 4397 541 4448; x_wconf 84' lang='grc' dir='ltr'><strong><em>ΧΧΙ.-</em></strong></span> <span class='ocrx_word' id='word_1_377' title='bbox 508 4391 686 4464; x_wconf 72' lang='grc' dir='ltr'><strong><em>-ληααιμή</em></strong></span> <span class='ocrx_word' id='word_1_378' title='bbox 702 4397 769 4446; x_wconf 84' lang='grc' dir='ltr'><strong><em>σοδιλ</em></strong></span> <span class='ocrx_word' id='word_1_379' title='bbox 777 4397 874 4459; x_wconf 69' lang='grc' dir='ltr'><strong><em>Ηλιδίς.</em></strong></span> <span class='ocrx_word' id='word_1_380' title='bbox 909 4395 1069 4455; x_wconf 72' lang='lat' dir='ltr'>mummi,</span> <span class='ocrx_word' id='word_1_381' title='bbox 1085 4393 1135 4455; x_wconf 74' lang='lat'><strong><em>21,</em></strong></span> <span class='ocrx_word' id='word_1_382' title='bbox 1151 4393 1175 4444; x_wconf 84' lang='lat'><strong><em>3.</em></strong></span> 
     </span>
    </p>

    <p class='ocr_par' dir='ltr' id='par_1_8' title="bbox 320 4429 1306 4601">
     <span class='ocr_line' id='line_1_41' title="bbox 320 4429 1238 4527; baseline -0.01 -8"><span class='ocrx_word' id='word_1_383' title='bbox 320 4471 342 4519; x_wconf 79' lang='grc' dir='ltr'><strong><em>τε</em></strong></span> <span class='ocrx_word' id='word_1_384' title='bbox 358 4469 435 4517; x_wconf 70' lang='lat' dir='ltr'><strong><em>Paris.</em></strong></span> <span class='ocrx_word' id='word_1_385' title='bbox 944 4459 967 4512; x_wconf 74' lang='lat'><strong><em>4.</em></strong></span> <span class='ocrx_word' id='word_1_386' title='bbox 986 4431 1080 4527; x_wconf 83' lang='grc' dir='ltr'><strong><em>ματαία</em></strong></span> <span class='ocrx_word' id='word_1_387' title='bbox 1096 4429 1147 4512; x_wconf 73' lang='grc' dir='ltr'><strong><em>οαιλ</em></strong></span> <span class='ocrx_word' id='word_1_388' title='bbox 1160 4465 1238 4512; x_wconf 75' lang='grc' dir='ltr'><strong><em>Ραήι.</em></strong></span> 
     </span>
     <span class='ocr_line' id='line_1_42' title="bbox 354 4525 1315 4601; baseline 0 -15"><span class='ocrx_word' id='word_1_389' title='bbox 354 4536 378 4586; x_wconf 76' lang='lat'><strong><em>2.</em></strong></span> <span class='ocrx_word' id='word_1_390' title='bbox 396 4531 543 4601; x_wconf 82' lang='grc' dir='ltr'><strong><em>βααιανοσρά</em></strong></span> <span class='ocrx_word' id='word_1_391' title='bbox 555 4533 623 4585; x_wconf 80' lang='lat' dir='ltr'>codd.</span> <span class='ocrx_word' id='word_1_392' title='bbox 636 4533 732 4596; x_wconf 72' lang='grc' dir='ltr'><strong><em>θλιδίς.</em></strong></span> <span class='ocrx_word' id='word_1_393' title='bbox 745 4536 765 4580; x_wconf 81' lang='grc' dir='ltr'><strong><em>ιι</em></strong></span> <span class='ocrx_word' id='word_1_394' title='bbox 780 4535 857 4582; x_wconf 74' lang='lat' dir='ltr'><strong><em>Paris.</em></strong></span> <span class='ocrx_word' id='word_1_395' title='bbox 943 4531 967 4580; x_wconf 80' lang='lat'><strong><em>5.</em></strong></span> <span class='ocrx_word' id='word_1_396' title='bbox 984 4525 1162 4596; x_wconf 74' lang='grc' dir='ltr'><strong><em>νεμεμψαιηιόν</em></strong></span> <span class='ocrx_word' id='word_1_397' title='bbox 1174 4531 1225 4582; x_wconf 85' lang='grc' dir='ltr'><strong><em>οσδ</em></strong></span> <span class='ocrx_word' id='word_1_398' title='bbox 1236 4530 1315 4586; x_wconf 71' lang='lat' dir='ltr'><strong><em>Pari·</em></strong></span> 
     </span>
    </p>
   </div>
   <div class='ocr_carea' id='block_1_6' title="bbox 0 0 1569 4990">
    <p class='ocr_par' dir='ltr' id='par_1_9' title="bbox 0 0 1569 4990">
     <span class='ocr_line' id='line_1_43' title="bbox 0 0 1569 4990; baseline 0 0"><span class='ocrx_word' id='word_1_399' title='bbox 0 0 1569 4990; x_wconf 95' lang='lat' dir='ltr'><strong><em> </em></strong></span> 
     </span>
    </p>
   </div>
  </div>
 </body>
</html>
