3078 5012
306 247 367 309 552
729 257 1035 312 ειωοτιωειεεικωιι

306 374 405 442 ούιτέτι
423 375 566 460 Χριστὸς,
588 373 607 442 δ
622 373 719 442 έλθοίν
737 374 787 442 διδ
802 375 855 460 τήν
869 374 1010 461 ἀθέτησιν
1026 383 1080 461 τῆς
1094 384 1177 462 μιᾶς,
1200 375 1358 461 δονήσεται
1375 403 1472 444 πατα-

306 487 391 544 λῦσαι
412 477 465 562 τήν
485 479 595 562 ταύτην
615 483 789 565 τυραννίδα,
820 477 911 562 αύτής
931 476 1108 564 ἀντεχούσης
1127 484 1179 546 καλ
1201 483 1367 564 δυναμένης
1388 479 1473 566 ιτράς

308 579 361 663 τήν
379 579 440 648 ἀνω
457 579 583 667 ἀόρατον
598 585 647 648 καί
665 580 904 665 ἀκατονόμαστον
919 579 1129 668 ἀγωνίζεσθαι,
1150 581 1278 667 ἀντέχειν
1292 609 1322 648 τε
1338 586 1393 649 ιιαλ
1412 611 1472 666 μη-

308 687 410 751 δέποτε
433 683 582 751 δύνασθαι
605 684 809 750 καταλύεσθαι

173 806 239 874 Κεφ,
258 803 290 874 γ’,
394 789 484 873 Λέγει
498 789 529 852 δὲ
543 785 561 853 δ
577 786 694 870 ήλίθιος
708 790 759 853 καί
772 786 825 854 τδν
840 787 934 872 νόμον
946 791 997 854 καί
1016 788 1086 866 τούς
1100 788 1257 875 προφήτας
1274 795 1330 872 τῆς
1343 787 1472 872 φαύλης

305 892 356 958 καί
375 893 510 964 ἐναντίας
530 887 605 957 εἶναι
621 889 740 975 Ἀρχῆς,
770 889 823 956 τδν
844 893 876 956 δέ
896 889 1024 976 Χριστύν
1045 897 1096 975 τής
1112 888 1238 978 ἀγαθῆς.
1283 889 1395 958 Πόθεν
1409 884 1472 957 ούν

307 998 338 1061 σί
349 1001 501 1078 προφῆται
515 992 551 1057 τά
564 997 605 1070 είς
624 992 752 1079 Χριστδν
765 995 956 1078 τετυπωμένα
968 993 1240 1079 προανεφάνησαν,
1262 995 1288 1058 εί
1302 992 1342 1076 μή
1357 999 1415 1076 μία
1430 987 1473 1076 ἦν

308 1101 360 1163 καί
376 1093 396 1179 ή
411 1094 487 1178 αὐτή
502 1095 639 1180 Δύναμις
652 1095 672 1180 ή
684 1094 832 1179 λαλήσασα
848 1095 974 1186 ἐννόμῳ
990 1099 1039 1162 καί
1054 1099 1086 1162 έν
1099 1097 1267 1184 προφήταις
1279 1099 1329 1162 καί
1343 1095 1469 1182 εύαγγε-

307 1205 396 1278 λίοιςς
429 1197 568 1284 καθάπερ
590 1201 679 1284 λέγει,
710 1196 743 1263 ‘0
760 1206 856 1264 λαλιῖιν
872 1201 904 1264 ἐν
921 1208 984 1276 τοῖς
1001 1199 1186 1284 προφήταις,
1216 1198 1297 1278 ίδού,
1328 1197 1471 1284 πάρειμι,

308 1305 359 1369 καλ
382 1300 417 1368 τά
442 1303 515 1384 ἑξῆς.
562 1301 668 1367 Πόθεν
689 1302 720 1368 δλ
740 1304 791 1366 καί
814 1299 950 1386 δαύριος
968 1304 999 1368 ἐν
1014 1307 1055 1392 τρῑ
1072 1301 1228 1392 εὐαγγελίῳ
1243 1301 1470 1388 προανεφαίνει,

308 1409 413 1492 λέγων,
444 1407 486 1468 Εί
502 1411 631 1469 Μωϋσεῖ
647 1403 822 1484 ἐπιστεύετε,
852 1407 902 1470 καὶ
926 1406 990 1488 ἐμοί
1015 1403 1052 1472 ἀν
1068 1403 1247 1484 ἐπιστεύετε,
1276 1407 1391 1480 ἐκεῖνος
1409 1402 1470 1488 γδρ

308 1511 375 1594 περί
394 1509 466 1590 ἐμοῦ
481 1510 608 1593 έγραψες
643 1509 703 1571 Καὶ
717 1504 810 1572 πολλοί
822 1533 872 1590 μοι
888 1509 947 1572 ἐστι
962 1509 1030 1593 περί
1048 1513 1216 1594 μαρτυριῶν
1228 1509 1334 1594 λίγεια,
1355 1505 1470 1582 καθείς

309 1615 480 1696 συναγείρας
502 1607 606 1692 σχολήν
628 1612 722 1698 ἐαυτῷ
738 1613 875 1693 ἐποίησεν
896 1607 914 1676 δ
933 1612 983 1676 ἐπί
1001 1612 1201 1696 συγκυρήματι
1219 1613 1339 1698 πονηρῷ
1354 1615 1398 1697 τῷ
1416 1608 1470 1674 κύ-

310 1735 374 1802 σμμ
390 1712 604 1795 ἐπιβλαστήσας
618 1715 667 1778 καί
682 1711 832 1795 πλανήσας
844 1711 914 1789 τούς
927 1710 976 1778 ἀπ’
991 1711 1084 1780 αύταῦ
1095 1715 1342 1796 πεπλανημένους,
1380 1717 1470 1796 Παρ-

310 1815 463 1898 ελεύσομαι
481 1815 512 1880 δὲ
526 1817 577 1881 καί
600 1814 745 1898 1ταύτης,
767 1813 833 1892 ω’ςελ
850 1817 1018 1899 ’βέμβικος
1031 1818 1082 1882 καί
1097 1815 1307 1902 πεμφρηδόνυς
1320 1819 1379 1880 τῶν
1395 1811 1469 1880 ἀδω

310 1927 442 1984 νοποιῶν
465 1919 497 1982 ἐκ
522 1926 662 1984 πετεινοῖν
678 1917 837 1984 κνωδάλων
854 1914 1033 2004 ὁρμωμένων
1053 1917 1113 1984 ύπδ
1138 1924 1207 2002 μίαν
1228 1922 1319 2001 θήξιν
1341 1919 1466 1982 ἐκπετα-

120 2051 127 2068 ·
236 2096 243 2114 Ι
310 2023 459 2100 σθίντων,
487 2019 542 2106 τήν
556 2019 700 2088 ἀνάλωσιν
716 2021 928 2104 ποιησάμενος,
955 2021 1004 2088 διά
1027 2030 1079 2105 τῆς
1094 2029 1148 2088 τοῦ
1167 2028 1242 2086 θεοῦ
1259 2019 1469 2106 ένεργεστάτης

309 2122 433 2200 πίστεως
448 2147 478 2188 τε
494 2125 543 2189 καλ
559 2123 767 2208 σωτηρεύδους
781 2129 969 2200 διδασκαλίας
985 2133 1039 2190 τοῦ
1056 2129 1161 2210 κυρίου
1176 2122 1261 2208 ήμῶν
1273 2120 1371 2206 Ἰησοῦ
1393 2129 1469 2207 Χρι-

311 2234 398 2305 στοῦ,
428 2233 481 2292 τοῦ
503 2226 651 2306 είπόντυς,
683 2229 804 2293 Βλέπετε
826 2226 866 2310 μή
888 2233 1071 2310 πλανηθῆτε,
1099 2229 1200 2292 πολλοὶ
1221 2226 1276 2312 γάρ
1299 2225 1467 2292 ἐλεύσονται

310 2334 571 2414 ψευδοπροφῆται·
594 2332 643 2396 καλ
660 2337 714 2396 τοῦ
729 2328 896 2396 ἀποστόλου
910 2331 1048 2416 περὶτῶν
1064 2327 1163 2396 αύτιόν
1177 2332 1400 2412 ψευδογρίστων
1416 2331 1469 2394 ταί

310 2432 593 2516 ψευδοδιδασκύλων
607 2435 658 2499 καλ
675 2435 891 2514 ψευδαδέλφων
904 2431 1055 2516 φήσαντος
1067 2435 1120 2497 καί
1133 2429 1213 2515 ήμᾶς
1226 2429 1468 2514 ἀσφαλισαμένου

311 2539 359 2602 ἐπί
380 2535 433 2611 τάς
450 2537 516 2618 ἑξῆς
538 2535 612 2600 κατά
630 2535 684 2619 τήν
701 2533 883 2602 ἀκολουθίαν
904 2539 1099 2622 ’προβαίνων
1116 2541 1175 2600 ταῖν
1189 2532 1285 2600 ἀλλων
1300 2532 1469 2616 ποιήσομαι

310 2637 364 2721 τήν
384 2635 541 2723 ἀφήγησιν.

189 2999 298 3086 mm
539 2987 695 3057 ΚΑΤΑ
741 2987 1230 3072 ΜΑΡΚΙΩΝΙΣΤΩΝ,

437 3103 569 3198 εἰκοστή
595 3111 747 3202 δευτέρα,
775 3099 797 3196 ἡ
823 3107 882 3177 καλ
908 3102 1158 3203 τεσσαρακοστή
1184 3109 1332 3199 δευτέρα.

178 3279 244 3349 Ktv.
263 3277 294 3334 α’,
399 3257 562 3335 Μαρκίων,
594 3249 645 3334 ἀφ’
662 3244 755 3338 οὗπερ
772 3258 1017 3338 Μαρκιωνισταλ,
1046 3255 1081 3318 έκ
1097 3250 1203 3318 τούτου
1222 3253 1467 3337 τοῦπροειρημέ-

311 3383 364 3426 νον
382 3359 539 3442 Κέρδωνος
560 3353 614 3439 τήν
633 3358 785 3442 πρόφασιν
802 3354 929 3437 είληφιδς
952 3359 1003 3420 καλ
1025 3354 1115 3432 αύτδς
1132 3356 1221 3440 μέγας
1242 3352 1316 3435 ύφις
1333 3361 1467 3440 προῆλθε

211 3537 214 3548 Ι
311 3468 352 3550 τῷ
367 3464 434 3549 βίην,
456 3457 531 3525 πολύ
546 3459 578 3523 δλ
594 3465 711 3541 πλῆθος
727 3455 910 3540 ἐξαπατήσας
926 3460 968 3523 ἐτι
984 3461 1025 3535 είς
1040 3463 1126 3543 δεῦρο
1142 3460 1184 3534 είς
1197 3455 1324 3532 πολλούς
1339 3455 1469 3541 τρόπους
1533 3463 1534 3474 ’

312 3561 509 3649 προεστήσατυ
525 3564 735 3626 διδασκαλεῖον.
777 3558 815 3624 Ἡ
831 3561 862 3626 δέ
880 3564 990 3642 α’ίρεσις
1010 3564 1051 3627 ἔτι
1069 3563 1119 3626 καί
1136 3569 1191 3626 νῦν
1207 3563 1240 3626 έν
1254 3586 1286 3625 τε
1301 3557 1400 3650 Ῥύμῃ
1415 3563 1468 3626 καί

313 3667 345 3731 ἐν
359 3672 395 3754 τή
410 3663 529 3752 Ἰταλία,
553 3665 585 3729 ἐν
599 3661 743 3752 Αἰγύπτῳ
760 3687 790 3727 τε
805 3665 856 3728 καί
873 3665 903 3728 έν
920 3667 1112 3752 Παλαιστίνη,
1136 3665 1167 3729 έν
1181 3661 1303 3751 Ἀραβίγ
1318 3689 1350 3728 τε
1365 3665 1419 3728 καί
1434 3665 1469 3728 έν

312 3774 348 3858 τῇ
364 3771 476 3856 Συρίη,
499 3769 530 3832 ἐν
546 3765 661 3855 Κύπρῳ
676 3791 706 3830 τε
721 3767 771 3830 καί
788 3769 931 3848 Θηβαίδι,
955 3763 991 3831 ού
1008 3764 1067 3850 μήν
1083 3764 1155 3831 ἀλλά
1168 3767 1220 3832 καί
1237 3768 1270 3831 ἐν
1285 3771 1320 3854 τῇ
1341 3769 1468 3848 Περσίδι

312 3872 362 3937 καί
384 3871 416 3934 έν
438 3867 535 3944 ἀλλοις
554 3868 658 3944 τόποις
675 3866 843 3955 εὑρίσκεται.
889 3867 1035 3954 Μεγάλως
1052 3867 1107 3954 γάρ
1124 3865 1142 3934 ὅ
1159 3865 1293 3954 πονηρδς
1312 3870 1344 3932 ἐν
1361 3865 1469 3944 αύταῑς

259 4043 263 4066 l
313 3976 465 4055 κατίσχυσε
479 3970 532 4054 τήν
547 3969 671 4054 ἀπύτην.
718 3963 813 4046 Οὗτος
828 3969 960 4057 τὸγένος
975 3969 1124 4047 Ποντικδς
1135 3968 1276 4056 ύπῆργεν,
1295 3967 1468 4038 ‘mmm

313 4101 366 4142 του
383 4076 416 4140 δέ
432 4099 523 4156 φημι,
546 4077 689 4156 Σινοίπης
703 4075 735 4139 δλ
748 4072 876 4152 πόλεως,
899 4071 940 4149 οἱς
956 4071 1049 4150 πολύς
1061 4076 1129 4159 περί
1145 4071 1238 4140 αύτοῦ
1256 4071 1356 4160 ᾅδεται
1367 4072 1467 4160 λόγος.
1533 4145 1534 4150 1

318 4177 377 4243 Τδν
399 4178 429 4242 δέ
452 4183 569 4262 πρῶτον
590 4174 682 4242 αάτσῦ
706 4181 774 4261 βίον
793 4180 957 4262 παρθενίαν
981 4180 1075 4260 δῆθεν
1098 4175 1190 4259 ἤσκει»
1235 4176 1387 4254 Μονάζινν
1410 4175 1468 4262 γὰρ

348 4317 406 4367 (λιν.
421 4318 464 4366 ΠΙ.
475 4343 508 4356 -
526 4319 547 4368 l.
560 4315 655 4382 ταύτης
666 4319 767 4379 postulat
778 4323 867 4368 ιεοίοι-
899 4317 1039 4380 δεμτελιεοιίι·
1053 4311 1147 4387 ταύτῆῖ

314 4389 361 4446 tia,
377 4403 423 4436 αοα
437 4381 546 4452 ταύτην,
570 4387 632 4449 quod
647 4389 716 4450 υιιίρο
733 4393 804 4436 καίοι.
838 4389 868 4435 Et
934 4387 957 4434 ⁴2.
976 4387 1016 4436 Sic
1027 4389 1159 4438 emendavit
1167 4387 1467 4438 Ρτλουίκιίιιλιιίωασυο.
1533 4441 1534 4446 ,

313 4455 380 4510 ι’λίιιδ,
393 4455 589 4518 quemadmodum
598 4458 710 4516 ιυιγιίιοε,
723 4457 794 4504 votuit
803 4458 873 4504 είίανι
906 4454 939 4502 σελ
956 4455 980 4502 λι.
994 4455 1037 4515 ί.,“
1049 4461 1173 4519 μσεληιιαιιε
1192 4458 1217 4505 ίπ
1234 4455 1341 4504 editionis
1359 4459 1469 4518 πατρίαν

315 4524 355 4585 φιλ
368 4525 459 4586 ιαίμείε
472 4525 572 4573 codicem
587 4524 874 4586 ίλίιεσίςετοιιυω,ιίιηαο
903 4526 1024 4584 proposuit
1038 4521 1179 4590 μύρμηκος.
1206 4523 1468 4588 minandum
