3106 4990
327 288 388 351 528
748 302 869 356 ειωοτι
888 303 1057 356 τνινιιινιτ

330 416 409 483 Κύϊν
424 419 472 484 καί
490 415 509 484 ό
525 418 613 501 Σηθ,
635 422 735 501 δῆλον.
778 415 812 484 ‘0
826 417 980 506 γύρἍβελ
994 419 1133 506 νειότερος
1147 417 1336 504 όπεκτιίνθη,
1359 421 1488 504 μηδέπω

328 547 432 606 ίίίίδαθ·

293 728 309 780 '·
409 723 462 801 Ὡς
475 726 506 792 δὲ
522 729 554 792 ἐν
566 735 628 802 τοῖς
640 724 820 810 Ἰωβηλαίοις
835 724 1012 812 εύρίσκεται,
1037 735 1073 817 τῇ
1087 730 1139 794 καί
1153 729 1365 814 Λεπτογενέσει
1379 737 1488 796 καλου-

326 831 415 918 μένη,
446 831 497 894 καλ
514 829 550 894 τό
570 827 700 912 όνόματα
717 837 778 894 τοῦν
792 837 942 916 γυναικοῖν
958 837 1012 896 τοῦ
1028 855 1058 896 τε
1074 829 1152 896 Κύῖν
1170 835 1222 898 καί
1238 840 1293 898 τοῦ
1309 831 1386 915 Σὴθ
1402 829 1424 916 ἦ
1440 835 1486 914 βί-

325 934 394 1014 βλος
410 933 547 1017 περιέχει·
579 935 629 996 ίνα
644 930 718 998 κατιί
735 930 829 998 πόντα
845 931 957 1018 τρόπον
973 925 1057 999 ούτοι
1074 943 1345 1018 καταισχυνθῶσιν,
1369 938 1404 1000 οί
1415 933 1488 1008 τοῦς

327 1032 446 1116 μύθους
461 1040 501 1122 τῷ
518 1039 573 1124 βίῳ
590 1033 828 1124 βαφμδήσαντες.
873 1042 933 1101 Τοῦ
948 1035 1004 1122 γόρ
1018 1033 1110 1118 Ἀδύμ
1123 1035 1317 1122 γεννήσαντος
1333 1037 1422 1114 υίοῦς
1437 1039 1488 1102 καί

327 1138 495 1223 θυγατέρας
511 1134 624 1222 α’νύγκη
643 1140 744 1223 γέγονε
762 1135 824 1204 κατ’
844 1140 939 1205 έκεῖνο
954 1145 1060 1224 καιροῦ
1076 1135 1217 1222 ύδελφαῐς
1230 1149 1293 1217 ταῖς
1310 1143 1404 1216 ίδίαις
1419 1160 1487 1205 συν-

328 1247 467 1322 αφθῆναι
482 1238 552 1316 τοῦς
570 1244 687 1317 παῖδας.
736 1238 781 1305 Ου’
799 1239 854 1326 γοίρ
872 1233 912 1324 ἦν
928 1241 1103 1326 παράνομον
1117 1239 1151 1307 τύ
1169 1250 1320 1324 τοιοῦτον,
1351 1245 1418 1310 kmi
1434 1271 1487 1326 μη-

328 1343 378 1408 δέν
392 1343 490 1427 ἕτερον
506 1345 590 1428 γένος
606 1335 653 1426 ἦν.
699 1345 759 1408 Καί
775 1342 830 1430 γύρ
846 1345 896 1410 καὶ
910 1341 1015 1424 αύτδς,
1037 1341 1079 1420 τίς
1092 1346 1165 1421 έπος
1177 1347 1285 1426 εἰπεῖν,
1308 1342 1436 1429 δἈδιίμ
1451 1337 1488 1433 τῇ

329 1447 388 1532 ἐδίμ
414 1447 541 1531 θυγατρί
564 1444 668 1530 σχεδόν
689 1453 726 1536 τῇ
748 1449 780 1512 έκ
802 1452 854 1512 τοῦ
874 1444 1010 1528 στόματος
1030 1445 1123 1513 αύτοῦ
1143 1453 1308 1538 πλασθείση
1329 1447 1487 1530 συνηφθη,

329 1547 403 1614 κατοί
421 1552 559 1633 συζυγίαν
576 1546 658 1638 αύτῷ
675 1551 707 1614 ἐκ
725 1557 803 1614 θεοῦ
820 1551 1024 1640 πεπλασμένῃ,
1047 1551 1097 1614 καί
1113 1547 1168 1616 οῦκ
1188 1543 1225 1634 ίγν
1241 1549 1435 1635 παράνομον·
1459 1553 1491 1616 οῗ

328 1675 357 1714 τε
377 1647 485 1716 τούτου
508 1653 569 1717 υίολ
590 1650 790 1735 συνήφθησαν
810 1649 829 1717 ό
850 1653 902 1735 μέν
921 1651 1000 1717 Κόϊν
1021 1660 1057 1742 τῇ
1078 1649 1191 1743 όδελφῇ
1209 1663 1246 1742 τῇ
1261 1657 1369 1736 μείζονι
1386 1651 1487 1736 Σαυιί,

329 1751 407 1820 οῦτοι
426 1755 609 1844 καλουμένῃ,
639 1752 657 1822 ό
679 1755 710 1820 δέ
729 1751 801 1836 Σὴθ
818 1759 913 1841 τρίτος
933 1751 1000 1830 υίός
1018 1752 1088 1837 μετύ
1107 1751 1159 1820 τόν
1170 1754 1259 1839 ’Ἅβελ
1275 1758 1438 1840 γεννηθείς
1453 1761 1488 1844 τῇ

328 1859 470 1948 λεγομένη
486 1855 578 1924 αῦτοῦ
593 1855 705 1947 ἀδελφῇ
719 1856 851 1944 Ἀζουργῖ.
886 1855 1028 1942 Γεγόνασι
1042 1858 1074 1923 δέ
1088 1863 1129 1946 τῷ
1142 1855 1234 1941 Ἀδοίμ
1247 1860 1299 1924 καί
1313 1855 1399 1922 ῦλλοε
1413 1859 1487 1936 υἱοί,

331 1955 372 2035 τίς
386 1955 407 2042 ἦ
423 1958 527 2043 Λεπτὴ
542 1962 659 2036 Γένεσις
674 1961 814 2046 περιέχει,
836 1961 920 2025 ἐννέα
936 1958 1006 2042 μετό
1022 1957 1091 2036 τοῦς
1105 1968 1181 2045 τρεῖς
1196 1959 1332 2036 τούτους·
1354 1955 1399 2036 οἱς
1413 1957 1489 2026 είναι

329 2059 409 2151 αύτῷ
429 2061 485 2128 δύο
499 2064 552 2146 μὲν
566 2064 743 2150 θυγατέρας,
766 2061 892 2149 ι’έρρενοις
907 2062 939 2128 δέ
953 2065 1091 2142 δεκαδύο,
1113 2064 1165 2128 ένα
1179 2063 1232 2146 μέν
1246 2061 1488 2140 ύποκτανθέντσ,

329 2167 431 2232 ἕνδεκα
452 2167 485 2232 δέ
501 2168 744 2251 περιλειφθέντας
761 2173 801 2254 τῷ
818 2169 882 2254 βίφ.
918 2162 1015 2249 Ἔχεις
1036 2166 1069 2230 δέ
1084 2167 1136 2230 καλ
1153 2164 1265 2232 τούτων
1281 2163 1335 2247 τήν
1351 2166 1489 2246 ἔμφασιν

329 2271 360 2334 έν
379 2277 415 2358 τῇ
432 2271 547 2334 Γενίσει
565 2277 619 2334 τοῦ
638 2267 761 2350 Κόσμον
781 2270 832 2332 καί
850 2266 953 2358 προίεη
971 2271 1064 2357 βίβλῳ
1081 2267 1163 2354 παραὶ
1180 2275 1310 2334 Μωῦσεῖ
1322 2265 1407 2332 οῦτιο
1428 2294 1488 2350 φα-

328 2369 453 2461 σκούση·
488 2375 549 2437 Καὶ
569 2375 668 2456 έζησεν
686 2369 778 2452 Ἀδύμ
800 2373 850 2453 έτη
872 2368 1025 2436 ἐννακόσια
1046 2369 1219 2456 τριάκοντα,
1248 2370 1299 2436 καί
1323 2369 1485 2454 ἐγέννησεν

328 2471 414 2549 υέούς
436 2477 484 2539 καί
508 2476 688 2560 θυγατέρας,
712 2474 763 2538 καί
785 2471 926 2539 α’πέθανε.

202 2566 268 2634 st.
283 2565 311 2629 ἵ·
415 2579 651 2643 Πλατυνθέντων
667 2577 699 2642 δέ
714 2583 772 2640 νῦν
786 2573 974 2659 ύνθρούπων,
1002 2578 1054 2640 καί
1068 2581 1122 2658 τῆς
1137 2582 1238 2662 γενεᾶς
1253 2581 1306 2640 τοῦ
1319 2571 1416 2656 Ἀδοίμ
1437 2578 1487 2642 έπ-

207 2660 258 2707 '’⁸‘'
271 2649 315 2694 ω’
330 2680 544 2761 εκτεινομένης,
567 2676 587 2763 η
603 2677 737 2764 ἀκρίβεια
752 2674 772 2761 ἡ
787 2677 862 2744 κατό
875 2676 927 2743 τόν
940 2676 1036 2764 γόμον
1051 2676 1103 2744 τόν
1118 2675 1226 2761 σεμνόν
1239 2675 1416 2742 ἐπλατύνετο
1435 2706 1489 2744 κα-

328 2784 418 2864 θεξῆς
432 2783 652 2866 προβαίνουσα,
673 2783 724 2847 καί
741 2783 859 2866 ἐπείπερ
875 2782 1011 2867 γεγόνασι
1027 2785 1130 2858 παῖδες
1146 2787 1187 2869 τῷ
1199 2777 1291 2862 Ἀδύμ
1308 2779 1357 2844 καί
1373 2785 1488 2856 παῖδες

328 2887 458 2964 παίδων,
491 2885 651 2970 θυγατέρες
672 2885 704 2949 δέ
726 2886 759 2950 ἐκ
775 2882 887 2950 τούτων
901 2880 976 2950 κατό
993 2883 1133 2967 διαδοχήν
1148 2884 1252 2969 γένους
1268 2879 1488 2966 ἐγεννήθησαν,

328 2984 435 3052 λοιπδν
455 2983 553 3053 ούκέτι
570 2986 623 3063 τοῖς
639 2984 736 3052 αύτῦυ
753 2984 884 3067 όδελφιίς
901 2983 976 3072 πρός
991 2984 1086 3071 γόμον
1101 2984 1225 3072 ἤγοντο,
1257 2981 1327 3049 όλλύ
1343 2987 1382 3060 είς
1398 2983 1488 3052 εῦνο-

329 3093 398 3172 μίαν
415 3091 538 3173 κατέστη
559 3092 611 3156 καί
632 3087 690 3175 πρό
712 3094 766 3155 τοῦ
782 3086 833 3154 διδ
850 3090 1008 3164 Μωῦσέως
1024 3088 1175 3175 έγγρόφου
1191 3087 1286 3170 νόμου
1303 3084 1321 3153 ό
1336 3085 1413 3152 κατοί
1431 3087 1489 3155 τόν

327 3191 433 3274 σεμνόν
453 3195 548 3278 γόμον
568 3190 695 3276 θεσμός,
726 3194 777 3258 καί
799 3194 831 3258 έκ
850 3197 910 3256 τοῖν
930 3193 1144 3277 πατραδέλφων
1165 3188 1264 3256 αύτοῖν
1285 3189 1338 3267 τιίς
1353 3188 1489 3275 γαμετιίς

327 3296 440 3361 έαυτῶν
457 3293 570 3382 ἤγοντο.
616 3297 677 3360 Καί
695 3293 790 3371 οὕτως
805 3295 1031 3377 πλατυνομένων
1049 3291 1115 3379 ῦρτι
1131 3299 1191 3359 τιῦν
1206 3290 1376 3380 οίνθροίπιιν
1392 3293 1486 3378 ἐμίγη

328 3396 364 3462 τό
379 3397 432 3464 δύο
449 3401 534 3484 γένη,
556 3405 609 3463 τοῦ
625 3424 653 3462 τε
669 3396 748 3462 Κόϊν
765 3394 842 3482 πρός
856 3393 888 3462 τό
905 3398 989 3482 γένος
1003 3401 1056 3462 τοῦ
1069 3393 1158 3479 Σὴθ,
1180 3397 1232 3462 καί
1248 3402 1303 3461 τοῦ
1318 3393 1489 3492 Σηθχπρός

328 3501 471 3587 θότερον,
504 3504 555 3567 καί
574 3499 610 3566 τοί
633 3499 703 3565 ύλλοι
722 3507 782 3565 ’τῶν
804 3503 879 3564 υίοῦν
899 3507 952 3564 τοῦ
969 3497 1061 3582 Ἀδύμ
1080 3501 1158 3585 γένη.
1200 3496 1357 3564 Ἐντεῦθεν
1375 3499 1488 3564 λοιπόν

328 3611 381 3668 τοῦ
395 3612 599 3688 κατακλυσμοῦ
616 3602 710 3690 όίρδην
726 3600 758 3667 τό
775 3609 835 3667 πᾶν
850 3610 903 3685 τῆς
918 3601 1046 3680 στάσεως
1061 3609 1119 3668 τοῖν
1136 3599 1307 3686 όνθροόπων
1322 3597 1488 3668 α’πολέσαν-

329 3732 379 3780 τος
395 3707 628 3787 διαπεφύλακται
649 3705 741 3789 μόνος
757 3712 843 3782 Νοῖε,
874 3701 968 3790 εύροίν
989 3703 1074 3789 χύριν
1096 3703 1177 3788 παροί
1198 3709 1239 3792 τῷ
1256 3709 1336 3792 θεῷ,
1368 3705 1489 3778 δίκαιος

330 3805 463 3892 εόρεθείς
479 3812 509 3873 ἐν
524 3818 560 3899 τῇ
576 3807 639 3875 κατ’
654 3812 747 3875 έκεῖνο
763 3813 869 3892 καιροῦ
885 3814 982 3896 γενεᾷ·
1005 3805 1136 3892 λύρναιια
1152 3808 1183 3872 δὲ
1197 3803 1271 3872 κατδ
1286 3804 1323 3870 ταί
1336 3802 1395 3888 ἤδη
1411 3804 1487 3892 πρό-

331 3934 415 3996 τερον
432 3907 504 3992 ἡμῖν
525 3914 662 3994 εἰρημένα
680 3909 890 3977 κατεσκεύασεν
911 3912 1006 3998 ἐαυτῷ
1027 3911 1060 3974 ἐκ
1077 3907 1297 3994 προςτόγματος
1318 3915 1412 3986 θεοῦ,
1446 3907 1488 3984 τίς

332 4015 446 4098 ἔχουσιν
460 4016 493 4077 αἱ
505 4011 644 4096 όληθιναλ
659 4016 782 4102 γραφαί,
805 4015 837 4078 έν
851 4005 872 4101 ᾗ
887 4016 1085 4078 διασεσῶσθαι
1102 4009 1123 4094 ἦ
1138 4007 1213 4094 αῦτη
1227 4008 1335 4092 φάσκει
1347 4015 1401 4094 της
1415 4009 1486 4094 ἄλη

330 4122 415 4191 θείας
430 4117 533 4199 βίβλος
554 4113 645 4180 αύτόν
665 4143 695 4183 τε
715 4119 765 4183 καί
785 4113 838 4191 τός
856 4116 1067 4199 προειρημένας
1086 4112 1165 4204 αύτῷ
1188 4113 1249 4198 δμα
1272 4110 1346 4179 έπτύ
1368 4115 1486 4196 ψῦχός·

331 4221 408 4302 φημί
425 4219 456 4284 δὲ
468 4216 521 4302 τήν
534 4241 564 4282 τε
580 4219 658 4284 ἰδίαν
671 4217 797 4306 σύζυγον
812 4219 863 4284 καί
875 4215 947 4294 τούς
961 4225 1039 4302 τρεῖς
1050 4215 1147 4296 υίοῦς,
1168 4213 1312 4302 γυναῖκές
1325 4240 1358 4282 τε
1371 4215 1488 4282 τοῦτον

331 4317 441 4404 δμοίως
453 4330 538 4407 τρεῖς.
579 4317 630 4385 Ἐκ
644 4319 751 4388 τούτου
766 4321 798 4387 δέ
812 4325 938 4403 λείψανα
953 4327 1128 4406 γεγενῆσθαι
1142 4325 1194 4403 τῆς
1208 4315 1283 4394 mad
1297 4315 1352 4384 τόν
1366 4317 1486 4404 ῦνθριο-

332 4449 389 4490 πον
404 4423 568 4500 συοτόσεως
588 4425 620 4489 έν
637 4420 739 4512 κόσμῳ
755 4422 842 4490 πόλιν
861 4421 882 4507 ἡ
899 4420 1024 4508 όλήθεια
1040 4427 1223 4508 συνίστησιν·
1256 4421 1331 4490 ὅθεν
1347 4421 1427 4488 ιιατιί
1441 4447 1485 4508 γε·
