3110 4984
351 318 487 374 rsunnrr
505 321 582 376 nur.
599 321 768 374 namneus
786 323 1012 376 unstrout
1216 311 1256 374 85

81 443 265 526 pleraque,
289 443 494 525 praedicantur
512 441 710 522 nihilominus,
733 463 769 505 ac
785 451 920 525 tunquam
937 441 975 506 ab
991 441 1148 506 excellenti
1167 441 1255 506 disci-

82 545 175 628 plina
206 545 339 627 prolecta
360 563 471 608 summa
493 543 689 608 ostentatione
710 543 906 608 celebrantur.

327 865 630 942 ADVERSUS
656 865 1036 960 Pflafflsnsos,

241 1011 324 1082 quae
351 993 403 1061 est
427 986 574 1062 haeresis
599 985 759 1060 Iudaismi
777 985 864 1079 111„
891 987 1005 1061 ordine
1023 983 1116 1060 xvt.

188 1153 357 1218 Secundum
372 1153 471 1217 ambas
486 1153 551 1218 illas
568 1153 700 1236 proxime
716 1151 943 1218 Pharisaeorum
960 1153 1091 1217 haeresis
1108 1153 1251 1238 sequitur,
1273 1163 1331 1234 cap.
1350 1175 1368 1223 r,

85 1255 227 1320 alterius
252 1256 387 1340 generis,
416 1255 530 1320 tametsi
551 1275 616 1320 cnm
634 1251 765 1332 Scribis,
796 1275 869 1338 quos
890 1251 982 1338 Legis
1004 1255 1141 1318 doctores
1161 1255 1252 1320 inter·

86 1367 276 1442 prematur,
309 1358 411 1422 eadam
439 1357 594 1420 sentirent.
647 1353 721 1422 Cum
750 1356 786 1420 iis
817 1356 894 1419 enim
924 1356 998 1440 legis
1025 1377 1138 1441 qnoque
1168 1358 1252 1442 periti

89 1459 254 1524 coniuncti
274 1467 368 1522 crant.
413 1459 455 1522 At
471 1456 624 1523 Pharisaei
647 1458 683 1522 ad
706 1457 808 1521 horum
833 1457 906 1521 ritus
930 1457 986 1522 alia
1009 1478 1112 1522 rursus
1134 1458 1252 1522 adiicie-

89 1561 194 1638 bant,
227 1571 257 1623 ct
280 1559 480 1624 seramcrihus
504 1579 537 1624 se
566 1559 707 1623 institutis
734 1557 964 1622 adstrinxerunt.
1019 1555 1144 1642 Quidam
1173 1562 1250 1624 euim

93 1683 166 1724 cnm
185 1683 257 1725 snas
272 1663 335 1726 illas
350 1660 579 1725 exercitationes
597 1659 779 1738 adhiberent,
804 1661 922 1738 decern,
946 1660 994 1724 vel
1012 1670 1090 1740 octo,
1113 1661 1160 1726 vel
1181 1683 1252 1747 qua·

92 1773 170 1824 tuor
197 1783 337 1826 annornm
360 1763 414 1826 sibi
433 1763 526 1848 spatia
544 1762 742 1848 prodigebant
757 1761 860 1846 quibas
878 1761 1074 1846 virginitatem
1095 1774 1145 1827 ant
1164 1765 1252 1828 casti-

92 1865 231 1928 moniam
251 1857 400 1945 colereotq
425 1864 480 1928 hoc
496 1875 609 1950 tempus
626 1863 773 1928 continuis
792 1861 927 1948 precibus
945 1863 1151 1944 traducebant,
1176 1875 1205 1928 et
1223 1866 1250 1928 id

90 1965 273 2030 certaminis
295 1965 476 2049 frequentius
495 1964 714 2041 instaurabant,
738 1985 776 2029 ne
799 1965 887 2028 ullam
909 1963 1042 2050 corporis
1065 1965 1159 2029 labem
1182 1987 1252 2030 con·

91 2067 269 2145 traherent,
289 2087 365 2130 neve
380 2066 478 2130 lurtiur
494 2077 578 2152 turpe
591 2065 706 2151 aliquod
722 2065 752 2130 in
767 2066 880 2130 somnis
893 2065 1065 2148 profluvium
1082 2067 1248 2151 obreperet.

92 2167 188 2253 Ergo
206 2167 254 2231 alii
272 2167 383 2232 tabulas
398 2169 434 2232 ad
452 2187 518 2232 eum
535 2189 619 2232 nsurn
636 2168 793 2253 parabant,
816 2166 968 2232 latitudine
986 2188 1045 2232 nou
1060 2169 1182 2253 amplius
1200 2170 1251 2232 dc-

90 2269 248 2344 draotali,
274 2269 304 2332 iu
326 2269 429 2353 quibus
450 2279 516 2355 post
537 2289 689 2355 uesperam
713 2269 866 2346 iacebant,
897 2279 928 2332 ut
949 2270 974 2332 si
996 2270 1122 2334 fortasse
1144 2270 1251 2334 durmi-

92 2383 188 2448 rent,
220 2370 249 2433 in
274 2372 467 2455 pavimentum
494 2372 619 2457 prolapsi
643 2390 759 2435 rursum
783 2391 817 2434 se
840 2373 875 2434 nd
901 2370 1041 2436 orandum
1066 2370 1248 2450 excitarcutp

92 2495 155 2558 quo
180 2471 279 2534 sumni
301 2475 395 2556 quoad
418 2473 522 2538 liceret
544 2484 682 2558 expertes
705 2483 830 2536 actuum
856 2471 1063 2556 transigerent.
1109 2473 1167 2536 Alii
1190 2475 1250 2536 ccl-

93 2577 200 2638 leetos
223 2572 351 2638 calculos
374 2574 616 2654 substernebant,
646 2595 769 2658 quorum
793 2573 940 2637 vellicatio
965 2572 1179 2658 profundiorem
1201 2596 1251 2637 so·

92 2697 206 2740 nuum
227 2685 361 2752 arceret,
393 2686 424 2739 ut
449 2676 497 2742 vel
519 2675 603 2740 inviti
627 2675 786 2761 pervigiles
811 2695 878 2739 esse
900 2686 1139 2740 consuescerent.
1182 2675 1250 2741 Nec

93 2782 227 2844 teroem
254 2777 300 2860 qui
325 2776 429 2840 iisdem
457 2777 492 2841 dc
521 2777 634 2842 caussis
660 2777 760 2862 spinas
787 2775 976 2841 subiicerent.
1022 2773 1180 2842 Caeterum
1205 2777 1250 2844 bis

94 2876 286 2944 monada
313 2899 426 2962 quaque
454 2879 586 2944 ieiunare
614 2899 677 2942 mos
703 2878 762 2941 illis
792 2877 865 2955 luit,
899 2881 1027 2942 secunda
1053 2878 1191 2944 videlicet
1214 2899 1250 2944 ac

95 2983 206 3066 quinta
228 2979 285 3042 die.
328 2979 377 3043 Ad
401 2981 472 3046 haec
491 2981 666 3045 decimarum
686 2980 813 3043 decimas
835 2978 957 3059 dahnutq
981 2979 1122 3066 primitias
1143 2981 1250 3044 olfere-

95 3085 189 3160 hant‚
216 3080 379 3144 tricesimas
403 3093 433 3145 et
450 3082 720 3167 quinquagesimam
744 3080 886 3145 sacrificia
906 3091 1030 3165 votaque
1054 3103 1107 3146 sua
1131 3103 1250 3146 accura-

96 3183 219 3248 tissime
234 3183 451 3266 persolvebant.
496 3179 602 3248 Cultus
621 3183 698 3246 idem
714 3181 772 3246 illis
788 3183 836 3267 qui
852 3193 884 3247 ct
901 3179 1031 3262 Scribis,
1055 3183 1090 3246 de
1108 3205 1164 3267 quo
1182 3202 1250 3266 pru·¹

94 3287 182 3350 airam
205 3284 391 3363 dictumest,
415 3285 506 3349 vestis
523 3285 635 3356 scilicet
655 3305 690 3347 ac
711 3284 841 3368 reliquus
864 3283 996 3369 corporis
1018 3285 1142 3348 habitus.
1188 3284 1248 3348 Sed

96 3399 127 3449 et
145 3384 305 3450 muliebria
325 3387 441 3470 palliola
457 3386 628 3470 gestabant,
652 3397 683 3450 ct
700 3407 765 3450 curn
786 3385 938 3450 latioribus
957 3385 1083 3471 crepidis
1098 3405 1133 3450 ae
1154 3384 1248 3448 solua·

97 3509 163 3552 eum
184 3486 284 3570 ligulis
297 3489 459 3572 procedere
473 3488 618 3553 solebant.
663 3485 722 3570 Qui
736 3488 803 3552 iden
817 3484 968 3552 Pharisaei
986 3485 1054 3550 dicti
1069 3497 1147 3564 suut,
1171 3488 1248 3569 quod

96 3599 206 3654 essem
224 3599 344 3673 propter
357 3589 530 3653 adscititiam
545 3589 623 3654 illam
639 3590 929 3674 superstitiosamque
946 3587 1125 3671 disciplinam
1146 3608 1163 3650 a
1182 3587 1249 3652 reli·

96 3691 165 3775 qnis
187 3689 325 3754 seiuncti.
369 3688 482 3754 Pharas
501 3691 577 3754 enim
595 3689 741 3756 llebrsioe
757 3691 972 3774 separationem
987 3689 1142 3772 significat.

186 3787 373 3854 Mortuerum
400 3813 488 3877 porro
516 3793 763 3856 resurrectionem
790 3811 957 3878 persuasam
986 3790 1140 3855 habebant.
1183 3791 1249 3856 Au·
1267 3811 1327 3878 esp.
1345 3813 1375 3862 rr.

97 3895 186 3978 gelos
213 3915 248 3956 ac
271 3891 402 3978 spiritum
423 3913 489 3958 esse
514 3894 683 3960 credebaut
727 3891 789 3960 Sed
813 3905 843 3958 ut
864 3891 972 3957 caeteri
993 3891 1040 3956 dei
1058 3893 1146 3958 lilium
1166 3894 1249 3980 igno·

98 4079 154 4127 pap.
168 4061 214 4114 22.
238 4065 339 4112 acad.
355 4064 582 4128 recusauerat.
593 4079 661 4128 repo·
696 4067 772 4118 Vmct.

99 4127 267 4184 moed.
299 4132 661 4196 lttcrtctrtnuohqerettnttl’e-
730 4134 768 4185 ¹0.
785 4129 1027 4200 apueepquspcml.
1044 4135 1118 4184 venet

100 4203 197 4258 miss,
223 4193 392 4264 ιαὀνββπι
324 4199 535 4250 ονιιὺόιιιιιόιιιι
549 4204 661 4262 talerper-
729 4203 767 4252 ll.
816 4199 930 4252 samalus
945 4185 996 4251 hod.
1011 4201 1085 4250 l'enct

101 4271 168 4327 teau,
193 4263 536 4346 ιιινιιιιιιιηισόββιτα.
570 4269 662 4318 Ntcetor
729 4267 1247 4330 12.auratarumtcscctmestlcr.scott-

105 4301 345 4416 medeamur,
348 4330 371 4396 ,d
370 4329 662 4432 rup'crmmhldthub·
693 4349 741 4398 per.
775 4333 1101 4399 Fmsrrncreponcudmd
1122 4332 1250 4392 πλατείαις

105 4398 191 4466 βότιν,
209 4393 269 4468 ἤτοι
282 4350 400 4464 heordpen
414 4399 615 4468 sanctum
694 4409 816 4488 spasmo

731 4470 770 4522 1³.
786 4467 832 4536 τὴν
848 4487 897 4536 παρ
898 4465 1073 4529 ’iturum
1090 4471 1165 4520 Vena.

133 4533 222 4589 haul
243 4528 340 4596 τός’
310 4469 390 4604 adqui<
410 4505 590 4604 deputam
611 4541 662 4592 cod.
731 4538 789 4590 cna
807 4541 888 4590 ll.-
923 4541 943 4590 1.
962 4553 990 4591 re
1006 4538 1057 4590 ced.
1074 4537 1129 4587 Veri.
